3742 5392
1618 503 1746 561 Au.
1792 504 1932 561 1554
2073 454 2078 460 Π
2907 504 3017 563 169

538 646 916 727 mentiare,
951 656 1054 725 et,
1088 648 1151 710 si
1190 647 1323 711 sibi
1362 648 1639 725 liceret,
1675 657 1923 729 optare
1953 667 2030 712 se
2076 650 2148 712 in
2188 648 2340 730 ejus
2384 650 2539 713 loco
2571 668 2760 726 esse,
2793 660 2862 713 et
2892 651 3009 713 ad-

542 755 721 819 didit
765 754 955 835 quod
996 772 1139 819 non
1180 763 1461 835 poterat
1502 772 1646 819 non
1690 756 2057 820 exhortari
2099 774 2259 821 eum
2303 757 2396 820 ad
2446 758 2672 821 bonas
2719 756 3010 820 Domini

540 863 1048 941 inspirationes
1087 863 1513 943 sequendas;
1549 863 1937 927 inclinabat
1984 872 2220 927 tamen
2261 864 2496 944 aliquo
2539 864 2748 928 modo
2778 874 2885 942 ut,
2919 866 3014 927 ad

542 968 797 1033 matris
839 970 1400 1032 consolationem
1421 1018 1435 1046 ,
1468 969 1906 1033 Florentiam
1947 970 2367 1034 mitteretur.
2414 969 2726 1051 SubJ‘ecit
2765 970 2843 1035 P.
2875 971 3040 1035 Lu-·

542 1076 843 1139 dovicus
872 1092 1359 1156 quaecumque
1380 1124 1394 1153 ,
1429 1078 1614 1140 bona
1645 1094 1807 1140 cum
1837 1078 2292 1155 conscientia,
2330 1086 2567 1157 posset
2595 1077 3016 1157 P21gnatius

542 1182 807 1261 facere,
859 1180 936 1245 P.
991 1182 1344 1260 Ignatium
1385 1184 1474 1245 ob
1524 1182 1673 1261 ejus
1712 1184 2397 1248 commendationem
2445 1183 2831 1263 facturum;
2885 1186 3012 1248 sed

544 1299 622 1352 ut
677 1287 953 1352 videret
1009 1290 1167 1369 ipsa
1222 1306 1311 1351 ne
1352 1306 1556 1352 suam
1595 1291 2106 1354 conscientiam
2146 1291 2460 1371 periculo
2500 1300 2918 1372 exponeret,
2951 1292 3014 1355 si

540 1394 878 1476 Juvenem
914 1396 1112 1459 illum
1141 1398 1349 1475 gravi
1379 1396 1694 1476 periculo
1724 1397 1987 1475 exponi
2009 1395 2366 1477 J'ussisset;
2399 1407 2469 1461 et
2498 1400 2829 1479 quamvis
2867 1416 3014 1462 non

540 1502 723 1565 ursit
750 1500 1059 1566 Ducissa
1100 1504 1487 1567 adventum
1523 1501 1838 1582 juvenis,
1873 1505 2159 1568 hortata
2191 1516 2426 1568 tamen
2457 1515 2564 1568 est
2593 1505 2670 1570 P.
2708 1504 3015 1569 Ludovi·

545 1626 707 1672 cum
730 1620 807 1672 ut
823 1608 1145 1690 juveneS,
1173 1610 1419 1672 decem
1441 1619 1511 1672 et
1543 1609 1557 1640 ¹
1584 1622 1854 1691 septem
1879 1612 2085 1674 annis
2109 1612 2439 1691 minores,
2475 1610 2667 1693 [non]
2693 1613 3054 1676 admitte-⁸

544 1729 677 1795 ret,
711 1734 799 1779 ne
827 1713 1232 1795 hujtismodi
1259 1733 1582 1780 rumores
1611 1718 1906 1781 excitati
1928 1718 2032 1781 eis
2050 1728 2410 1781 nocerent.
2446 1718 2603 1799 Ipse
2635 1719 3012 1783 concilium

548 1823 913 1905 opposuit,
952 1826 1029 1885 in
1056 1840 1197 1902 quo
1228 1834 1427 1886 aetas
1456 1825 1970 1903 praescribitur
2013 1825 2612 1889 admittendorum
2639 1826 2684 1885 ³.
2717 1825 3014 1907 Recepit

548 1930 833 1994 demum
862 1929 1168 1993 Ducissa
1198 1948 1275 1993 se
1298 1930 1484 1993 Duci
1509 1930 2062 2010 satisfacturam,
2096 1930 2304 2012 hujus
2324 1932 2427 1995 rei
2454 1934 2829 1996 veritatem
2852 1951 3018 1997 eum

556 2037 940 2101 edocendo.

668 2144 810 2206 351.
898 2142 987 2207 Et
1038 2161 1201 2207 cum
1253 2144 1646 2224 Episcopus
1697 2145 2157 2210 Cortonensis
2205 2147 2636 2210 Florentiam
2688 2148 3013 2212 rediisset

550 2251 833 2327 (missus
859 2251 1049 2313 enim
1076 2250 1309 2314 suerat
1338 2252 1412 2314 in
1440 2252 1781 2330 Angliam
1808 2253 2017 2315 novis
2045 2252 2224 2334 Regi
2256 2272 2342 2316 ac
2365 2253 2683 2333 Reginae
2715 2272 3012 2335 congra-

550 2360 904 2420 tulaturus
932 2356 1013 2436 ⁸);
1046 2359 1330 2434 multOS,
1365 2358 1590 2438 inquit
1629 2357 1970 2439 Ducissa,
2002 2377 2296 2439 sparsos
2333 2362 2655 2425 invenies
2696 2378 3014 2425 rumores

550 2472 801 2527 contra
829 2462 1255 2529 Societatem
1284 2464 1451 2547 Jesu
1480 2475 1771 2546 propter
1800 2477 2002 2530 tuum
2038 2478 2366 2548 nepotem
2384 2518 2398 2546 ,
2434 2470 2586 2549 qui,
2619 2487 2782 2532 cum
2819 2487 3014 2533 mun-

552 2571 722 2635 dum
763 2573 1156 2653 reliquerit,
1188 2574 1491 2637 mundus
1534 2583 1779 2637 contra
1826 2592 1988 2638 eum
2030 2576 2369 2653 surrexit3
2405 2578 2530 2640 sed
2573 2594 2708 2657 ego
2739 2578 3014 2657 quibus-

550 2679 715 2742 dam
739 2679 1094 2759 respondi,
1120 2681 1241 2759 qui
1270 2680 1405 2743 hac
1430 2680 1516 2743 de
1545 2698 1621 2743 re
1650 2682 2140 2761 loquebantur,
2157 2692 2237 2745 -te
2261 2682 2665 2747 praelatum
2687 2700 2842 2746 esse
2866 2693 3014 2747 tam

553 2786 1050 2864 christianum,
1084 2796 1159 2849 ut
1190 2787 1377 2849 aliud
1414 2787 1601 2850 nolis
1628 2802 1841 2867 quam
1881 2789 2070 2868 quod
2111 2789 2496 2854 secundum
2530 2790 2662 2853 Dei
2693 2793 3012 2854 volunta-

552 2902 695 2956 tem
734 2894 846 2955 sit.
880 2892 1269 2973 Respondit
1312 2903 1547 2957 autem
1584 2893 1981 2975 Episcopus
2019 2908 2318 2960 matrem
2345 2898 2642 2979 Joannis
2679 2898 2856 2961 alios
2895 2899 3017 2961 ha-

552 3000 719 3063 bere
747 3000 960 3079 filios,
992 2999 1405 3081 significans
1441 3002 1628 3064 nolle
1670 3018 1747 3064 se
1783 3001 2070 3081 juvenis
2111 3021 2364 3084 pacem
2393 3005 2841 3084 perturbare;
2876 3004 3014 3067 duo

552 3116 789 3170 tamen
819 3125 909 3170 ex
946 3107 1211 3171 nostris
1248 3107 1698 3171 scholasticis
1729 3111 1914 3171 hanc
1948 3109 2038 3172 ob
2067 3126 2362 3173 causam
2392 3130 2433 3173 a
2462 3112 2726 3174 nostris
2755 3112 3018 3175 scholis

558 3214 844 3277 abducti
872 3224 1069 3293 sunt,
1100 3226 1171 3278 et
1200 3215 1383 3278 forte
1411 3216 1731 3296 pluribus
1760 3215 1945 3280 idem
1978 3216 2237 3280 accidit
2263 3215 2310 3275 ⁴.

673 3321 813 3385 352.
901 3320 1167 3385 Eodem
1196 3332 1517 3400 tempore
1547 3320 1764 3396 filim,
1798 3324 1920 3401 qui
1949 3323 2130 3387 Duci
2169 3336 2380 3389 natus
2410 3325 2673 3404 suerat,
2708 3328 3016 3407 baptiza-

552 3440 667 3491 tus
696 3429 847 3508 fuit,
882 3442 951 3493 et
990 3431 1349 3510 patrinum
1372 3431 1541 3507 egit,
1574 3430 1858 3492 nomine
1892 3430 2108 3511 Regis
2137 3431 2442 3511 Angliae
2473 3432 2801 3515 Philippi,
2835 3433 3020 3496 Mar·

558 3538 717 3599 chio
746 3536 1129 3600 Pescariae
1161 3535 1205 3595 ³.

557 3678 602 3685 —.-

642 3745 653 3773 Ι
712 3743 814 3787 Ubi
834 3755 925 3787 nos
946 3747 996 3787 et
1016 3744 1288 3787 scribimus
1302 3776 1313 3797 ‚
1336 3752 1431 3787 ms.
1453 3745 1612 3788 habet
1631 3746 1751 3795 aut:
1771 3744 1862 3787 sed
1881 3754 2031 3787 error
2051 3744 2264 3787 evidens
2282 3751 2378 3788 est.

637 3816 659 3844 '⁸
715 3812 871 3858 Conc.
892 3813 1053 3868 Trld„
1074 3824 1200 3858 sess,
1222 3825 1349 3867 xxv,
1370 3824 1484 3868 cap.
1508 3826 1597 3867 xv,
1617 3813 1683 3857 de
1707 3814 2090 3867 Regularibus.
2113 3812 2216 3857 Sed
2246 3815 2428 3859 mirum
2461 3821 2540 3859 est
2561 3816 2660 3859 hoc
2681 3814 2896 3860 Concilii
2915 3824 3027 3861 stn-

558 3890 743 3939 tutum,
764 3886 899 3939 quod
919 3884 1117 3929 nonnisi
1140 3896 1275 3929 anno
1298 3884 1403 3927 1563
1418 3885 1805 3939 promulgatum
1826 3894 1921 3938 est,
1937 3886 2050 3941 jam
2078 3886 2174 3929 hoc
2205 3896 2338 3929 anno
2369 3886 2475 3930 155⁴
2505 3886 2652 3931 Patri
2671 3886 2941 3932 Ludovico
2960 3890 3026 3932 de

558 3954 817 3999 Condreto
837 3956 1137 4000 innotuisse.
1158 3956 1223 4000 Ni
1248 3956 1465 3999 velimus
1482 3956 1672 4009 dicere,
1694 3957 1827 4011 quod
1850 3967 1980 3999 vero
2009 3956 2178 4001 simile
2208 3963 2307 4006 est.
2339 3956 2556 4001 concilii
2585 3964 2809 4003 mentem
2839 3959 2892 4003 in
2925 3960 3026 4005 hac

557 4034 727 4083 parte,
746 4028 883 4072 sicut
903 4028 955 4071 in
976 4029 1111 4080 aliis,
1126 4028 1235 4083 Jam
1257 4028 1375 4072 inde
1394 4031 1461 4072 ab
1483 4028 1629 4073 initio
1652 4034 1829 4072 notam
1852 4028 2028 4073 fuisse.

638 4099 663 4131 ³
714 4099 929 4144 “Mando
960 4102 993 4143 il
1026 4099 1172 4145 Duca
1191 4100 1239 4143 di
1276 4099 1493 4144 Firenze
1522 4111 1615 4154 per
1645 4106 1824 4154 queste
1852 4112 2006 4144 nozze
2023 4099 2269 4154 (Mariae,
2288 4101 2514 4155 Angliae
2544 4102 2802 4157 Reginae,
2827 4111 2881 4149 et
2911 4104 3027 4149 Phi·

559 4172 683 4227 lippi
712 4171 799 4227 11),
821 4172 885 4217 M.
905 4172 1323 4217 Giouambatieta
1345 4173 1413 4216 da
1442 4172 1670 4217 Ricasoli
1695 4172 1933 4217 vescovo
1954 4174 2006 4216 di
2036 4172 2266 4218 Cortana
2288 4173 2425 4227 (sic).
2449 4175 2698 4231 Anniam,
2719 4178 2748 4219 l.
2770 4188 2814 4219 c.
2835 4178 3026 4232 pagina

558 4245 655 4298 ⁴⁴5,
677 4243 733 4290 C.

638 4317 665 4350 ⁴
716 4314 802 4360 “Ci
825 4316 1215 4369 ranegrassimo
1236 4317 1284 4359 d‘
1302 4316 1570 4360 intendere
1587 4317 1601 4359 i
1608 4318 1623 4358 l
1645 4314 1894 4360 cristiano
1911 4328 1938 4358 e
1958 4323 2110 4360 santo
2132 4316 2294 4360 officio
2313 4318 2410 4361 che
2425 4318 2495 4362 ha
2511 4319 2649 4364 fatto
2666 4321 2719 4364 la
2735 4319 3030 4367 Illustrissi-

562 4399 645 4432 ma
674 4386 899 4442 signora
929 4388 1199 4432 Duchessa
1218 4390 1302 4432 col
1322 4387 1564 4431 Vescovo
1584 4388 1635 4431 di
1656 4386 1886 4431 Cortona
1905 4388 1969 4431 ed
1997 4398 2129 4432 anco
2149 4388 2232 4432 del
2251 4390 2419 4433 buono
2439 4391 2588 4434 modo
2607 4391 2692 4435 del
2712 4391 2954 4438 Vescovo
2977 4396 3029 4439 in

560 4464 828 4505 accettnre
856 4461 905 4504 le
934 4462 1117 4515 parole
1136 4460 1187 4503 di
1206 4472 1304 4504 sun
1325 4458 1631 4505 Eccellenza
1660 4460 1723 4503 ed
1754 4462 1790 4503 il
1822 4460 1960 4504 fatto
1981 4460 2062 4503 del
2079 4459 2256 4515 utpote
2273 4472 2368 4506 suo
2390 4474 2534 4505 come
2563 4464 2615 4507 di
2642 4474 2740 4509 sna
2768 4467 3028 4519 prudenza

562 4532 605 4576 si
626 4542 869 4586 sperava.
890 4532 1003 4576 Non
1022 4534 1066 4576 si
1086 4536 1115 4577 e
1136 4532 1279 4577 detto
1298 4544 1330 4577 a
1352 4530 1609 4577 Giovanni
1632 4532 1858 4577 Ricasoli
1891 4533 1964 4587 gli
1991 4533 2170 4578 activa
2199 4534 2390 4587 perche
2419 4542 2506 4579 sta
2526 4536 2711 4579 adesso
2731 4545 2954 4591 ocupato
2977 4539 3028 4582 in

562 4604 645 4647 far
676 4604 751 4658 gu
784 4604 1042 4647 esserclzii
1077 4604 1336 4659 spirituali
1348 4617 1361 4659 ;
1383 4616 1525 4649 come
1560 4604 1633 4659 gli
1668 4604 1839 4649 havi-a
1873 4604 2023 4659 finiti,
2053 4607 2290 4649 κῆνοι-ὲ
2323 4609 2376 4649 al
2411 4605 2668 4661 Vescovo,
2701 4618 2846 4652 come
2870 4609 2934 4653 V.
2965 4610 3028 4653 R.

560 4676 763 4730 x·uole.„
780 4674 1050 4723 Polaticus.
1069 4687 1136 4719 ex
1150 4688 1299 4726 com..
1320 4676 1467 4719 Patri
1490 4676 1754 4720 Ludovico
1774 4678 1835 4720 de
1858 4676 2125 4729 Codretto,
2150 4678 2220 4720 1.·
2241 4677 2558 4722 Decembris.

642 4748 665 4779 ⁵
720 4745 1031 4791 Hernandns
1050 4748 1300 4802 Davalos,
1323 4749 1407 4803 qui
1428 4748 1527 4792 hoc
1549 4758 1776 4803 tempore
1799 4760 1831 4793 a
1851 4750 1993 4804 Rege
2026 4750 2260 4804 Philippo
2288 4750 2474 4794 missus
2503 4752 2674 4795 fuerat
2704 4760 2758 4796 ut
2791 4754 3033 4810 Neapoli-
