3742 5392
1631 487 1760 546 AN.
1809 487 1949 546 1554
2913 489 3022 548 513

537 642 938 712 eramenta,
987 633 1074 697 de
1119 633 1545 713 reverentia,
1579 651 1717 714 qua
1761 632 1983 697 Missa
2011 633 2365 698 audienda
2408 643 2589 713 erat,
2620 643 2690 700 et
2718 637 2861 700 alia
2904 639 3017 701 de-

547 755 765 818 mum,
800 757 983 820 quae
1011 741 1348 821 pietatem
1379 749 1447 804 et
1474 742 1704 804 bonos
1733 757 1971 804 mores
1999 740 2362 819 fovebant,
2395 742 2469 804 in
2498 742 2647 806 suis
2670 743 2817 807 -illis
2862 761 3017 808 ora-

545 847 880 910 tiunculis
908 848 1583 928 complectebantur,
1630 865 1812 929 quae
1843 847 1935 910 ad
1986 857 2305 913 mutuam
2336 851 2905 915 cohortationem
2948 860 3019 915 et

550 953 1090 1019 instructionem
1117 955 1478 1030 valebant;
1505 973 1639 1019 nec
1663 955 1908 1019 deerat
1930 956 2072 1037 qui,
2099 972 2263 1019 cum
2286 975 2415 1020 suo
2437 967 2640 1038 patre
2661 966 2731 1021 et
2750 957 3017 1024 famulo

543 1061 644 1125 ad
675 1062 1139 1126 christianam
1173 1061 1577 1127 doctrinam
1619 1063 1992 1144 accedenS,
2026 1064 2220 1128 domi
2261 1064 2513 1129 deinde
2556 1083 2756 1145 suae,
2788 1077 3018 1132 matre

551 1179 620 1234 et
644 1170 802 1234 aliis
825 1169 1295 1250 audientibuS,
1321 1187 1806 1251 quaecumque
1830 1172 2264 1235 meminisset
2286 1171 2654 1252 repetebat
2670 1174 2761 1237 ad
2784 1174 3017 1238 dome·

552 1279 894 1342 sticorum
925 1277 1509 1342 aedificationem:
1544 1277 1676 1341 fuit
1705 1278 1921 1342 etiam
1949 1296 2042 1342 ex
2068 1279 2179 1342 his
2208 1280 2655 1343 scholasticis
2684 1281 2829 1362 qui,
2856 1297 3021 1345 cum

544 1381 918 1464 jurgantes
945 1385 1018 1447 in
1047 1385 1210 1448 vico
1241 1385 1587 1466 quosdam
1617 1385 1940 1449 homines
1968 1387 2349 1466 reperisset
2371 1434 2387 1465 ,
2420 1387 2700 1450 curavit
2745 1397 2814 1450 et
2845 1388 3017 1451 obti-

551 1493 705 1556 nuit
731 1503 809 1557 ut
838 1509 962 1557 eos
990 1494 1062 1557 in
1091 1493 1405 1572 gratiam
1429 1494 1824 1558 reduceret.
1871 1494 2122 1558 Invisit
2152 1495 2451 1575 ipsemet
2480 1495 2887 1560 Cardinalis
2914 1497 3017 1561 In·

552 1602 715 1666 fans
762 1603 1049 1666 scholas
1063 1611 1158 1674 ,et
1200 1619 1446 1665 omnes
1476 1603 1778 1666 lectores
1808 1601 2107 1680 audivit,
2141 1602 2285 1683 qui,
2317 1615 2663 1685 quantum
2707 1605 3019 1668 laetitiae

549 1708 714 1772 inde
755 1709 1212 1790 percepisset,
1270 1709 1458 1789 quod
1509 1709 1600 1772 ad
1649 1724 1992 1789 magnum
2042 1709 2177 1772 Dei
2226 1711 2574 1774 honorem
2620 1729 2801 1792 opus
2850 1710 3020 1776 illud

545 1817 875 1881 *exerceri
901 1803 1200 1896 videret,
1234 1815 1522 1881 Rectori
1555 1816 1851 1896 Collegii
1873 1817 2068 1880 domi
2088 1834 2263 1882 suae
2286 1827 2535 1898 postea
2560 1819 2948 1900 explicavit
2973 1819 3016 1881 ¹.

680 1922 852 1988 1086.
941 1922 1263 2004 Quatuor
1293 1932 1497 1987 erant
1526 1925 1898 1988 dumtaxat
1926 1923 2369 2003 sacerdoteS,
2404 1925 2585 1989 inter
2629 1943 2809 2007 quos
2838 1942 3020 1990 unus

553 2041 710 2096 erat
737 2031 1024 2110 Rector,
1057 2041 1126 2095 et
1154 2032 1332 2095 alter
1363 2031 1764 2112 theologiae
1793 2031 2151 2109 studebat;
2186 2031 2326 2096 duo
2356 2033 2606 2114 reliqui
2638 2033 3018 2096 confessio·

551 2139 764 2203 nibus
805 2138 1402 2203 scholasticorum
1445 2139 1816 2204 audiendis
1857 2140 2253 2221 vacabant;
2298 2140 2424 2204 sed
2467 2151 2537 2204 et
2580 2141 2759 2205 alios
2802 2142 3019 2206 etiam

551 2248 812 2311 multos
853 2264 945 2309 ex
987 2245 1160 2309 urbe
1203 2247 1606 2326 audiebant,
1655 2248 1868 2312 immo
1913 2256 1984 2311 et
2024 2257 2231 2311 extra
2261 2249 2507 2312 urbem
2549 2247 3019 2312 confessionis

541 2355 785 2434 gratia
815 2372 958 2418 non
988 2355 1195 2436 pauci
1227 2355 1683 2419 accedebant.

680 2460 856 2525 1087.
944 2461 1264 2527 Obtinuit
1293 2461 1692 2526 Cardinalis
1721 2481 1762 2526 a
1795 2462 1873 2526 P.
1905 2463 2181 2528 Mirone
2210 2473 2376 2527 ante
2404 2463 3019 2543 Quadragesimae

551 2579 831 2650 tempus
858 2568 936 2634 P.
971 2569 1505 2634 Emmanuelem
1531 2569 1971 2649 Fernande2‚
2004 2585 2082 2634 ut
2110 2570 2201 2634 ad
2244 2571 2607 2634 civitatem
2636 2570 3019 2650 quamdam

549 2677 659 2741 sui
691 2675 1396 2758 ArchiepiscopatuS,
1427 2675 1662 2740 Elvas
1684 2677 1991 2756 nomine,
2021 2676 2479 2757 praedicandi
2498 2678 2738 2757 gratia
2760 2686 2833 2740 et
2856 2695 3016 2741 con-

550 2783 896 2848 sessiones
937 2783 1272 2848 audiendi
1301 2784 1634 2863 mitteret,
1679 2794 1750 2848 et
1778 2785 1879 2848 ita
1925 2801 2088 2848 cum
2117 2785 2315 2848 socio
2357 2785 2570 2848 etiam
2616 2784 3013 2858 sacerdote,

543 2892 674 2972 qui
701 2889 954 2955 Petrus
982 2892 1070 2955 de
1101 2891 1238 2955 SJ*
1260 2890 1490 2955 Cruce
1519 2891 1910 2969 dicebatur,
1945 2908 2031 2954 eo
2060 2893 2323 2955 missus
2344 2901 2414 2955 et
2443 2893 2653 2956 avide
2676 2901 3017 2972 exceptus

551 3009 680 3062 est.
713 2998 1187 3063 Praedicabat
1215 2999 1287 3061 in
1317 2997 1887 3079 Quadragesima
1917 2997 1993 3061 Ρ.
2025 3000 2445 3063 Emmanuel
2468 2998 2717 3063 diebus
2748 3016 3015 3064 mercu-

549 3105 642 3169 rii
668 3117 738 3169 et
765 3106 1073 3184 veneris;
1106 3105 1481 3170 dominicis
1509 3114 1748 3169 autem
1790 3105 2061 3186 diebuS,
2095 3123 2303 3170 mane
2332 3105 2810 3186 evangelium,
2859 3115 3019 3187 post

551 3213 918 3277 meridiem
949 3212 1036 3276 de
1071 3213 1476 3294 praeceptis
1517 3212 1806 3276 Domini
1835 3212 2129 3292 agebat:
2166 3220 2235 3276 et
2277 3213 2607 3293 quamvis
2642 3214 3016 3295 reprehen-

543 3321 763 3384 debat
792 3339 914 3384 eos
945 3323 1227 3399 acriter,
1279 3336 1508 3402 aequo
1541 3321 1778 3384 animo
1823 3320 1893 3382 id
1923 3320 2247 3384 ferebant
2292 3331 2584 3401 propter
2612 3321 3021 3385 veneratio-

547 3445 712 3491 nem
741 3444 1100 3507 magnam,
1147 3445 1288 3509 qua
1316 3426 1548 3509 ipsum
1591 3427 2227 3509 prosequebantur.
2274 3425 2456 3490 Tam
2495 3443 2587 3490 ex
2614 3427 2838 3492 verbo
2884 3427 3018 3491 Dei

631 3656 648 3684 ¹
706 3651 782 3696 De
805 3651 1022 3704 Colleaeii
1037 3651 1322 3696 Ebot-ensis
1342 3651 1534 3696 scholis
1554 3651 1824 3706 sequentia
1845 3651 1967 3696 addi
1988 3653 2073 3696 hic
2091 3658 2379 3707 opportune
2398 3663 2551 3707 posse
2564 3652 2826 3697 videntur:
2848 3652 3020 3706 “Quod

543 3723 617 3767 ad
641 3721 930 3776 Collegium
949 3721 1216 3768 Eborense
1250 3725 1466 3777 attinet,
1489 3723 1731 3778 cupiebat
1753 3722 2051 3768 Cardinalis
2069 3723 2277 3768 admitti
2309 3723 2680 3779 obligationem
2708 3724 3021 3780 philosophi-

547 3807 640 3840 cae
663 3796 900 3840 lectionis
915 3829 926 3846 .
944 3802 997 3839 et
1017 3803 1076 3840 ut
1097 3796 1284 3851 viginti
1307 3802 1533 3851 quatuor
1553 3795 1616 3840 de
1638 3795 1903 3841 Societate
1926 3797 1977 3840 in
1998 3797 2088 3841 illo
2108 3785 2397 3840 alerentur.
2412 3828 2425 3840 .
2439 3825 2476 3850 .‚
2491 3803 2545 3840 et
2566 3803 2769 3842 tantum
2789 3797 3022 3842 fundatio

549 3868 616 3911 ad
635 3869 956 3912 dotationem
977 3869 1115 3912 mille
1136 3877 1414 3912 aureorum
1435 3873 1526 3911 aut
1548 3869 1703 3922 paulo
1723 3868 1949 3922 amplius
1984 3869 2298 3912 ascendebat
2312 3901 2325 3920 ,
2346 3869 2467 3924 quin
2499 3868 2552 3913 id
2585 3868 2834 3924 temporis
2862 3869 3023 3921 malo·

545 3950 660 3986 rem
679 3951 736 3984 se
757 3951 857 3984 non
877 3951 1026 3994 posse
1048 3940 1222 3984 facere
1243 3939 1584 3992 (Cardinalis)
1604 3938 1983 3994 significabat..
1998 3969 2013 3982 .
2038 3939 2169 3984 Erat
2190 3945 2365 3984 autem
2388 3941 2562 3985 Patris
2580 3940 2788 3985 Natalis
2806 3940 3024 3985 intentio

549 4011 745 4058 litteris
764 4013 830 4056 ad
853 4011 1066 4055 Patrem
1087 4011 1348 4066 ignatium
1367 4013 1632 4066 explicata
1648 4044 1659 4065 ,
1680 4013 1875 4066 optimo
1896 4011 1971 4056 illl
1993 4011 2214 4066 principi
2236 4018 2289 4056 et
2310 4012 2376 4055 ad
2398 4023 2484 4055 res
2504 4011 2787 4056 Eborensis
2804 4005 3021 4067 Collegii

550 4085 816 4139 augendas
848 4084 1003 4128 valde
1037 4092 1310 4138 propenso,
1338 4083 1768 4128 satisfaciendum
1801 4093 1916 4127 esse
1949 4083 2001 4127 in
2037 4083 2120 4127 hle
2153 4094 2287 4138 qnae
2328 4083 2611 4128 societatis
2650 4083 2890 4130 instituto
2924 4095 3024 4128 non

543 4163 946 4212 repugnarent...
982 4155 1153 4210 Supra
1171 4188 1181 4202 .
1214 4161 1252 4199 t.
1285 4166 1360 4212 111,
1392 4167 1514 4211 pag.
1531 4155 1629 4208 ⁴32,
1667 4167 1716 4200 n.
1737 4155 2175 4210 956.—Respondit
2212 4161 2386 4200 tamen
2418 4154 2599 4200 Natali
2620 4166 2713 4210 per
2744 4155 3025 4200 Polancnm

549 4227 811 4283 Ignatius:
832 4228 1066 4271 “Acerca
1100 4227 1184 4271 del
1215 4226 1428 4282 Colegio
1462 4227 1524 4272 de
1553 4227 1736 4271 Evora
1771 4237 1835 4270 no
1865 4227 2003 4272 tiene
2038 4233 2249 4271 nuestro
2279 4227 2451 4270 Padre
2482 4226 2675 4271 Leti-as
2704 4227 2789 4270 del
2821 4226 3025 4271 Infante

549 4299 834 4346 Cardenal.
853 4309 981 4352 pero
1003 4310 1122 4354 muy
1142 4299 1262 4343 bien
1283 4300 1330 4341 le
1361 4309 1548 4353 parece
1571 4309 1668 4353 qne
1691 4309 1758 4342 no
1787 4309 1842 4342 se
1864 4309 2037 4352 ponga
2058 4309 2211 4342 curso
2232 4299 2294 4342 de
2316 4299 2479 4342 Artes
2496 4309 2593 4352 por
2612 4297 2779 4343 ahorn
2794 4330 2805 4351 .
2828 4298 2943 4342 »ino
2962 4298 3025 4342 de

545 4371 628 4414 ln
661 4370 910 4424 lenguae,
931 4383 966 4427 y
985 4381 1089 4414 nna
1124 4371 1318 4414 leccion
1340 4370 1402 4413 de
1431 4381 1584 4416 casos
1619 4371 1680 4414 de
1714 4371 2012 4415 coneiencia
2032 4402 2043 4422 .
2065 4374 2095 4415 ό
2124 4370 2186 4414 de
2220 4372 2272 4414 ln
2306 4369 2602 4414 Encritnra:
2622 4381 2717 4424 por
2750 4380 2849 4424 qne
2880 4369 2925 4414 el
2960 4370 3025 4413 de

550 4442 712 4486 Artes
733 4453 788 4486 se
809 4442 878 4485 he
897 4435 960 4486 de
983 4443 1141 4486 baeer
1161 4453 1316 4485 curso
1336 4444 1383 4485 el
1401 4441 1741 4487 fundamento
1760 4442 1830 4486 ha
1851 4443 1913 4486 de
1934 4453 2021 4486 ser
2042 4442 2105 4485 de
2136 4442 2347 4496 propios
2366 4441 2647 4486 Escolares
2661 4472 2673 4490 .
2690 4453 2725 4497 y
2745 4443 2823 4485 asi
2844 4452 2912 4486 no
2931 4452 3020 4496 pn·

543 4525 666 4558 rece
688 4514 914 4559 habt-ian
933 4515 996 4558 de
1023 4526 1109 4558 ser
1129 4525 1306 4558 menos
1325 4513 1388 4558 de
1417 4515 1474 4558 50
1493 4526 1556 4558 en
1587 4516 1635 4558 el
1658 4513 1887 4569 Coleglo,
1908 4525 2054 4559 como
2076 4517 2200 4568 aqui
2234 4525 2298 4557 en
2320 4513 2483 4558 Roma
2512 4513 2583 4557 ha
2612 4513 2727 4558 sido
2758 4513 3029 4558 necesario

546 4596 711 4640 ponet
727 4597 792 4630 en
811 4591 964 4631 tomo
984 4590 1016 4630 a
1033 4586 1091 4631 60
1110 4597 1242 4641 para
1261 4597 1360 4640 que
1381 4587 1556 4631 nbiese
1576 4585 1857 4631 Escolares
1877 4598 1911 4643 y
1932 4583 2189 4630 Maesti-os
2208 4598 2245 4642 y
2265 4584 2607 4640 eoadjutores
2622 4617 2633 4638 ‚
2655 4598 2690 4642 y
2710 4596 2835 4639 pnes
2855 4596 2913 4628 es
2935 4593 3026 4631 tan

547 4658 758 4701 bendito
779 4660 826 4702 el
849 4658 1107 4703 Cardenal
1129 4670 1226 4713 que
1247 4668 1302 4702 se
1323 4659 1521 4712 pueden
1543 4659 1730 4702 hablar
1750 4660 1830 4703 lan
1850 4658 2109 4702 verdndes
2128 4658 2302 4702 claras
2322 4669 2421 4702 con
2438 4656 2507 4702 Su
2524 4657 2731 4712 Alteza,
2748 4668 2936 4712 parece
2960 4659 3029 4702 ha

547 4729 661 4775 eido
681 4731 800 4774 bien
821 4732 1032 4775 hacerle
1053 4741 1214 4785 capez
1235 4729 1296 4774 de
1318 4731 1484 4784 todo.„
1505 4731 1576 4776 1.⁸
1596 4728 1830 4783 ,Ianuarii
1854 4729 2167 4774 155⁴.-Vide
2188 4729 2344 4784 infra,
2364 4741 2412 4774 n.
2434 4729 2551 4774 1098.

839 4819 914 4874 Τ.
951 4837 1028 4876 ιν.
2646 4834 2711 4890 33
