3742 5392
754 456 873 516 622
1678 452 1934 514 Canon.
1977 450 2136 515 Soc.
2173 452 2318 527 Jns.

764 592 922 661 Deo
952 602 1318 673 praestare
1346 591 1787 671 existimans;
1816 606 1983 657 cum
2010 591 2318 671 primum
2344 592 2574 657 nostri
2605 591 2677 657 in
2707 591 3085 665 Brasiliam
3113 611 3231 657 ve-

754 711 1041 778 nerunt,
1076 716 1237 765 eum
1264 700 1491 769 nostri
1520 716 1695 781 prae
1724 698 2030 766 caeteris
2057 698 2320 763 timore
2343 696 2480 775 Dei
2517 708 2590 763 et
2619 698 2996 780 prudentia
3025 716 3229 780 prae·

754 808 989 873 ditum
1018 808 1465 883 invenerunt;
1496 814 1568 871 et
1598 806 1699 875 ita
1727 822 1892 871 cum
1929 805 2238 885 primum
2265 804 2612 871 intellexit
2651 823 2730 871 se
2759 806 2832 870 in
2869 808 3232 871 erroribus

756 924 1127 981 versatum
1155 931 1335 991 esse,
1368 896 1687 984 omnium
1715 912 1988 993 primus
2015 912 2088 977 in
2116 910 2544 978 Societatem
2575 912 2968 993 ingressuS,
3001 932 3081 979 se
3112 924 3227 979 —to-

756 1032 912 1089 tum
954 1019 1112 1093 Deo
1154 1020 1249 1084 ad
1285 1020 1743 1085 brasilienses
1786 1017 2231 1099 adjuvandos
2284 1019 2768 1101 consecravit,
2809 1030 2882 1085 et
2921 1020 3230 1102 quinque

752 1144 1105 1195 annorum
1140 1128 1398 1207 spatio,
1428 1126 1763 1197 maximis
1784 1126 2148 1195 laboribus
2177 1143 2304 1219 per
2333 1143 2630 1191 nemora
2659 1137 2730 1191 et
2759 1126 3042 1193 deserta
3064 1129 3224 1193 loca

758 1244 831 1299 et
876 1235 1063 1299 inter
1110 1232 1541 1314 gravissima
1592 1233 1910 1314 pericula
1931 1264 1956 1312 ,·
2003 1232 2476 1313 Evangelium
2529 1234 2714 1299 inter
2763 1234 3223 1299 brasilienses

750 1360 923 1409 cum
952 1343 1339 1407 multorum
1377 1340 1679 1427 utilitate
1717 1340 2180 1422 praedicanS,
2221 1350 2292 1414 et
2327 1340 2513 1407 inter
2548 1352 2832 1409 nostros
2869 1341 3026 1407 sine
3063 1352 3228 1423 que·-

752 1452 909 1515 rela
940 1459 1008 1513 et
1038 1466 1321 1529 semper
1364 1447 1455 1512 ad
1484 1447 1988 1529 perfectionem
2034 1448 2408 1528 anhelanS,
2441 1465 2608 1515 cum
2649 1464 2914 1528 magna
2955 1446 3229 1513 humili·

757 1566 907 1622 tate
930 1566 1001 1621 et
1022 1556 1427 1627 obedientia
1449 1555 1637 1679 banc
1658 1555 1984 1623 laborum
2005 1571 2299 1631 suorum
2322 1572 2682 1623 coronam
2691 1573 2734 1619 a
2757 1553 2912 1620 Deo
2933 1564 3046 1631 est
3065 1572 3225 1619 con-

755 1674 1123 1745 sequutus
1349 1726 1356 1731 ,,
1460 1716 1471 1733 .
1536 1692 1541 1697 ·

883 1769 1055 1835 1323.
1147 1769 1379 1850 Quam
1405 1770 1737 1852 copiosus
1768 1780 2008 1841 autem
2047 1768 2322 1833 fructus
2349 1786 2442 1835 ex
2485 1768 2636 1849 ejus
2659 1787 2714 1831 ι
2720 1769 2862 1833 itae
2900 1769 3224 1849 exemplo

750 1889 829 1943 et
856 1878 1217 1943 laboribus
1258 1878 1700 1958 provenerit,
1736 1888 1884 1944 tam
1919 1876 2104 1941 inter
2143 1877 2496 1945 lusitanos
2513 1892 2734 1958 quam
2777 1876 2964 1941 inter
3003 1876 3224 1941 brasi-

758 1987 1055 2065 lienses',
1100 1987 1463 2065 lacrymae
1486 2032 1501 2063 ,
1530 1986 1881 2069 ,planctus
1920 1982 2068 2049 fere
2119 2000 2532 2049 communes
2579 1992 2649 2047 et
2687 1982 3032 2050 virtutum
3073 1981 3225 2065 ejus

752 2092 1023 2170 laudeS,
1068 2109 1257 2171 quas
1300 2101 1463 2173 post
1502 2102 1809 2161 mortem
1849 2089 2260 2168 efferebant,
2306 2090 2484 2155 satis
2511 2090 2980 2155 testabantur.
3034 2089 3224 2157 Inter

747 2209 1043 2263 caetera
1074 2198 1526 2266 Gubernator
1554 2196 2038 2279 Piratiningae
2060 2197 2362 2266 dicebat:
2387 2196 2588 2261 “veri
2608 2196 2870 2278 eloquii
2889 2197 3223 2279 princeps

758 2315 1081 2371 mortuus
1110 2315 1241 2382 est,
1276 2306 1397 2387 qui
1424 2306 1633 2372 nobis
1670 2306 2046 2371 veritatem
2091 2304 2535 2383 declarabat,
2577 2304 2696 2385 qui
2734 2288 3018 2371 sincero
3065 2322 3216 2368 cor·

754 2413 868 2477 dis
897 2430 1138 2477 amore
1167 2428 1301 2475 nos
1329 2411 1912 2493 prosequebatur,
1945 2422 2172 2491 pater,
2206 2409 2458 2491 frater,
2499 2420 2569 2473 et
2607 2410 2884 2475 amicus
2912 2404 3218 2489 noster„

744 2531 825 2585 et
853 2521 1032 2586 haec
1058 2538 1100 2583 a
1123 2518 1357 2583 media
1379 2528 1589 2585 nocte
1610 2518 1761 2587 fere
1783 2534 2005 2605 usque
2029 2517 2121 2585 ad
2143 2534 2476 2583 auroram
2499 2517 2770 2595 circum
2793 2518 3008 2583 aedes
3029 2518 3218 2581 illius

755 2628 921 2705 loci,
954 2626 1266 2693 omnium
1295 2626 1571 2691 animos
1598 2625 2056 2692 vehementer
2087 2625 2514 2707 percutienS,
2547 2623 2832 2701 dicebat
2861 2624 2904 2684 ¹.

796 2784 799 2789 .
878 2734 1053 2797 1324.
1141 2732 1393 2799 Socius
1416 2729 1567 2813 ejus
1586 2734 1659 2797 in
1683 2732 2056 2813 martyrio,
2081 2732 2402 2814 joannes.
2419 2731 2506 2795 de
2529 2730 2729 2807 Sosa,
2745 2732 2926 2805 inter
2949 2732 3220 2813 primos

747 2842 825 2907 in
850 2841 1153 2905 Brasilia
1194 2839 1546 2905 admissus
1584 2840 1657 2903 in
1700 2836 2164 2917 Societatem,
2208 2849 2630 2920 expectatae
2671 2838 2959 2913 virtutis
3003 2840 3222 2905 etia-m

740 2954 917 3013 ante
944 2948 1350 3029 ingressum
1379 2956 1565 3025 erat,
1598 2954 1671 3011 et
1698 2946 2024 3017 eamdem
2053 2946 2128 3019 in
2168 2946 2518 3031 religione
2543 2946 2806 3023 mirum
2829 2946 2904 3023 in
2923 2946 3218 3041 modum

751 3056 983 3133 auxit,
1016 3064 1088 3122 et
1123 3055 1198 3119 in
1236 3052 1495 3119 infimis
1536 3052 1950 3125 ministeriis
1989 3069 2470 3127 cumzsumma
2499 3052 2894 3129 humilitate
2920 3062 3008 3122 :et
3051 3053 3215 3117 cha·

744 3164 957 3228 ritate
986 3179 1064 3226 se
1093 3176 1463 3237 exercens,
1496 3177 1539 3227 a
1570 3158 1805 3228 culina
1836 3158 1930 3225 ad
1959 3174 2303 3235 coronam
2330 3161 2658 3241 martyrii
2689 3178 2732 3225 a
2761 3158 3070 3237 Domino
3091 3176 3212 3225 vo-

738 3279 955 3335 catus
984 3278 1113 3335 est.
2034 3314 2038 3319 -
2625 3304 2630 3313 ·

612 3376 619 3383 '
878 3376 1050 3441 1325.
1115 3374 1312 3451 Indi,
1340 3375 1459 3455 qui
1482 3374 1617 3443 hos
1636 3332 1817 3439 duos
1838 3333 2102 3449 fratres
2123 3372 2452 3449 nostros⁸
2482 3374 2574 3437 ad
2603 3374 2972 3451 meliorem
2994 3337 3218 3439 vitam

736 3484 1319 3558 transmiserunt,
1348 3498 1447 3549 ex
1456 3480 1597 3545 illis
1616 3489 1821 3550 erant
1842 3480 2210 3560 charigiiS,
2237 3481 2358 3561 qui
2381 3479 2513 3545 feri
2537 3478 2770 3557 adhuc
2797 3491 2868 3543 et
2895 3480 3219 3560 indomiti

734 3599 975 3667 erant,
1008 3588 1315 3671 necdum
1351 3587 1779 3653 commercio
1820 3587 2374 3679 christianorum
2404 3588 2536 3666 usi,
2560 3597 2653 3663 ‚et
2681 3587 2774 3663 ab
2804 3587 2944 3665 iliis
2977 3588 3217 3667 admo·

742 3696 915 3762 dum
944 3694 1280 3775 disjuncti
1310 3704 1536 3773 erant,
1581 3695 1699 3776 qui
1740 3710 1831 3759 ex
1860 3694 2324 3774 hispanorum
2369 3694 2880 3759 consuetudine
2923 3711 3066 3775 non
3104 3712 3215 3758 so-

746 3806 893 3867 lum
920 3802 1296 3880 mansueti,
1329 3801 1455 3869 sed
1482 3801 1815 3885 baptismi
1844 3800 2262 3880 avidissimi,
2286 3800 2460 3867 facti
2483 3811 2710 3889 erant:
2739 3801 2860 3869 illa
2883 3802 3068 3889 enim
3093 3821 3214 3866 na·

748 3912 848 3973 rio
878 3926 1052 3990 prae
1080 3909 1387 3972 caeteris
1416 3907 1758 3971 latissime
1784 3908 2708 3989 patebat...
3129 3938 3136 3941 ·

875 4015 1048 4081 1326.
1138 3994 1301 4095 Sed,
1337 4025 1413 4093 ut
1442 4014 1818 4081 redeamus
1839 4012 2382 4107 Piratiningam,
2411 4027 2574 4082 octo
2599 3953 2685 4090 de
2709 4026 2968 4103 nostra
2979 4014 3214 4106 Socie-

734 4133 896 4188 tate
922 4123 1182 4187 ibidem
1230 4124 1303 4187 in
1343 4122 1869 4187 brasiliensium
1906 4122 2276 4203 spirituale
2313 4123 2655 4187 auxilium
2683 4100 3208 4190 incumbebant:

746 4232 822 4297 hi
848 4230 1033 4298 filios
1060 4246 1228 4295 suos
1250 4230 1515 4294 nostris
1536 4228 1962 4295 erudiendos
1986 4230 2284 4317 libenter
2308 4230 2815 4321 concedebant,
2843 4250 2943 4321 exn
2955 4225 3210 4314 quibus

824 4474 843 4506 ¹
902 4472 1199 4529 Scriptores
1216 4474 1303 4527 qui
1322 4473 1386 4519 de
1408 4473 1569 4521 Petro
1584 4472 1783 4519 Coi-rea
1798 4472 2012 4529 eiusque
2027 4458 2169 4519 socio
2183 4454 2528 4537 scripserunt,
2543 4442 2780 4521 recenset
2797 4440 3213 4540 vasconem-os.

742 4549 777 4591 1.
798 4558 863 4600 c.,
886 4558 934 4590 ιι.
967 4545 1059 4589 184.

823 4618 861 4653 ²
898 4617 1058 4671 Juxta
1092 4616 1491 4671 Vascoucanos
1532 4616 1724 4663 Petrus
1760 4616 1957 4661 Cot-ren
1988 4622 2120 4667 erat
2143 4580 2802 4681 scholasticus;Joani1es
2819 4630 2946 4665 vero
2980 4602 3043 4683 ἀὲ
3080 4618 3211 4671 Sosa

740 4690 1015 4743 coadjutor
1034 4686 1356 4742 temporalis.
