3742 5392
1625 504 1750 562 Au.
1798 503 1940 562 1554
2044 497 2053 504 ’
2901 502 3011 562 485

539 652 824 716 famulis
858 653 910 730 ';
942 659 1012 715 et
1041 650 1370 732 quamvis
1401 665 1650 714 omnes
1677 650 1844 713 boni
1873 649 2012 714 viri
2042 659 2311 728 essent,
2342 649 2720 713 videbatur
2750 648 2827 712 P.
2868 648 3004 712 Na-

543 760 668 822 tali
699 759 1065 824 saeculum
1096 756 1618 838 quodammodo
1639 756 1713 820 in
1737 755 2217 838 penetralibus
2240 755 2547 836 Collegii·
2562 756 2700 820 hae
2728 756 3005 820 ratione

541 865 852 946 admitti;
884 875 954 929 et
990 865 1391 929 libertatem
1427 865 1695 928 nostris
1735 863 1953 927 adimi
2005 863 2240 927 multis
2285 863 2358 926 in
2398 864 2644 943 rebuS‚
2674 863 3003 927 instituto

539 981 789 1036 nostro
817 971 1428 1050 convenientibu5‚
1459 987 1754 1034 necesse
1782 979 1939 1034 erat
1959 968 2005 1028 ⁸.
2033 969 2109 1033 P.
2136 970 2423 1051 quidem
2444 969 2765 1050 lgnatius
2784 969 3001 1033 facul-

538 1090 760 1144 tatem
787 1088 1244 1143 concesserat
1270 1089 1348 1142 ut
1377 1077 1604 1142 DnuS.
1635 1077 2119 1158 Hieronymus
2156 1078 2231 1141 in
2270 1077 2591 1158 Collegio
2622 1076 2997 1154 habitaret,

541 1187 709 1268 quia
735 1186 1111 1250 videbatur
1139 1187 1232 1250 ad
1260 1185 1690 1251 Societatem
1719 1193 2042 1249 nostram
2066 1203 2228 1249 esse
2256 1202 2690 1266 propensus;
2724 1186 2849 1249 sed
2885 1185 3000 1248 ille

543 1295 887 1374 paulatim
914 1293 1222 1357 famulos
1249 1293 1464 1356 etiam
1493 1293 1566 1356 in
1591 1291 1987 1372 Collegium
2020 1293 2433 1366 induxerat,
2482 1301 2551 1356 et
2594 1293 2893 1355 libenter
2928 1293 2999 1354 in

541 1401 859 1480 Collegio
907 1400 1242 1465 manebat
1286 1409 1366 1464 ut
1413 1417 1500 1464 ea
1537 1400 1813 1464 ratione
1848 1398 2192 1480 majorem
2230 1399 2362 1463 sibi
2385 1399 2885 1464 auctoritatem
2914 1417 2997 1461 ac

535 1507 1105 1572 benevolentiam
1127 1506 1480 1587 Principis
1495 1506 1800 1588 Philippi
1822 1516 1894 1570 et
1909 1507 2285 1571 curialium
2303 1507 2738 1583 conciliaret,
2758 1523 2997 1586 quam-

539 1615 652 1680 vis
678 1615 895 1679 etiam
923 1615 1013 1677 ad
1045 1631 1250 1680 suam
1297 1613 1861 1678 aedificationem
1900 1615 2198 1678 libenter
2236 1614 2497 1677 ibidem
2533 1621 2885 1693 maneret,
2927 1625 2997 1676 et

539 1722 920 1787 Societatis
947 1730 1234 1786 nostrae
1263 1721 1570 1784 amicum
1601 1739 1686 1783 ac
1716 1720 2165 1785 defensorem
2187 1739 2263 1784 se
2286 1721 2674 1785 exhiberet.
2699 1719 2995 1785 Curavit

535 1843 776 1893 tamen
803 1829 880 1892 P.
915 1829 1189 1893 Natalis
1215 1838 1293 1892 ut
1321 1829 1395 1893 in
1424 1845 1630 1892 usum
1667 1845 1958 1892 suorum
1996 1828 2427 1892 famulorum
2465 1829 2747 1892 domum
2791 1839 2995 1892 extra

537 1937 932 2015 Collegium
961 1937 1410 2001 conduceret.

660 2043 837 2108 1024.
925 2043 1082 2124 Ipse
1111 2051 1350 2107 autem
1379 2041 1436 2123 ⁸,
1470 2053 1620 2108 turn
1657 2045 1730 2107 in
1773 2062 1858 2107 eo
1898 2043 2217 2123 Collegio
2267 2055 2419 2108 tum
2466 2044 2542 2107 in
2590 2044 2781 2121 aliiS,
2832 2054 2993 2124 post

535 2151 1176 2232 promulgationem
1193 2159 1262 2214 et
1281 2151 1836 2215 declarationem
1861 2151 2471 2231 constitutionum,
2492 2151 2584 2214 ad
2604 2161 2775 2216 vota
2798 2151 2990 2214 emit·

532 2259 750 2323 tenda
771 2275 896 2322 eos
921 2258 1231 2337 admisit,
1257 2258 1378 2339 qui
1400 2256 1550 2337 jam
1577 2257 1940 2322 biennium
1960 2259 2033 2321 in
2059 2255 2417 2322 Societate
2440 2267 2851 2338 exegerant.
2877 2256 2993 2322 Sic

531 2367 746 2430 etiam
775 2364 1148 2430 Cordubae
1175 2364 1255 2427 P.
1288 2365 1854 2443 Bustamantem,
1884 2363 1958 2428 P.
2006 2363 2397 2432 Antonium
2426 2365 2514 2428 de
2544 2364 2878 2429 Corduba
2924 2375 2993 2428 et

532 2472 609 2536 P.
644 2471 1236 2552 Christophorum
1267 2472 1353 2535 de
1383 2471 1730 2536 Mendoza
1759 2472 1852 2535 ad
1893 2472 2012 2535 illa
2053 2472 2438 2536 admiserat
2481 2470 2527 2532 ⁴.
2580 2471 2714 2535 His
2756 2482 2992 2536 autem

611 2670 630 2704 ¹
685 2669 862 2714 Habes
881 2669 967 2714 hic
983 2679 1192 2714 sensum
1213 2670 1420 2714 illorum
1441 2671 1720 2714 verborum
1735 2702 1747 2722 ,
1767 2680 1901 2724 quae
1922 2669 2254 2722 reperiuntur
2274 2669 2325 2713 in
2346 2669 2542 2714 litteris
2556 2668 2741 2713 fratris
2756 2667 2991 2724 Dionysii

528 2743 772 2798 vazquez
791 2741 930 2785 datis
951 2740 1209 2796 Compluti
1227 2741 1257 2784 2
1276 2741 1596 2796 Septembris
1621 2741 1734 2785 1532.
1756 2742 1877 2785 dum
1897 2741 1958 2785 de
1980 2740 2061 2794 iis,
2083 2741 2167 2796 qui
2190 2741 2457 2786 exercitiis
2476 2739 2837 2795 spiritualibus
2856 2740 2991 2784 domi

527 2823 737 2859 nostrae
757 2815 1146 2864 excolebantur.
1166 2813 1405 2868 loquens,
1424 2813 1528 2856 ait:
1556 2815 1732 2856 “entre
1753 2813 1884 2856 ellos
1915 2812 2053 2856 hubo
2082 2813 2303 2866 aiguno:
2322 2811 2553 2855 letrndos
2580 2823 2617 2867 y
2635 2811 2927 2854 cabaneros
2958 2823 2994 2865 y

527 2885 642 2930 Don
661 2885 790 2930 Luis
807 2885 872 2928 de
891 2884 1081 2929 Bibero
1099 2897 1136 2942 y
1160 2883 1270 2928 Don
1293 2883 1538 2933 Antonio.
1559 2885 1837 2930 hermanos
1858 2885 1922 2928 de
1944 2883 2059 2928 Don
2080 2883 2399 2940 Hieronymo
2418 2884 2481 2926 de
2506 2883 2693 2926 Bibero
2706 2914 2717 2936 ‚
2740 2891 2837 2936 Qua
2870 2884 2995 2926 asra

523 2967 590 3001 su
619 2967 764 3001 casa.
789 2956 1032 3000 Litterae
1045 2955 1506 3010 Quadrisvaeestres,
1525 2963 1565 3000 t.
1583 2967 1620 3001 ιι
1635 2989 1646 3010 ,
1667 2967 1773 3011 pag
1811 2957 1878 3000 1⁴.
1896 2957 2071 3000 -Hinc
2092 2957 2248 3000 etiam
2266 2956 2455 3010 collige
2483 2965 2577 2998 nos
2598 2965 2696 2998 non
2718 2961 2886 2998 totum
2906 2965 2995 2997 ve-

523 3039 642 3073 rum
669 3029 940 3083 attigi-se.
962 3028 1082 3072 dum
1111 3030 1144 3073 l.
1174 3039 1237 3080 c..
1258 3039 1378 3082 pag.
1397 3028 1496 3082 49⁹,
1519 3034 1692 3072 annot.
1724 3030 1754 3073 2
1779 3029 2107 3082 scripsimus:
2128 3027 2490 3083 “Frequenter
2519 3025 2726 3081 quidem
2756 3025 2995 3080 Complu-

525 3107 724 3145 tensem
744 3100 950 3144 domum
971 3099 1151 3144 adibat
1173 3100 1235 3145 D.
1263 3100 1610 3157 Hieronymus
1629 3101 1692 3144 de
1713 3101 1958 3153 Vibero...

608 3173 630 3202 ²
683 3171 825 3215 Idem
847 3170 1126 3215 videbatur
1147 3171 1369 3225 ignatio.
1391 3173 1476 3227 qui
1507 3180 1684 3216 tamen
1699 3203 1710 3221 .
1731 3181 2013 3228 antequam
2034 3171 2091 3216 P.
2112 3171 2320 3216 Natalis
2339 3173 2407 3215 ad
2438 3173 2769 3226 exponendas
2797 3177 2853 3214 et
2873 3180 2995 3224 quo·

527 3245 656 3286 dam
692 3244 846 3287 modo
873 3243 1280 3296 promulgandas
1298 3244 1700 3288 constitutiones
1719 3245 1909 3288 mi-aesus
1938 3251 2077 3287 esset
2094 3275 2107 3297 ,
2126 3243 2178 3287 in
2207 3243 2305 3287 hoc
2338 3255 2455 3288 cum
2484 3245 2682 3288 duobus
2700 3245 2789 3287 vel
2811 3243 2996 3293 tribus.

527 3315 712 3370 quibus
741 3317 956 3359 muitum
977 3316 1225 3365 debebat,
1243 3317 1374 3378 viris
1394 3314 1718 3370 dis-pensavit
1733 3349 1744 3369 ,
1765 3323 1950 3370 postea
1971 3315 2223 3360 difficilior
2246 3317 2296 3359 in
2317 3315 2416 3360 hac
2448 3327 2505 3359 re
2526 3315 2713 3360 factus.
2770 3314 2997 3359 “vostra

527 3387 772 3441 signoria
791 3387 974 3441 sappia
991 3387 1087 3430 che
1111 3398 1154 3430 n·
1175 3387 1245 3430 lle
1261 3387 1624 3431 constituzioni
1645 3399 1676 3431 o
1695 3389 1873 3442 regule
1894 3388 2133 3431 ordinate
2150 3389 2258 3431 alia
2278 3388 2679 3432 conservatione
2696 3387 2758 3430 de
2778 3388 2833 3432 la
2848 3386 2999 3431 Com·

523 3459 718 3512 pagnia
739 3467 917 3502 nostra
939 3469 968 3502 e
989 3457 1188 3512 Collegi
1207 3458 1260 3502 dt
1280 3460 1482 3512 quella,
1503 3459 1556 3503 vi
1585 3462 1616 3503 e
1635 3461 1810 3516 quella
1830 3459 1927 3503 che
1956 3470 2055 3503 non
2084 3460 2129 3503 si
2162 3471 2315 3511 nossa
2348 3467 2613 3504 accettare
2644 3460 2752 3503 alla
2780 3469 2997 3502 comune

524 3529 814 3574 abitatione
836 3530 958 3574 delli
981 3531 1142 3574 nostri
1167 3541 1384 3574 nessuno
1405 3530 1502 3574 che
1519 3541 1622 3574 non
1641 3531 1722 3574 sia
1737 3531 1818 3574 dei
1841 3531 1987 3574 mede
1996 3531 2031 3574 <i
2040 3541 2121 3574 mo
2143 3531 2401 3583 instituto,
2418 3542 2510 3582 per
2530 3531 2628 3575 che
2650 3531 2681 3574 l’
2695 3530 2998 3584 esperienza

525 3601 572 3646 ci
593 3602 663 3646 ha
685 3601 958 3657 insegnato
977 3603 1073 3645 che
1095 3612 1322 3646 nascono
1341 3603 1484 3646 molti
1517 3603 1899 3646 inconvenienti
1922 3601 1983 3645 de
2008 3604 2085 3646 tal
2107 3603 2325 3646 mistura
2340 3635 2351 3656 ,
2372 3614 2429 3646 se
2450 3603 2537 3657 gia
2568 3604 2619 3646 ia
2640 3601 2996 3646 coabitazione

523 3685 626 3718 non
643 3673 780 3718 fosse
801 3685 895 3728 per
915 3675 1012 3718 due
1032 3685 1063 3717 ο
1087 3682 1168 3718 tre
1195 3674 1364 3728 giomi
1379 3705 1390 3724 .
1411 3685 1554 3718 come
1575 3675 1620 3718 si
1641 3681 1850 3719 accetta
1867 3685 1939 3717 un
1966 3675 2151 3729 ospite,
2172 3675 2274 3718 oin
2306 3677 2459 3719 alcun
2480 3685 2605 3718 caso
2634 3673 2949 3728 importante
2968 3685 2995 3717 e

525 3753 770 3800 urgente,
791 3757 858 3800 qu
879 3747 1012 3789 siche
1037 3747 1088 3789 di
1116 3745 1232 3800 piu3
1255 3757 1282 3788 e
1303 3748 1411 3790 cosi
1442 3747 1492 3789 in
1515 3745 1679 3790 Roma
1699 3747 1746 3790 ci
1767 3749 1794 3789 e
1815 3754 1960 3790 stato
1990 3747 2287 3789 necessario
2318 3757 2481 3800 negat
2502 3753 2683 3801 questo
2714 3757 2749 3791 a
2778 3756 2997 3801 persone

524 3818 576 3862 di
607 3820 766 3862 molto
800 3819 1020 3872 rispetto
1049 3829 1076 3860 e
1111 3819 1428 3862 benemerite
1455 3818 1595 3862 delia
1623 3817 1969 3872 Compagnla,
1993 3828 2139 3862 come
2160 3819 2211 3861 al
2244 3817 2491 3862 cardinal
2524 3819 2661 3862 della
2690 3817 2872 3863 Cueva
2898 3818 2997 3862 che

527 3891 740 3934 instava
759 3901 851 3945 per
870 3901 940 3933 un
958 3901 1052 3934 sno
1073 3890 1270 3943 nipote.
1291 3891 1354 3933 ed
1375 3891 1426 3934 al
1458 3890 1706 3934 cardinal
1731 3890 1918 3934 Pisano
1938 3890 2002 3933 ed
2030 3891 2184 3944 ειη-ῖς
2206 3891 2399 3945 perche
2420 3902 2475 3934 ae
2511 3891 2597 3935 noi
2628 3902 2727 3935 non
2756 3901 2997 3935 osserva·

523 3962 655 4005 simo
675 3962 749 4016 gli
769 3962 934 4005 ordini
957 3963 1052 4006 che
1071 3962 1126 4004 al
1147 3969 1184 4006 ta
1199 3972 1318 4016 mpo
1341 3969 1518 4005 nostro
1538 3961 1582 4006 si
1603 3961 1763 4005 fanno
1790 3963 1930 4016 pella
1950 3960 2273 4016 Compagnia
2288 3994 2301 4014 .
2322 3972 2421 4005 non
2451 3963 2737 4007 solamente
2768 3963 2997 4006 incorre-

523 4043 668 4077 remo
685 4034 760 4088 gu
788 4031 1172 4077 inconvenienti
1193 4039 1374 4078 contro
1397 4033 1432 4076 li
1454 4033 1598 4087 quali
1617 4035 1660 4077 si
1681 4045 1772 4077 son
1795 4033 1920 4078 fatti
1938 4065 1949 4086 ‚
1970 4045 2058 4078 ma
2087 4035 2247 4078 etiam
2269 4034 2483 4078 daremo
2504 4037 2729 4089 exemplo
2749 4035 2799 4078 ai
2820 4045 2994 4078 succe-

525 4108 632 4149 sori
656 4105 706 4149 di
726 4116 973 4150 ossei-var
995 4106 1129 4149 male
1150 4107 1199 4149 le
1221 4104 1586 4149 comtituzioni
1605 4106 1808 4149 avendo
1829 4106 2055 4160 esempio
2076 4107 2125 4149 di
2148 4107 2248 4150 nol.
2273 4105 2317 4150 E:
2338 4107 2528 4160 perche
2550 4117 2608 4149 so
2626 4109 2721 4150 che
2742 4106 2793 4150 la
2816 4105 2996 4162 Signo·

525 4178 608 4221 ria
627 4175 826 4220 vostra
849 4187 969 4220 ama
989 4177 1042 4220 la
1063 4176 1384 4231 Compagnia
1403 4176 1598 4220 Nostra
1618 4178 1680 4220 ed
1703 4178 1740 4221 il
1769 4179 1867 4221 ben
1896 4189 2070 4222 essere
2092 4189 2185 4222 suo
2216 4189 2361 4222 come
2390 4189 2513 4222 cosa
2544 4179 2752 4231 propria
2780 4179 2995 4234 (poiche

525 4249 651 4293 tutti
684 4249 849 4292 rianio
879 4250 973 4292 tali
1009 4255 1159 4293 tanto
1190 4257 1364 4302 tempo
1393 4249 1490 4303 fa),
1511 4260 1665 4303 spero
1693 4251 1736 4293 si
1772 4253 2083 4294 contentas-a
2102 4251 2198 4295 che
2221 4262 2319 4295 non
2348 4251 2391 4294 si
2426 4251 2749 4306 preoeiudichi
2782 4253 2834 4294 al
2868 4252 2995 4294 bene

535 4332 804 4364 commune
823 4321 874 4365 di
897 4321 1067 4377 quen-i
1091 4332 1184 4376 per
1205 4323 1256 4365 lo
1274 4322 1419 4376 ajuto
1439 4321 1492 4364 di
1511 4333 1582 4366 un
1608 4321 1945 4376 particulare.
1965 4321 2050 4367 Ma
2069 4324 2117 4367 iu
2147 4324 2330 4368 ordino
2350 4325 2399 4368 al
2426 4323 2639 4368 Ruttore
2660 4324 2743 4367 del
2765 4322 2996 4377 Collegit>

525 4393 666 4436 della
685 4391 891 4437 Triniia
909 4394 1006 4436 che
1033 4393 1083 4437 in
1105 4393 1256 4437 fuora
1275 4393 1396 4438 dell·
1415 4393 1608 4438 abitazi
1629 4405 1706 4438 »ne
1727 4395 1806 4438 usi
1827 4395 1949 4449 ogni
1971 4397 2143 4440 carita
2164 4407 2191 4439 e
2212 4396 2471 4446 diligenza
2492 4397 2633 4440 nella
2662 4396 2995 4439 institutione

526 4466 660 4508 nelle
695 4464 884 4508 lettere
915 4475 942 4507 e
979 4467 1130 4509 buoni
1163 4467 1384 4510 costumi
1411 4465 1462 4510 di
1493 4468 1611 4521 quei
1645 4467 1869 4521 giovane
1904 4469 2203 4512 battezzato
2231 4468 2282 4513 in
2314 4469 2463 4512 modo
2485 4471 2581 4512 che
2611 4467 2655 4512 si
2686 4468 2993 4522 ricompeusi

522 4543 719 4590 quanto
735 4537 779 4580 ai
800 4539 954 4591 potra
973 4549 1067 4590 per
1085 4540 1226 4582 altra
1241 4537 1331 4582 via
1349 4539 1520 4593 quello
1541 4538 1638 4582 che
1661 4550 1759 4583 non
1777 4541 1821 4584 si
1843 4543 1945 4594 puo
1965 4551 2059 4594 per
2078 4541 2131 4584 la
2150 4541 2557 4594 coaoitazioue.„
2577 4539 2815 4594 Ignatius
2837 4539 2992 4583 Petro

523 4607 820 4661 Contemni,
839 4609 869 4651 6
885 4607 1005 4660 Julii
1033 4609 1150 4653 1550.
1169 4607 1304 4654 Vide
1325 4609 1516 4657 cartas
1538 4609 1606 4653 de
1631 4609 1744 4653 San
1767 4609 2005 4664 Igna-to,
2026 4618 2062 4656 t.
2082 4621 2154 4666 w,
2178 4623 2297 4667 pag.
2318 4612 2403 4656 392²
2420 4621 2473 4655 et
2492 4613 2589 4657 251.

605 4679 626 4708 ²
686 4679 741 4724 Ρ.
763 4679 988 4725 Natalis.

609 4754 632 4786 ⁴
681 4749 823 4796 -Vide
844 4762 1032 4806 supra,
1056 4763 1174 4806 pag.
1197 4752 1294 4806 400,
1317 4762 1367 4797 n.
1387 4753 1484 4810 862,
1507 4761 1558 4798 et
1579 4762 1754 4798 annot.
1773 4756 1816 4798 4.
