3742 5392
730 482 839 541 026
1641 480 1895 542 Canon.
1939 482 2094 543 Soc.
2133 482 2273 556 Jas,

852 626 1025 693 1338.
1116 628 1562 693 Versabatur
1592 628 1807 692 etiam
1836 627 2321 709 Piratiningae
2363 628 2746 711 aliquando
2775 628 3192 695 Provincia·

727 738 813 802 lis
840 740 1015 817 ipse,
1050 754 1094 800 a
1120 736 1593 800 lusitanorum
1620 735 2061 799 habitatione
2082 744 2527 817 segregatus
2555 736 2932 802 Habebant
2953 746 3193 801 autem

723 861 967 909 secum
994 844 1369 908 nonnullos
1412 860 1503 907 ex
1540 842 1703 907 filiis
1739 842 2132 923 gentilium,
2186 860 2365 924 quos
2404 861 2494 907 ex
2523 844 2750 908 variis
2785 843 2964 909 locis
2992 845 3085 908 ad
3112 861 3190 908 se

725 953 1141 1018 allexerunt:
1172 949 1248 1014 hi
1271 966 1313 1013 a
1337 959 1714 1029 parentum
1742 966 1988 1013 amore
2011 960 2160 1013 tam
2181 949 2394 1015 alieni
2415 958 2622 1015 erant
2645 959 2744 1030 ut,
2768 967 2932 1015 cum
2959 949 3188 1031 cujus-

720 1061 887 1124 dam
912 1069 1119 1138 pater
1146 1056 1366 1121 filium
1402 1056 1766 1132 inviseret,
1808 1056 1936 1119 vix
1973 1057 2302 1137 compelli
2337 1056 2644 1137 potuerit
2684 1067 2762 1122 ut
2789 1074 2954 1141 cum
2982 1068 3186 1139 patre

718 1170 1147 1246 loquer-etun
1204 1164 1308 1228 sic
1346 1174 1415 1228 et
1458 1164 1577 1228 alii
1616 1164 2019 1228 naturalem
2060 1164 2246 1229 hunc
2283 1182 2602 1229 amorem
2640 1166 2948 1244 exuisse,
2997 1176 3067 1229 et
3113 1166 3186 1230 in

716 1274 932 1336 alium
961 1272 1181 1336 multo
1212 1272 1573 1336 meliorem
1605 1279 2105 1351 commutasse,
2139 1270 2587 1336 videbantur.

841 1378 1016 1443 1339.
1102 1378 1380 1443 Primos
1418 1386 1655 1442 autem
1696 1394 1978 1442 menses
2018 1378 2451 1459 paupercula
2489 1377 2701 1443 domo
2730 1379 2843 1443 usi
2869 1378 3180 1458 fuerunt,

712 1490 859 1553 luto
885 1496 956 1551 et
986 1487 1199 1567 lignis
1228 1484 1553 1549 confecta
1586 1494 1655 1549 et
1682 1485 1910 1567 paleis
1940 1494 2211 1565 operta,
2254 1485 2718 1565 longitudinis
2757 1488 3180 1567 quatuorde-

713 1595 853 1659 cim
893 1609 1255 1673 passuum,
1300 1592 1549 1656 decem
1587 1609 1761 1655 vero
1791 1592 2204 1667 latitudinis;
2248 1591 2344 1655 ibi
2372 1601 2528 1656 erat
2565 1592 2836 1673 schola,
2869 1591 3178 1657 infirmo-

711 1719 870 1766 rum
909 1703 1131 1778 locuS,
1178 1698 1693 1778 dormitorium,
1737 1698 2215 1777 refectorium,
2262 1699 2498 1763 culina
2537 1708 2607 1765 et
2645 1716 2894 1779 penuS,
2937 1701 3176 1763 omnia

710 1810 942 1887 simul,
974 1824 1105 1871 nec
1136 1816 1374 1871 tamen
1406 1805 1826 1888 ampliorum
1866 1806 2406 1885 habitationum,
2451 1806 2707 1887 quibus
2746 1806 2916 1871 alibi
2942 1808 3175 1873 nostri

710 1915 1106 1993 utebantur,
1141 1912 1569 1977 desiderium
1598 1930 1722 1976 eos
1768 1914 2075 1992 tenebat,
2125 1914 2394 1977 namin
2438 1913 2731 1979 arctiori
2779 1914 2938 1978 loco
2971 1913 3174 1978 Chri-

707 2033 899 2087 stum
924 2032 1192 2099 natum,
1226 2021 1397 2083 etin
1428 2020 1717 2084 arctiori
1746 2037 1960 2084 cruce
1989 2020 2210 2084 fixum
2248 2037 2600 2085 memores
2641 2031 2846 2086 erant
2884 2021 2933 2085 ¹.
2962 2020 3172 2085 Hanc

707 2132 991 2194 domum
1022 2129 1302 2209 ipsimet
1334 2128 1785 2191 brasilienses
1826 2127 1900 2191 in
1931 2144 2136 2192 usum
2158 2138 2565 2192 nostrorum
2592 2137 3166 2207 construxerant,

708 2236 833 2301 sed
856 2236 1068 2299 aliam
1098 2233 1443 2314 majorem
1474 2234 1798 2298 manibus
1819 2236 1968 2298 suis
1990 2235 2220 2298 nostri
2242 2232 2592 2299 conficere
2613 2234 2970 2315 volebant;
3000 2253 3168 2299 nam

706 2360 996 2408 necesse
1039 2354 1193 2405 erat
1236 2340 1618 2423 aliquando
1648 2341 1802 2421 ipso
1832 2341 1906 2405 in
1946 2357 2200 2421 campo
2241 2342 2621 2405 lectionem
2658 2342 3170 2423 grammatices

702 2449 966 2513 nostris
996 2448 1431 2529 praelegere,
1464 2457 1533 2511 et
1559 2448 1827 2527 frigore
1857 2447 2032 2511 foris
2063 2464 2274 2528 quam
2302 2447 2496 2511 fumo
2527 2447 2718 2512 intus
2747 2450 2992 2529 urgeri
3021 2468 3168 2512 ma·

702 2555 959 2619 lebant:
986 2556 1188 2635 pueri
1212 2565 1470 2632 autem,
1492 2555 1613 2636 qui
1638 2556 1708 2617 in
1733 2554 1980 2617 schola
2003 2554 2502 2632 versabantur,
2523 2555 2614 2618 ad
2639 2564 2929 2619 ventum
2951 2557 3168 2619 etiam

698 2672 767 2725 et
794 2661 1024 2740 frigus
1054 2661 1361 2741 expositi
1390 2673 1618 2725 erant.

824 2767 999 2832 1340.
1088 2766 1382 2831 Fiebant
1434 2768 1815 2831 conciones
1868 2767 2150 2831 assidue
2202 2770 2460 2849 populo
2517 2777 2585 2832 et
2647 2768 3160 2849 frequentiores

693 2893 907 2957 quam
936 2876 1011 2939 in
1040 2874 1399 2955 parochiis
1427 2873 1929 2954 Portugalliae:
1957 2873 2050 2937 ad
2071 2876 2451 2940 ecclesiam
2471 2874 2665 2939 iilam
2689 2875 3158 2956 qualemcum-

688 3000 825 3065 que
854 2982 1453 3063 piratiningenses
1477 2981 1935 3059 accedebant,
1965 2989 2034 3044 et
2057 2981 2166 3044 bis
2190 2982 2503 3061 quotidie
2529 2998 2735 3046 mane
2763 2999 2848 3046 ac
2882 2984 3160 3064 vesperi

688 3090 780 3155 ad
823 3089 1240 3154 catechismi
1281 3090 1656 3153 lectionem
1695 3088 2190 3152 accurrebant:
2237 3089 2298 3151 si
2327 3089 2486 3169 quis
2515 3098 2753 3153 autem
2797 3108 2889 3153 ex
2920 3091 3161 3170 pueris

687 3198 781 3261 ad
806 3198 1130 3261 scholam
1151 3214 1297 3260 non
1320 3197 1671 3274 veniebat,
1696 3196 1839 3275 aiii,
1867 3196 2124 3278 quibus
2145 3212 2231 3259 ea
2254 3213 2430 3260 cura
2453 3198 2834 3261 commissa
2861 3206 3037 3277 erat,
3064 3199 3156 3261 ad

689 3322 849 3369 eum
877 3304 1361 3384 quaerendum
1389 3312 1661 3383 euntes,
1687 3312 1980 3382 captum
2002 3302 2093 3365 ad
2123 3302 2410 3366 scholas
2441 3302 2908 3385 deducebant3
2936 3315 3005 3369 et
3034 3306 3152 3369 aii-

687 3412 809 3492 qui
830 3429 922 3476 ex
943 3413 1069 3490 eiS,
1100 3412 1267 3476 vivo
1292 3411 1579 3490 ingenio
1602 3422 1672 3475 et
1696 3410 1934 3474 animo
1957 3426 2103 3473 non
2126 3410 2388 3489 exiguo
2413 3412 2741 3492 praediti,
2767 3413 2980 3493 dolia,
3006 3415 3154 3494 qui-

688 3521 820 3582 bus
846 3526 1183 3603 parentes
1212 3518 1457 3581 vinum
1489 3535 1695 3581 suum
1727 3516 2139 3595 servabant,
2176 3518 2530 3581 interdum
2554 3520 3152 3585 comminuebant.

690 3624 871 3690 Cum
912 3636 1157 3689 autem
1195 3625 1425 3688 nostri
1474 3642 1657 3705 quae
1696 3624 1857 3688 fidei
1901 3634 2065 3687 sunt
2105 3625 2592 3705 declararent,
2636 3635 2706 3689 et
2743 3644 2887 3690 non
2924 3629 3153 3692 solum

686 3732 1049 3810 coelestia,
1080 3731 1205 3796 sed
1239 3740 1523 3795 terrena
1554 3732 1769 3795 etiam
1798 3732 2019 3811 bona,
2054 3743 2405 3817 quatenus
2435 3749 2616 3812 opus
2659 3743 2877 3811 esset,
2921 3732 3153 3798 Deum

686 3854 843 3901 esse
865 3838 1039 3919 ipsis
1062 3838 1762 3902 subministraturum
1785 3839 2124 3916 dicerent,
2152 3847 2222 3901 et
2243 3840 2374 3901 sub
2391 3839 2685 3919 pedibus
2707 3840 2854 3903 suis
2877 3840 3153 3905 thesau-

684 3961 805 4011 ros
834 3943 969 4008 Dei
997 3944 1454 4008 absconditos
1485 3954 1554 4008 et
1585 3946 1890 4024 ignotOS,
1925 3945 2258 4025 dum-ipsi
2288 3962 2496 4010 suum
2520 3945 2930 4011 Creatorem
2952 3948 3150 4027 igno-

684 4062 948 4131 rarent,
981 4068 1137 4116 esse
1172 4052 1608 4129 inventurOS,
1643 4052 1878 4131 reipsa
1907 4051 2256 4115 Dominus
2297 4052 2698 4117 doctrinam
2736 4054 3148 4133 comproba-

761 4359 777 4391 1
833 4358 969 4403 Tota
988 4360 1118 4403 haec
1139 4358 1421 4412 descriptio
1441 4357 1620 4401 domus
1642 4356 2084 4412 Piratininganae,
2116 4358 2372 4401 nonnullis
2395 4357 2700 4410 immutati&
2721 4369 2784 4401 ex
2814 4358 3039 4413 quadam
3061 4358 3150 4412 Jo-

682 4430 831 4485 oephi
852 4430 1141 4475 Anchietae
1162 4432 1388 4485 epistola
1406 4430 1680 4484 desumpta
1699 4436 1794 4480 eat,
1809 4435 1867 4473 ut
1891 4427 2068 4472 videre
2091 4434 2238 4483 potes
2261 4430 2311 4471 in
2332 4427 2618 4473 Ouanota!
2642 4428 2785 4473 Hist.
2806 4429 2917 4475 Soc.
2932 4430 3064 4485 ses„
3087 4432 3148 4477 P.

678 4514 715 4555 a,
736 4502 824 4545 lib.
842 4512 951 4553 xlv,
972 4513 1021 4545 n.
1036 4502 1130 4546 122.
1153 4502 1413 4554 Quantam
1433 4512 1558 4546 vero
1577 4508 1946 4556 paupertatem
1967 4502 2418 4555 experirentur-ini
2441 4501 2630 4546 Patres
2643 4503 2826 4547 melius
2843 4503 3146 4561 perspicies,

679 4574 723 4617 si
742 4576 890 4629 leg-as
910 4585 1041 4629 quae
1070 4574 1131 4617 de
1162 4574 1393 4628 ipsorum
1426 4574 1659 4618 vestibus
1693 4573 1837 4617 addit
1868 4572 1978 4627 ipse
2002 4570 2310 4621 Onus-mm.
2340 4572 2482 4616 hisce
2517 4575 2707 4619 verbis:
2742 4574 2933 4619 “Porro
2963 4574 3148 4621 domus

679 4646 934 4699 angustiis
954 4651 1165 4689 caetera
1181 4650 1297 4690 erat
1318 4644 1430 4689 vita
1450 4646 1793 4696 consentiens,
1816 4644 1987 4689 frusta
1999 4644 2326 4687 nauticorum
2339 4644 2591 4699 velorum,
2611 4657 2741 4700 quae
2756 4652 3032 4693 nautarum
3053 4649 3144 4693 do·

678 4717 841 4761 nabat
862 4716 1174 4772 benignitas,
1195 4726 1313 4761 atro
1336 4718 1516 4771 tincta,
1539 4717 1742 4771 ipsimet
1764 4718 1859 4761 sibi
1884 4716 2264 4761 concinnabant
2287 4718 2336 4760 in
2358 4717 2608 4770 tunicas...
