3742 5392
1642 517 1770 574 AN.
1817 517 1956 575 1554
2922 521 3037 581 553
3084 545 3091 552 ·

689 659 862 724 1185.
951 661 1390 726 Promiserat
1419 661 1497 725 P.
1543 662 1818 726 Natalis
1863 663 2049 726 Duci
2092 663 2528 742 Bragantiae
2568 665 2758 744 quod
2799 667 3031 746 prima

561 769 848 846 domus,
884 784 1067 848 quae
1099 769 1170 832 in
1194 767 1635 850 Portugallia
1659 770 2153 835 admitteretur
2177 821 2190 849 ,
2216 773 2290 835 in
2314 769 2465 850 ejus
2489 772 2750 852 oppido
2775 772 2861 835 de
2882 771 3027 836 Vil-

561 875 914 939 laviciosa
945 886 1100 939 erat
1129 876 1603 956 admittenda3
1637 878 1764 941 sed
1793 889 2087 958 propter
2128 879 2620 958 operariorum
2661 880 3032 959 penuriam

555 982 1140 1062 satisfaciendum
1169 983 1306 1062 ipsi
1337 983 1411 1047 P.
1459 984 1691 1047 Miron
1723 986 2083 1062 censebat,
2124 986 2341 1048 misso
2373 986 2611 1066 aliquo
2655 985 3034 1051 conciona-

560 1103 720 1154 tore
750 1108 912 1153 cum
941 1091 1138 1154 socio
1171 1090 1612 1155 confessario
1643 1093 1734 1156 ad
1765 1103 2076 1172 tempus:
2110 1094 2233 1173 qui
2271 1095 2457 1155 enim
2497 1093 2589 1156 ad
2627 1093 3033 1174 hujusmodi

557 1198 807 1261 domos
837 1197 1284 1261 inchoandas
1311 1199 1856 1276 maturuissent,
1902 1200 1975 1262 in
2012 1199 2285 1265 Indiam
2324 1201 2594 1280 potiuS,
2640 1209 2761 1263 aut
2797 1199 3033 1264 Brasi-

558 1304 727 1368 liam
751 1354 766 1384 ‚
800 1314 921 1367 aut
952 1304 1278 1385 Congum
1309 1306 1632 1369 mittendi
1660 1307 2115 1384 videbantur;
2151 1324 2319 1371 nam
2358 1305 2513 1371 Rex
2553 1308 2857 1386 singulis
2904 1326 3023 1371 an-

556 1412 670 1475 nis
697 1413 972 1492 aliquos
1004 1413 1385 1476 mittendos
1413 1431 1570 1476 esse
1601 1412 1692 1474 ad
1721 1431 1806 1476 ea
1835 1415 1999 1476 loca
2022 1415 2393 1477 censebat:
2421 1415 2723 1494 collegia
2746 1415 3029 1479 facilius

553 1518 830 1582 admitti
857 1536 1094 1599 posse,
1120 1520 1288 1599 quia
1311 1520 1382 1583 in
1405 1521 1507 1583 eis
1539 1521 1919 1584 seminaria
1950 1521 2443 1600 operariorum
2466 1521 2772 1585 habebat
2796 1521 3030 1586 Socie-

561 1635 674 1688 tas
696 1674 711 1705 ,
744 1627 863 1706 qui
895 1627 969 1689 in
999 1627 1322 1690 domibus
1353 1644 1558 1689 suam
1591 1644 1881 1708 operam
1925 1629 2407 1712 collocabant,
2453 1629 2579 1692 sed
2624 1629 2790 1691 alibi
2827 1630 2920 1692 ad
2958 1630 3029 1693 id

565 1733 836 1796 institui
865 1732 1217 1797 debebant
1248 1731 1290 1791 ¹.

681 1838 856 1903 1186.
945 1839 1347 1904 Recedente
1379 1840 1470 1903 D.
1505 1840 1718 1904 Petro
1749 1842 1836 1904 de
1867 1841 2415 1922 Mascaregnas,
2460 1841 2548 1906 D.
2593 1841 2653 1906 F
2656 1844 3028 1907 ranciscus

566 1946 873 2025 Correa,
910 1947 1484 2028 olyssiponensis
1511 1957 1808 2012 senatus
1841 1958 2085 2029 caput,
2134 1951 2201 2011 ei
2244 1950 2629 2013 succedere
2681 1951 2906 2013 voluit
2956 1951 3029 2012 in

555 2055 918 2130 omnibuS,
976 2072 1158 2135 quae
1212 2054 1303 2118 ad
1345 2055 1774 2120 Societatem
1817 2074 1903 2120 ea
1943 2057 2016 2119 in
2054 2057 2227 2120 urbe
2256 2057 2739 2137 pertinebant,
2775 2065 2841 2120 et
2872 2074 3029 2137 pro·

554 2171 962 2225 curatorem
993 2160 1380 2226 Societatis
1409 2179 1486 2226 se
1518 2162 1838 2226 futurum
1865 2171 2117 2244 sponte
2144 2164 2492 2243 promisit.

679 2267 854 2330 1187.
941 2269 1159 2333 Addit
1217 2279 1454 2332 autem
1510 2287 1806 2333 causam
1854 2270 1932 2333 Ρ.
1988 2270 2241 2349 Miron,
2296 2280 2587 2352 propter
2636 2290 2850 2352 quam
2896 2271 3025 2337 ΞΜ

551 2375 850 2440 Antonii
901 2375 1296 2455 Collegium
1355 2376 1913 2458 olyssiponense
1971 2395 2013 2440 a
2070 2377 2633 2442 Conimbricensi
2688 2397 3027 2459 separare

549 2483 845 2560 vellent;
873 2502 958 2546 ea
983 2495 1220 2548 autem
1258 2494 1434 2557 erat,
1483 2484 1672 2565 quod
1703 2493 1946 2548 tantae
1976 2485 2490 2564 magnitudinis
2521 2485 2836 2549 futurum
2869 2503 3026 2550 esse

553 2590 1112 2671 Olyssiponense
1151 2591 1546 2671 Collegium
1591 2592 1931 2672 temporis
1974 2608 2310 2655 successu
2338 2592 2747 2672 videbatur,
2790 2601 2869 2656 ut
2898 2593 3027 2658 Co-

552 2697 1015 2761 nimbricensi
1044 2699 1276 2761 minus
1306 2715 1451 2761 non
1480 2709 1700 2777 esset;
1743 2707 1814 2762 et
1854 2699 1951 2761 ita
1991 2697 2145 2761 Rex
2188 2708 2649 2762 consenserat
2691 2710 2769 2762 ut
2812 2718 2855 2762 a
2897 2699 3025 2764 Co·

551 2805 1010 2868 nimbricensi
1051 2814 1507 2884 separaretur
1563 2822 1725 2868 cum
1777 2805 2203 2886 quibusdam
2254 2806 2597 2869 reditibus
2656 2807 3023 2886 octoginta

552 2912 974 2975 ducatorum
1001 2929 1429 2990 annuorum,
1466 2913 1585 2993 qui
1615 2911 2087 2992 Olyssiponae
2119 2923 2324 2976 erant
2353 2913 2573 2976 vicini
2592 2919 2637 2972 ¹¹.

674 3017 848 3082 1188.
937 3018 1194 3082 Reddit
1224 3019 1408 3082 idem
1438 3018 1516 3082 P.
1550 3018 1783 3083 Miron
1812 3020 2163 3082 rationem
2203 3037 2331 3083 cur
2370 3020 2445 3082 in
2474 3019 2706 3083 Domo
2744 3019 3021 3083 Profes-

551 3142 796 3189 sorum
825 3124 953 3189 Sti.
988 3125 1213 3189 Rochi
1244 3127 1564 3189 cubicula
1603 3127 2110 3206 grandiuscula
2141 3143 2184 3189 a
2213 3126 2409 3206 Rege
2438 3127 2580 3190 sint
2619 3127 3023 3206 designata,

549 3233 738 3312 quod
767 3233 1040 3296 scilicet
1073 3233 1325 3297 medici
1351 3233 1785 3297 affirmarent
1810 3233 2285 3315 Olyssiponae
2310 3234 2789 3298 habitationes
2814 3251 3024 3313 gran-

552 3339 788 3403 diores
818 3357 975 3403 esse
1006 3342 1464 3404 salubriores.

676 3445 850 3510 1189.
941 3448 1321 3526 Almerini‚
1355 3449 1476 3511 ubi
1505 3447 1660 3512 Rex
1701 3448 1867 3510 anni
1916 3458 2196 3529 partem
2248 3450 2539 3528 exigere
2580 3449 2831 3512 solitus
2868 3459 3025 3512 erat

548 3572 713 3618 cum
743 3571 871 3618 sua
903 3557 1136 3634 curia,
1171 3557 1510 3635 templum
1541 3565 1830 3620 nostrae
1871 3555 2113 3619 domui
2154 3555 2612 3635 conjunctum
2654 3557 2791 3620 hoc
2834 3571 3023 3618 anno
3066 3622 3075 3630 ,

551 3661 1004 3726 aedificatum
1034 3672 1172 3742 est,
1206 3675 1280 3727 ut
1313 3680 1475 3727 cum
1503 3664 1768 3742 nostri,
1803 3663 1923 3744 qui
1954 3664 2227 3726 curiam
2265 3664 2744 3744 sequebantur
2777 3663 2875 3726 ibi
2899 3662 3022 3725 ha-

545 3769 876 3847 bitarent,
911 3787 1055 3833 non
1089 3770 1375 3833 domum
1407 3779 1684 3833 tantum
1719 3770 1845 3833 sed
1876 3781 1945 3833 et
1984 3771 2362 3834 ecclesiam
2401 3771 2766 3851 propriam
2807 3770 3019 3832 habe·

545 3886 726 3956 rent;
759 3877 890 3941 fuit
922 3887 1159 3941 autem
1184 3878 1670 3942 Bernardinus
1691 3878 2095 3942 Discalcius
2117 3876 2163 3956 ⁸,
2198 3895 2383 3942 unus
2407 3897 2499 3942 ex
2526 3878 2869 3943 fratribus
2898 3896 3019 3940 no-

545 3984 736 4064 striS‚
763 3985 862 4048 illi
885 3987 1082 4064 operi
1113 3985 1543 4065 perficiendo
1572 3985 2007 4066 praefectuS,
2042 3997 2112 4049 et
2140 3986 2278 4050 hac
2308 3995 2580 4050 aestate
2620 3986 3022 4049 absolutum

548 4090 637 4154 iri
667 4093 1024 4172 sperabat.

627 4264 642 4296 ⁸
703 4261 808 4306 “De
829 4263 1124 4317 complacet
1158 4263 1210 4306 al
1241 4262 1424 4316 Daque
1445 4263 1509 4306 de
1531 4263 1804 4316 Berganza
1823 4262 2045 4306 dandole
2078 4263 2127 4305 el
2156 4264 2470 4317 predicador
2498 4276 2533 4320 y
2553 4263 2793 4307 confesor
2810 4273 2909 4317 que
2938 4263 3023 4306 de·

547 4333 766 4387 manda,
789 4335 834 4378 ol
857 4345 912 4377 se
935 4335 1169 4388 pudiese,
1191 4333 1332 4378 seria
1351 4345 1474 4391 muy
1493 4333 1636 4386 hiem
1657 4345 1780 4389 pero
1800 4335 1920 4378 bien
1949 4335 2128 4388 plenso
2166 4346 2263 4390 que
2299 4335 2406 4392 hay
2440 4336 2572 4379 salta
2606 4336 2669 4379 de
2704 4336 2780 4378 loe
2808 4345 2907 4389 que
2949 4345 3027 4377 se-

545 4406 664 4448 rian
693 4406 889 4449 buenos
921 4416 1052 4459 para
1085 4413 1195 4450 este
1217 4406 1401 4450 efecto.
1437 4407 1504 4449 V.
1541 4407 1602 4450 R.
1637 4406 1772 4450 hara
1805 4406 1854 4450 lo
1884 4417 1981 4461 que
2014 4408 2061 4448 le
2093 4408 2361 4460 paraclete
2395 4407 2603 4462 mejor.„
2642 4406 2924 4460 Polaticus,
2956 4418 3023 4449 ex

545 4487 698 4530 com„
717 4476 862 4521 Patri
887 4477 1200 4534 Hieronymo
1221 4477 1414 4528 Nadal.
1436 4480 1456 4522 1
1479 4477 1714 4531 januarii
1738 4477 1855 4523 1554.
1887 4479 1965 4522 “A
1986 4477 2241 4532 portugal
2272 4489 2329 4522 se
2364 4479 2563 4524 escrlbe
2586 4489 2683 4532 que
2703 4480 2942 4533 cumplan
2970 4479 3025 4522 la

543 4550 768 4603 palabra
787 4559 886 4603 que
907 4549 974 4591 V.
997 4549 1058 4592 R.
1079 4550 1163 4594 dio
1193 4551 1247 4594 nl
1268 4549 1450 4604 nuque
1471 4551 1533 4592 de
1553 4549 1828 4604 Berganza
1849 4561 1947 4604 que
1967 4551 2021 4594 la
2058 4551 2283 4604 primera
2306 4550 2585 4595 fundacion
2604 4551 2745 4594 seria
2763 4550 2817 4594 la
2844 4561 3023 4607 atym„

541 4619 687 4665 Idem
707 4621 890 4668 eidem.
905 4621 960 4665 23
977 4621 1100 4674 Julii
1125 4622 1247 4666 155⁸.

629 4693 652 4724 ἓ
708 4691 844 4737 Vide
861 4704 1038 4748 supra,
1059 4705 1180 4748 pag.
1201 4693 1298 4749 546,
1319 4705 1367 4739 n.
1387 4695 1508 4739 1169.

623 4765 648 4794 .·.
705 4765 840 4810 Vide
861 4765 1104 4810 Litterae
1123 4766 1586 4819 Quadrineestres,
1604 4774 1642 4814 t.
1667 4779 1700 4822 1,
1723 4779 1843 4823 pag.
1878 4769 1975 4824 571,
1998 4777 2173 4815 annot.
2192 4771 2233 4813 l.

1263 4880 1278 4917 l
