3742 5392
1605 518 1734 581 AN.
1777 520 1918 579 1554
2880 518 2993 578 4⁴27

505 665 818 744 exig-uus
845 664 941 728 ibi
967 672 1284 727 retentus
1315 671 1422 727 est
1451 674 1740 745 propter
1771 680 2038 743 graves
2062 682 2415 746 expensas
2439 664 2767 737 aedificii,
2796 666 2985 745 quod

507 782 760 852 postea
789 788 828 833 a
858 770 1340 835 fundamentis
1371 779 1480 835 est
1511 772 1951 835 inchoatum.

632 877 774 941 920.
862 877 950 941 Et
991 878 1319 958 quamvis
1363 878 1504 941 duo
1541 877 1953 942 sacerdotes
1976 876 2124 957 jam
2162 879 2333 942 dicti
2367 878 2383 909 ¹
2416 895 2671 959 parum
2711 881 2985 942 excole·

512 994 670 1049 rent
701 1000 829 1064 per
857 984 1462 1065 praedicationem
1492 985 1778 1049 vineam
1805 984 2001 1049 illam
2030 984 2055 1017 ⁸
2084 1035 2097 1059 ,
2146 985 2708 1049 confessionibus
2745 995 2985 1049 tamen

510 1104 588 1157 et
617 1091 1106 1172 spiritualibus
1135 1091 1518 1169 exercitiis,
1561 1108 1744 1171 quae
1773 1092 2195 1171 quibusdam
2232 1092 2531 1173 proponi
2572 1100 2981 1171 coeperunt,

509 1208 586 1263 et
615 1198 940 1262 custodia
964 1198 1242 1279 publica
1267 1198 1652 1278 visitanda,
1677 1208 1748 1262 et
1778 1198 1878 1262 ibi
1901 1200 2349 1263 detentorum
2371 1200 2827 1263 conscientiis
2859 1216 2987 1279 per

511 1304 1038 1369 confessionem
1067 1304 1467 1385 expiandis,
1513 1305 1754 1369 utilem
1801 1304 2183 1369 admodum
2226 1322 2520 1386 operam
2546 1306 2821 1369 civitati
2864 1322 2984 1368 na·

521 1412 812 1475 vabant.
845 1411 1383 1475 Erubescebant
1413 1412 1613 1475 multi
1641 1413 1881 1492 palam
1925 1413 2016 1476 ad
2054 1422 2338 1476 nostros
2377 1410 2743 1492 accedere,
2776 1422 2985 1493 prout

517 1519 804 1593 assolet,
837 1534 1000 1580 cum
1029 1518 1268 1599 aliqui,
1303 1518 1665 1581 mundano
1695 1519 2005 1598 quodam
2034 1520 2311 1599 timore,
2354 1537 2444 1583 ne
2482 1520 2776 1583 nimium
2819 1520 2985 1582 boni

515 1625 674 1688 aliis
703 1626 1104 1703 videantur,
1140 1644 1182 1687 a
1213 1624 1423 1687 rebus
1454 1624 1877 1705 quibusdam
1906 1625 2282 1704 abstinent,
2316 1643 2498 1707 quae
2528 1626 2985 1690 nihilominus

514 1732 728 1795 utiles
745 1732 1002 1796 forent:
1034 1732 1388 1812 primores
1416 1741 1679 1811 tamen,
1705 1741 1775 1795 et
1797 1732 2267 1796 ecclesiastici
2291 1743 2361 1796 et
2384 1734 2813 1807 saeculares,
2842 1750 2987 1795 ma-

513 1856 737 1919 gnum
763 1840 1163 1903 dilectionis
1195 1839 1526 1903 affectum
1561 1840 1826 1903 nostris
1865 1841 2314 1903 exhibebant.
2360 1840 2706 1919 Quamvis
2746 1850 2984 1904 autem

515 1945 744 2026 major
774 1964 942 2027 pars
970 1957 1384 2009 nostrorum
1415 1964 1575 2010 cum
1614 1945 1985 2010 Concham
2022 1948 2370 2025 venirent,
2418 1938 2824 2011 valetudine
2867 1966 2984 2028 pa·

519 2070 678 2117 rum
707 2054 896 2115 bona
926 2062 1316 2131 uterentur,
1351 2068 1598 2115 omnes
1619 2053 1692 2115 in
1722 2053 1840 2116 illo
1871 2053 2141 2116 salubri
2164 2060 2329 2117 aere
2349 2054 2531 2132 sani,
2563 2052 2717 2116 Deo
2735 2053 2985 2134 Juvan·

524 2170 619 2238 te,
651 2159 882 2223 effecti
913 2170 1100 2223 sunt.
1142 2159 1434 2223 Privata
1475 2160 1849 2239 colloquia,
1896 2160 2315 2240 praesertim
2358 2176 2519 2223 cum
2561 2163 2989 2241 aegrotanti-

517 2266 652 2329 bus
695 2275 854 2347 post
893 2266 1377 2330 confessiones
1425 2266 1703 2344 habita,
1744 2283 1891 2330 non
1930 2283 2183 2346 parum
2222 2264 2314 2329 ad
2352 2266 2715 2331 hominum
2758 2268 2983 2347 profe-

531 2382 723 2436 ctum
751 2374 994 2437 valere
1017 2373 1243 2437 nostri
1274 2375 1552 2453 experti
1579 2383 1764 2437 sunt.

643 2480 785 2543 921.
874 2480 1094 2543 Misso
1126 2488 1364 2543 autem
1410 2481 1482 2543 in
1528 2481 1743 2544 alium
1773 2482 2009 2544 locum
2037 2480 2232 2544 Patri
2262 2481 2598 2561 Carvajal
2638 2482 2987 2545 successit

522 2587 600 2651 P.
644 2586 944 2650 Pertusa
967 2586 1011 2665 ³,
1046 2588 1186 2667 qui,
1232 2596 1308 2650 ut
1349 2597 1504 2650 erat
1535 2586 1624 2650 ad
1654 2588 1985 2652 ferendos
2015 2589 2296 2652 labores
2333 2590 2651 2666 idoneuS,
2686 2592 2983 2651 multum

518 2694 764 2758 auxilii
792 2693 867 2758 P.
902 2693 1273 2774 Alphonso
1305 2693 1597 2757 Rectori
1633 2695 1902 2774 attulit;
1946 2696 2286 2775 optabant
2324 2696 2781 2759 nihilominus
2820 2712 2983 2758 con-

513 2801 815 2865 chenses
845 2802 1426 2864 concionatorem
1457 2802 1762 2883 aliquem
1791 2800 2196 2879 Soc1etatiS,
2232 2813 2300 2865 et
2327 2803 2427 2864 ita
2459 2801 2533 2864 P.
2568 2800 2984 2881 Alphonsus

515 2908 752 2988 Lopez
793 2907 1100 2987 quadam
1139 2909 1212 2970 in
1254 2908 1598 2987 parochia
1643 2908 1714 2971 in
1753 2908 2090 2971 Adventu
2132 2908 2545 2971 concionari
2587 2908 2857 2987 coepit;
2892 2917 2985 2987 et,

515 3014 848 3095 quamvis
876 3014 948 3077 in
993 3014 1150 3078 aliis
1193 3013 1470 3077 duabus
1505 3014 1762 3078 vicinis
1806 3015 1929 3078 alii
1968 3016 2595 3090 concionarentur,
2638 3014 2815 3077 satis
2856 3014 2986 3077 fre-

518 3138 742 3202 quens
789 3120 1036 3185 habuit
1066 3121 1520 3199 auditorium,
1555 3132 1625 3185 et
1654 3122 1929 3185 fructus
1968 3140 2111 3185 non
2150 3120 2527 3185 mediocris
2566 3140 2657 3185 ex
2705 3120 2853 3201 ejus
2894 3124 2989 3183 la-

515 3227 688 3291 bore
718 3238 1200 3308 consequutus
1229 3238 1358 3307 est;
1395 3240 1463 3291 et
1493 3230 1795 3308 insignis
1820 3229 1952 3293 fuit
1982 3230 2055 3292 in
2084 3229 2241 3292 viro
2269 3228 2576 3310 quodam
2597 3228 2837 3307 nobili,
2867 3230 2988 3309 qui

514 3352 678 3400 eum
713 3335 1000 3398 assidue
1031 3334 1386 3413 audiebat,
1421 3337 1564 3416 qui,
1598 3354 1760 3399 cum
1791 3335 2110 3399 infensus
2140 3335 2525 3399 admodum
2562 3345 2631 3399 et
2660 3335 2990 3399 inimicus

515 3452 703 3507 esset
725 3441 1011 3506 cuidam
1039 3442 1224 3505 filiae
1254 3460 1450 3519 suae,
1497 3443 1688 3524 quod
1717 3444 1869 3506 sine
1913 3444 2135 3523 ipsius
2164 3460 2517 3506 consensu
2548 3442 2704 3505 viro
2734 3459 2990 3521 nupse-

515 3558 652 3629 rat,
695 3566 829 3613 nec
859 3550 1061 3613 multi
1107 3550 1247 3612 viri
1285 3549 1610 3629 primarii
1637 3566 1724 3613 ac
1761 3550 2081 3629 religiosi
2118 3550 2499 3628 impetrare
2544 3568 2587 3613 a
2624 3558 2829 3630 patre
2872 3566 2989 3611 ve-

515 3657 709 3719 niam
733 3656 954 3736 ipsius
975 3656 1160 3719 filiae
1184 3666 1499 3736 possent,
1529 3673 1659 3719 nec
1685 3673 1843 3719 eam
1864 3656 2111 3720 videre
2134 3658 2368 3735 vellet,
2398 3674 2558 3719 cum
2583 3658 2801 3719 semel
2824 3672 2985 3719 eum

519 3760 595 3825 P.
622 3762 1036 3843 Alphonsus
1065 3762 1303 3842 Lopez
1346 3772 1532 3826 esset
1577 3764 2015 3843 alloquutuS,
2059 3764 2165 3828 sic
2205 3764 2441 3827 animo
2472 3762 2823 3826 emollitus
2852 3773 2983 3840 est,

515 3880 592 3934 ut
621 3869 865 3933 statim
893 3870 1298 3950 promiserit
1329 3888 1404 3932 se
1435 3870 1508 3933 in
1537 3870 1845 3949 gratiam
1865 3870 2085 3933 filiam
2106 3880 2583 3951 recepturum,
2617 3880 2684 3933 et
2712 3887 2873 3933 cum
2898 3871 2991 3934 ad

513 3987 839 4041 nostram
867 3976 1245 4040 ecclesiam
1273 3977 1414 4040 filia
1445 3978 1792 4055 venisset,
1828 3993 2094 4056 magna
2138 3994 2303 4041 cum
2332 3978 2601 4041 laetitia
2635 3987 2704 4040 et
2748 3978 2991 4041 mixtis

520 4084 860 4165 lacrymis
887 4084 1077 4165 patri
1107 4084 1570 4148 reconciliata
1601 4095 1737 4164 est;
1782 4101 1965 4165 quae
1994 4101 2112 4147 res
2150 4102 2193 4147 a
2225 4084 2517 4148 civitate
2555 4085 2677 4147 illa
2725 4102 2808 4147 eo
2846 4102 2989 4147 ma·

513 4190 695 4271 joris
735 4190 1077 4253 momenti
1105 4190 1482 4253 aestimata
1511 4190 1664 4269 fuit,
1697 4189 1923 4271 quod,
1958 4199 2325 4271 tamquam
2353 4189 2439 4254 de
2465 4193 2679 4271 plaga
2711 4190 2987 4253 incura-

518 4298 670 4377 bili,
705 4297 840 4360 sibi
870 4298 956 4361 de
988 4296 1122 4360 hac
1155 4297 1732 4361 reconciliatione
1761 4297 2212 4379 desperabat.

601 4536 620 4572 ¹
677 4538 978 4593 Alphonsus
998 4536 1170 4592 Lopez
1190 4544 1244 4581 et
1266 4538 1534 4593 carvajal.

595 4610 620 4642 ¹
671 4611 764 4653 “no
787 4609 962 4653 tenian
985 4612 1182 4653 talento
1205 4621 1337 4663 para
1359 4610 1638 4664 predicar...
1663 4610 1928 4660 Arcana,
1951 4612 1983 4653 1.
2008 4624 2071 4663 c..
2094 4622 2209 4665 cap.
2242 4623 2274 4665 ι,
2297 4612 2323 4666 ξ
2343 4614 2384 4665 ⁴,
2408 4614 2492 4667 qui
2517 4620 2689 4656 tamen
2714 4613 2759 4655 id
2802 4610 2993 4655 asserit

513 4682 581 4725 de
602 4682 662 4726 Ρ.
682 4682 856 4736 Lopez
876 4688 928 4725 et
951 4680 1004 4725 Ρ.
1029 4682 1266 4735 Pertusa,
1289 4694 1388 4727 non
1407 4683 1468 4725 de
1493 4682 1743 4737 Carvajal

599 4754 624 4787 ⁸
675 4752 740 4797 P.
769 4752 1123 4797 Gundisalvus
1145 4754 1384 4798 Pertusa.
