3742 5392
714 446 823 506 ⁴50
1635 446 1893 508 Cimon.
1933 446 2087 509 Soc.
2129 447 2269 520 Jss.

715 595 996 659 titudini
1023 610 1168 657 non
1198 602 1568 675 poterant;
1601 592 1788 657 unde
1817 611 1961 657 non
1990 593 2200 675 pauci
2224 594 2364 657 alio
2389 595 2493 658 ire
2514 595 2979 675 cogebantur.
3006 595 3178 659 Fru-

715 711 875 767 ctus
903 711 1140 766 autem
1169 700 1697 765 confessionum
1727 701 1863 764 illis
1894 699 2159 765 similes
2205 711 2440 777 erant,
2490 701 2610 783 qui
2649 719 2741 765 ex
2778 701 3179 781 huJusmodi

715 808 1108 874 ministerio
1140 808 1308 872 alibi
1335 795 1713 890 provenire
1743 808 2099 884 solebant;
2132 816 2201 871 et
2230 824 2392 871 cum
2420 808 2706 889 plurimi
2734 810 2955 873 totius
2984 809 3179 873 vitae

715 916 1238 982 confessionem
1264 924 1713 996 peragerent,
1749 914 2119 978 accidebat
2149 924 2225 977 ut
2263 932 2445 995 quae
2484 916 2739 995 viginti
2776 926 2849 979 et
2884 917 3176 997 triginta

709 1023 861 1105 jam
889 1041 1115 1087 annos
1145 1031 1422 1086 retenta
1451 1020 1754 1100 fuerant,
1782 1038 1946 1085 cum
1975 1022 2208 1085 aliena
2230 1031 2489 1101 essent,
2517 1024 3081 1106 restituerentur;
3108 1035 3179 1089 et

719 1134 884 1215 quia
912 1149 1001 1195 ex
1027 1128 1427 1210 huJusmodi
1452 1126 1713 1211 [plures
1735 1126 1990 1209 erant]‚
2020 1130 2136 1209 qui
2161 1130 2375 1193 totius
2399 1122 2773 1194 anteactae
2796 1132 2989 1195 vitae
3012 1149 3175 1195 con·

715 1240 1100 1305 sessionem
1128 1237 1495 1302 instituere
1534 1237 1905 1316 volebant,
1948 1236 2387 1316 cogebantur
2428 1238 2657 1301 nostri
2686 1239 3035 1319 quosdam
3065 1257 3175 1303 eo-

717 1365 878 1413 rum
907 1346 1288 1409 admonere
1317 1353 1392 1407 ut
1416 1344 1650 1423 magis
1673 1352 2150 1423 opportunum
2174 1350 2451 1424 tempus
2476 1344 2665 1409 aliud
2689 1356 3173 1426 expectarent.

837 1452 980 1517 963.
1066 1451 1390 1533 Plerique
1423 1461 1656 1515 autem
1687 1450 1836 1514 fere
1878 1467 2125 1515 omnes
2164 1449 2565 1530 huJusmodi
2607 1454 3051 1533 poenitentes
3088 1460 3181 1521 ad

715 1563 1043 1628 crebram
1073 1560 1589 1624 confessionem
1638 1562 1708 1621 et
1745 1558 2313 1621 communionem
2353 1576 2515 1622 cum
2556 1576 2819 1641 magno
2848 1579 2979 1625 suo
3024 1582 3178 1645 pro·

716 1669 906 1735 fectu
930 1667 1488 1745 adducebantur,
1514 1675 1583 1730 et
1613 1684 1704 1729 ex
1725 1666 1836 1729 his
1866 1665 2107 1746 aliqui,
2128 1674 2509 1745 antequam
2536 1666 2846 1731 cubitum
2866 1668 3072 1748 irent,
3092 1672 3177 1734 si-

718 1778 862 1841 mul
889 1793 1054 1840 cum
1079 1775 1242 1840 filiis
1269 1792 1439 1839 suas
1470 1775 1829 1837 orationes
1859 1781 1928 1836 et
1958 1772 2437 1837 conscientiae
2464 1789 2765 1837 examen
2794 1773 3173 1857 faciebant,

718 1886 839 1950 alii
877 1885 1093 1949 etiam
1131 1883 1579 1958 verberibuS,
1631 1881 2105 1961 poenitentiae
2141 1880 2410 1960 gratia,
2453 1879 2577 1943 sed
2622 1883 3055 1963 voluntarie,
3098 1903 3175 1949 se

717 1992 1153 2070 caedebant,
1204 2001 1274 2055 et
1314 1990 1598 2071 quidem
1643 1989 1989 2070 quotidie,
2050 1998 2127 2052 ut
2175 1988 2425 2052 fraeno
2477 1990 2587 2052 his
2616 2005 2793 2068 opus
2823 2001 3031 2055 esset.
3066 1993 3176 2056 Ex

715 2100 827 2162 his
867 2100 1079 2163 etiam
1119 2098 1336 2179 aliqui
1379 2097 1762 2177 mendicOS,
1805 2108 1876 2160 et
1920 2096 2300 2176 agricolaS,
2346 2108 2417 2160 et
2454 2113 2600 2176 θος,
2642 2098 2761 2177 qui
2804 2098 2879 2161 in
2916 2115 3175 2179 caupo-

717 2207 830 2270 nis
859 2207 1354 2281 versabantur,
1387 2207 1460 2270 in
1491 2209 1828 2287 templum
1858 2206 1949 2270 ad
1979 2222 2265 2269 sacrum
2297 2205 2725 2270 audiendum
2754 2215 2823 2269 et
2847 2207 2938 2269 ad
2965 2206 3174 2270 confi·

716 2315 1006 2378 tendum
1036 2324 1332 2395 peccata
1363 2314 1840 2393 adducebant;
1874 2315 1961 2378 de
2000 2324 2210 2379 nocte
2248 2316 2462 2379 etiam
2490 2316 2581 2379 ad
2625 2332 2871 2379 eorum
2908 2315 3177 2379 habita-

716 2422 982 2485 tionem
1018 2423 1215 2486 ibant
1253 2432 1330 2485 ut
1372 2423 1460 2488 de
1499 2424 1625 2499 eiS,
1673 2440 1854 2503 quae
1900 2423 1991 2486 ad
2035 2424 2315 2487 animae
2359 2426 2665 2488 salutem
2706 2423 3175 2503 pertinebant,

714 2531 1195 2609 loquerentur;
1229 2541 1298 2593 et
1328 2539 1600 2594 tantam
1621 2528 2023 2610 hujusmodi
2046 2532 2411 2594 hominum
2440 2547 2745 2593 messem
2769 2530 2861 2593 ad
2889 2540 3179 2593 nostros

716 2637 1186 2717 adducebant,
1224 2646 1298 2701 ut
1329 2654 1493 2701 cum
1522 2638 1625 2702 eis
1655 2638 1983 2702 omnibus
2010 2639 2381 2704 audiendis
2411 2650 2691 2721 tempus
2728 2656 2871 2703 non
2912 2637 3180 2701 suffice-

715 2754 856 2823 ret,
911 2744 1002 2807 ad
1053 2746 1351 2809 aliorum
1403 2745 1900 2826 religiosorum
1940 2748 2374 2811 monasteria
2416 2765 2538 2811 eos
2578 2746 2837 2810 adduci
2887 2762 3177 2809 necesse

715 2862 924 2915 esset.

835 2958 976 3023 964.
1065 2959 1244 3025 Pars
1265 2962 1616 3042 quaedam
1641 2962 2105 3025 cordubensis
2126 2963 2442 3025 civitatis
2465 2971 2642 3038 erat,
2670 2960 3127 3024 Alchaizaria
3162 2957 3176 2989 ¹

716 3068 1034 3147 nomine,
1082 3067 1366 3131 infamis
1403 3076 1692 3148 propter
1728 3067 2097 3132 hominum
2138 3069 2258 3149 qui
2300 3068 2397 3132 ibi
2452 3069 2924 3132 versabantur
2973 3066 3173 3130 vitia:

715 3184 878 3256 post
907 3173 1548 3255 Quadragesimam
1576 3186 1812 3238 autem
1833 3178 1938 3239 sic
1961 3176 2061 3238 iui
2084 3176 2407 3240 homines
2436 3176 2508 3238 in
2544 3176 2721 3238 alios
2750 3175 3005 3239 mutati
3035 3174 3179 3237 fue-

717 3291 912 3360 runt,
942 3282 1211 3346 nostris
1241 3282 1749 3363 adnitentibus,
1796 3292 1870 3346 ut
1898 3300 2043 3346 non
2082 3284 2309 3347 solum
2341 3283 2476 3364 ipsi
2516 3291 2883 3345 cessarent
2934 3300 2976 3344 a
3020 3298 3180 3345 con-

715 3390 935 3453 suetis
963 3388 1279 3469 peccatis
1307 3388 1516 3464 (inter
1545 3407 1728 3470 quae
1750 3388 1923 3453 illud
1952 3407 2111 3453 esse
2133 3390 2500 3453 dicebatur
2522 3389 2709 3470 quod
2738 3388 2935 3452 multi
2959 3388 3183 3452 vitam

714 3495 1116 3575 transigere
1161 3495 1580 3560 dicebantur
1622 3496 1920 3560 emendo
1965 3514 2009 3559 a
2059 3497 2433 3576 mancipiis
2483 3498 2599 3560 vel
2650 3498 2739 3559 ab
2790 3496 2949 3559 aliis
3001 3512 3184 3575 quae

713 3602 852 3682 ipsi
880 3601 905 3633 ²
936 3600 1198 3685 [furati]
1238 3602 1585 3682 fuerant),
1631 3604 1758 3667 sed
1797 3603 2057 3667 vicinis
2099 3604 2314 3667 etiam
2360 3612 2437 3667 ut
2477 3603 2567 3667 ab
2606 3604 2709 3666 eis
2746 3603 3185 3667 abstinerent

715 3712 1146 3793 persuadere
1175 3720 1638 3791 conarentur,
1673 3723 1740 3775 et
1771 3712 1874 3775 eis
1905 3713 2026 3792 qui
2054 3723 2478 3792 egestatem,
2513 3728 2802 3775 suorum
2837 3713 3186 3774 malorum

805 3989 816 4021 Ι
877 3988 1203 4044 Sic;nullam
1225 3998 1398 4035 tamen
1419 3990 1688 4035 Cordubae
1727 3999 1935 4045 partem
1966 3991 2063 4034 hoc
2103 3992 2305 4035 nomine
2351 3993 2671 4047 appellatam
2704 3992 3019 4046 reperimus,
3054 3994 3186 4049 quod

717 4064 927 4116 proprie
943 4062 1182 4115 designat
1205 4064 1390 4115 locum,
1411 4062 1464 4106 in
1485 4073 1584 4117 quo
1606 4064 1922 4107 conveniunt
1942 4070 2279 4117 mercatores,
2302 4064 2335 4107 ii
2358 4064 2669 4118 praesertim
2702 4063 2787 4117 qui
2817 4064 3041 4108 sericum
3070 4076 3187 4109 cru·

715 4136 867 4187 dum,
881 4146 973 4179 seu
1001 4136 1226 4179 nondum
1247 4134 1299 4177 in
1312 4133 1398 4178 fila
1415 4139 1644 4178 tractum
1661 4146 1754 4178 nec
1776 4142 1991 4187 textum,
2010 4136 2255 4178 vendunt.
2271 4134 2429 4179 Aliud
2452 4143 2566 4178 erat
2585 4134 2856 4179 Cordubae
2882 4136 3183 4180 suburbium

717 4207 998 4257 hominum,
1012 4206 1098 4260 qui
1119 4206 1244 4250 iilud
1267 4207 1579 4251 incolebant.
1599 4206 1752 4249 furtis
1775 4206 1995 4261 aliisque
2017 4206 2069 4250 id
2090 4217 2254 4260 genus
2279 4206 2598 4251 facinoribus
2628 4208 2760 4251 satis
2794 4209 3015 4262 celebre,
3050 4208 3185 4262 quod

716 4279 970 4334 appellari
1006 4290 1166 4333 usque
1208 4289 1340 4321 nunc
1370 4280 1642 4322 consuevit
1664 4276 1929 4333 Ajarquia
1950 4278 2255 4322 “destinada
2275 4290 2371 4334 por
2390 4286 2532 4323 estos
2552 4277 2840 4331 (romanis)
2874 4289 3008 4333 para
3039 4278 3185 4322 habi·

649 4366 653 4369 ·
711 4350 886 4394 tacion
907 4350 968 4393 de
998 4351 1076 4393 los
1112 4352 1403 4403 naturales,
1427 4349 1853 4404 permaneciendo
1876 4350 1954 4393 sin
1976 4360 2149 4392 muros
2170 4350 2326 4393 hasta
2347 4350 2396 4392 el
2416 4350 2610 4404 tiempo
2631 4349 2694 4392 de
2714 4350 2793 4393 los
2832 4350 3023 4393 arabes
3040 4382 3051 4401 ,
3089 4358 3187 4404 que

713 4423 762 4465 le
790 4422 972 4465 dieron
1005 4422 1053 4465 el
1087 4423 1296 4465 nombre
1317 4421 1379 4464 de
1401 4420 1677 4475 Aserquia,
1697 4428 1807 4464 esto
1827 4432 1885 4465 es
1907 4420 2093 4464 ciudad
2114 4420 2364 4474 oriental,
2387 4421 2485 4476 yle
2508 4420 2793 4465 afiadieron
2811 4422 2861 4463 el
2885 4422 3077 4475 ang-ulo
3110 4430 3191 4464 aa·

714 4497 873 4542 liente
894 4497 1051 4541 desde
1072 4497 1124 4541 la
1147 4494 1332 4550 iglesia
1350 4495 1653 4550 pax-roquial
1674 4495 1738 4538 de
1761 4494 1866 4538 San
1902 4486 2134 4539 Lorenzo
2165 4496 2319 4538 hasta
2353 4496 2407 4538 la
2432 4500 2623 4548 puerta
2657 4493 2929 4537 excusada
2962 4492 3190 4537 llamacla

713 4574 1079 4626 vulgar-mente
1099 4569 1160 4611 de
1175 4567 1228 4612 la
1241 4566 1636 4615 Misericordia..
1655 4566 1837 4611 Maooz
1855 4600 1866 4619 ,
1892 4568 1925 4611 1.
1948 4580 1974 4610 c
1994 4600 2004 4621 ,
2030 4572 2064 4610 t.
2089 4578 2160 4621 vi,
2184 4578 2303 4621 pag.
2323 4565 2419 4609 620.
2444 4566 2575 4609 Vide
2597 4565 2756 4610 etiam
2776 4564 3038 4616 Maiam-m,
3068 4562 3190 4607 His-

713 4644 859 4687 toria
879 4643 946 4687 de
966 4642 1210 4696 Esparxa,
1231 4641 1315 4684 lib.
1335 4650 1429 4697 ιιι,
1453 4652 1567 4695 cap.
1594 4638 1658 4683 18.

798 4718 819 4748 ²
875 4714 1114 4771 Scilicet,
1147 4714 1406 4769 mancipia
1430 4716 1514 4758 vel
1543 4714 1650 4758 alii.
