3742 5392
1646 470 1773 527 Aa.
1818 468 1962 527 1554
2943 464 3048 523 051

570 612 1067 695 profecturum
1094 630 1275 694 esse,
1308 616 1541 695 coepit
1566 624 1635 679 et
1659 615 1809 695 ipse
1842 613 2272 694 pauperibus
2301 621 2382 693 et·
2401 613 2684 693 pietatis
2716 611 3052 692 operibus

580 722 771 785 bona
812 738 943 784 sua
984 720 1428 801 distribuere,
1476 730 1547 785 et
1586 722 1776 786 dona
1824 720 2130 801 plurima
2180 728 2250 783 et
2297 737 2414 784 res
2464 720 2814 801 pretiosas
2855 720 3046 799 emit,

572 845 767 908 quae
796 828 1112 909 Regibus
1142 846 1227 892 ac
1255 829 1700 909 Principibus
1724 828 2233 909 japonensibus
2262 827 2450 891 dono
2480 828 2704 905 daret,
2740 835 2816 890 ut
2844 828 3049 891 bene·

586 937 733 999 voli
776 936 1011 1015 magis
1048 936 1141 999 ad
1176 953 1355 1017 opus
1392 936 1888 1000 conversionis
1923 936 2420 1009 redderentur;
2463 947 2534 999 et
2581 952 2742 999 cum
2793 937 3052 999 multos

585 1043 881 1107 haberet
916 1059 1191 1121 serVOS,
1237 1060 1483 1107 omnes
1521 1044 1846 1107 libertate
1897 1042 2213 1120 donavit,
2256 1043 2443 1105 inter
2481 1058 2664 1124 quos
2714 1052 2860 1107 tres
2907 1042 3048 1105 fue·

582 1160 771 1229 runt,
804 1149 925 1229 qui
953 1149 1043 1213 ad
1084 1150 1299 1231 pedes
1339 1149 1604 1215 domini
1642 1150 1753 1214 sui
1794 1166 1871 1213 se
1911 1152 2440 1230 provolventeS,
2491 1166 2654 1213 cum
2711 1150 3052 1230 lacrymis

572 1274 743 1321 eum
791 1266 1139 1337 rogarunt
1176 1266 1253 1322 ut
1288 1274 1534 1321 secum
1573 1258 1647 1321 in
1684 1257 2034 1340 Japonem
2076 1256 2270 1336 ipsos
2313 1256 2663 1321 deducere
2691 1258 2928 1333 vellet,
2977 1265 3052 1319 ut

584 1364 845 1428 ibidem
873 1381 1035 1427 cum
1062 1364 1217 1443 ipso
1248 1372 1717 1441 morerentur;
1749 1364 2029 1444 aliquos
2050 1364 2122 1426 in
2145 1363 2462 1441 Collegio
2484 1364 2750 1428 Goensi
2771 1365 3054 1443 reliquit

582 1480 684 1547 ut,
716 1480 1093 1551 postquam
1130 1470 1431 1535 instituti
1461 1489 1503 1535 a
1532 1470 1797 1534 nostris
1836 1469 2158 1549 fuissent,
2191 1470 2410 1533 libere
2440 1469 2627 1551 quod
2660 1472 2924 1535 vellent
2953 1472 3052 1534 vi-

574 1587 699 1641 tae
742 1594 968 1657 genus
1016 1578 1481 1658 susciperent.
1531 1577 1694 1641 Duo
1736 1578 1954 1641 millia
1998 1586 2278 1641 tantum
2316 1577 2736 1641 ducatorum
2773 1579 2847 1642 in
2887 1596 3050 1641 con-

580 1684 1142 1765 sanguineorum
1170 1685 1641 1764 indigentium
1669 1685 1974 1748 usumin
2003 1684 2519 1764 Portugalliam
2547 1686 2761 1750 misit.

710 1790 885 1856 1393.
974 1792 1150 1856 Cum
1182 1801 1421 1857 autem
1448 1793 1521 1855 in
1549 1793 1855 1855 insulam
1887 1792 2130 1873 (quam
2161 1791 2450 1855 Cioram
2483 1791 2498 1823 ¹
2532 1793 2818 1871 vocant)
2863 1794 3052 1856 mille

590 1900 916 1981 passibus
946 1899 1101 1964 Goa
1131 1900 1537 1976 distantem,
1590 1899 1665 1963 P.
1720 1900 2065 1963 Melchior
2113 1900 2381 1977 ivisset,
2437 1908 2508 1963 et
2557 1899 3052 1964 Ferdinandus

582 2008 891 2072 Mendez
918 2008 1243 2072 eumdem
1272 2017 1461 2071 esset
1488 2006 1890 2085 comitatuS,
1926 2015 2001 2070 ut
2030 2007 2546 2087 quinquaginta
2572 2006 2872 2070 ducatos
2910 2004 3051 2087 [do-

588 2114 821 2197 naret]
872 2115 965 2179 ad
1013 2114 1409 2196 Juvandum
1457 2114 1880 2192 aedificium,
1936 2114 2123 2194 quod
2173 2115 2268 2178 ibi
2323 2114 2535 2178 fiebat
2581 2114 2654 2177 in
2707 2116 3050 2178 honorem

592 2223 743 2287 ΒΑιε
780 2222 1105 2303 Virginis
1136 2221 1405 2285 Mariae
1439 2219 1671 2302 [quae]
1707 2220 2132 2300 gratiarum
2161 2220 2552 2298 dicebatur,
2587 2230 2657 2283 et
2698 2220 3050 2285 interfuis-

575 2340 695 2393 set
722 2328 1093 2409 colloquiis
1130 2327 1637 2408 spiritualibus,
1672 2344 1855 2407 quae
1899 2328 1984 2391 de
2023 2326 2179 2390 Deo
2209 2346 2252 2390 a
2289 2329 2554 2391 nostris
2582 2328 3046 2403 habebantur;

579 2446 786 2500 tanto
826 2435 1109 2500 fervore
1154 2452 1499 2499 accensus
1537 2434 1691 2513 fuit,
1738 2433 1819 2496 B.
1852 2433 2177 2513 Virgine,
2223 2441 2298 2498 ut
2339 2436 2673 2513 creditur,
2707 2436 2774 2498 ei
2815 2436 3050 2515 gratia

585 2545 1033 2624 impetrante,
1066 2552 1143 2606 ut
1169 2542 1429 2605 ibidem
1463 2550 1706 2604 votum
1746 2542 2062 2604 emiserit
2091 2542 2424 2617 animam,
2473 2560 2732 2622 corpus
2764 2552 2833 2604 et
2862 2542 3049 2605 bona

584 2659 926 2731 perpetuo
953 2649 1091 2712 Dei
1118 2648 1411 2713 servitio
1453 2648 1940 2712 consecrandi.
1974 2649 2064 2712 Et
2104 2650 2434 2728 quamvis
2473 2666 2636 2712 eum
2665 2650 3050 2730 reprimere

586 2759 667 2822 P.
700 2757 1045 2822 Melchior
1072 2756 1317 2833 voluit,
1352 2756 1645 2835 spiritus
1670 2754 1825 2834 ejus
1851 2756 2207 2819 fervorem
2251 2757 2584 2820 cohibere
2613 2758 2900 2821 minime
2930 2774 3051 2837 po·

587 2866 741 2929 tuit.
778 2864 1100 2945 Quatuor
1127 2872 1248 2926 aut
1276 2863 1583 2943 quinque
1612 2862 1833 2926 millia
1862 2863 2286 2927 ducatorum
2316 2864 2556 2927 statim
2601 2862 2791 2927 dedit
2818 2863 2908 2926 ad
2933 2880 3048 2928 ex-

586 2972 1021 3052 peditionem
1041 2968 1527 3050 J‘aponensem,
1562 2970 1817 3049 partim
1850 2978 1929 3031 ut
1949 2969 2157 3048 dona,
2184 2970 2368 3033 sicut
2397 2970 2595 3048 dixit,
2629 2970 3050 3051 quibusdam

580 3097 681 3143 ex
703 3077 1129 3160 primoribus
1158 3076 1600 3152 offerrentur,
1624 3076 1889 3156 partim
1917 3085 1993 3139 ut
2022 3075 2272 3140 domus
2301 3086 2372 3141 et
2401 3078 2704 3142 ecclesia
2732 3077 3052 3142 Salvato-

589 3186 689 3249 ris
741 3184 969 3264 Bungi
1008 3182 1527 3259 aedificaretur,
1572 3182 1831 3262 partim
1876 3192 1953 3246 ut
1988 3182 2397 3262 aliquandiu
2435 3184 2660 3247 nostri
2705 3194 3050 3248 sustenta-

590 3302 861 3369 rentur,
901 3296 969 3355 et
996 3291 1075 3353 in
1122 3307 1202 3353 eo
1232 3289 1348 3354 vel
1390 3288 1561 3353 aliis
1590 3290 1687 3351 ad
1728 3289 2268 3353 conversionem
2317 3290 2806 3370 spectantibus
2835 3292 3053 3372 japo-

586 3416 851 3461 nenses
892 3415 1036 3461 non
1065 3403 1479 3476 gravarent
1506 3396 1552 3457 ·.

715 3504 890 3567 1394.
976 3504 1414 3586 Simulatque
1438 3505 1577 3569 Pro
1609 3522 1737 3567 rex
1767 3504 2110 3567 intellexit
2133 3506 2323 3585 quod
2345 3505 2840 3569 Ferdinandus
2863 3504 3054 3569 Men·

580 3612 720 3676 dez
760 3629 921 3675 curn
970 3612 1234 3676 nostris
1280 3612 1351 3674 in
1395 3611 1743 3694 Japonem
1789 3610 2396 3692 proficiscebatur,
2443 3630 2651 3676 suum
2703 3612 3051 3693 Legatum

576 3736 749 3782 eum
776 3717 944 3783 fecit
974 3718 1063 3781 ad
1094 3716 1327 3797 Bungi
1355 3717 1649 3797 Regem,
1685 3734 1851 3781 nam
1883 3729 2040 3781 erat
2078 3720 2345 3799 alioqui
2374 3718 2584 3782 valde
2614 3730 2828 3783 notus
2857 3718 3055 3783 Prin·

575 3826 861 3906 cipibus
890 3824 1425 3905 japonensibuS‚
1466 3824 1652 3905 quod
1690 3824 2230 3905 quatuordecim
2269 3844 2495 3890 annos
2531 3826 2668 3890 illis
2713 3827 2786 3889 in
2823 3828 3051 3905 regio·

585 3934 795 3996 nibus
823 3940 1305 3997 mercaturam
1333 3934 1793 4009 exercuisset,
1828 3942 1900 3995 et
1922 3933 2113 3997 dedit
2143 3934 2242 3996 illi
2271 3934 2460 3997 dona
2490 3950 2654 3997 cum
2684 3935 2938 3998 litteris
2963 3934 3054 3997 ad

588 4042 915 4105 eumdem
943 4039 1175 4119 Bungi
1204 4040 1496 4119 Regem,
1526 4040 1791 4103 nostris
1814 4040 2028 4103 etiam
2068 4049 2488 4105 ornamenta
2519 4041 2865 4121 quaedam
2897 4058 3048 4121 pre·

587 4150 771 4213 tiosa
800 4148 893 4211 ad
934 4147 1191 4211 Missas
1230 4156 1300 4210 et
1344 4147 1587 4211 divina
1617 4146 1843 4211 officia
1876 4146 2302 4211 celebranda
2330 4149 2580 4212 obtulit
2619 4159 2692 4211 ut
2721 4148 3054 4228 splendor

578 4255 865 4319 externi
904 4257 1155 4333 cultuS,
1198 4263 1479 4334 praeter
1520 4254 1918 4317 doctrinam
1957 4265 2025 4317 et
2063 4255 2461 4334 exemplum
2502 4264 2930 4333 nostrorum,
2965 4254 3054 4317 ad

585 4362 817 4443 majus
846 4362 984 4426 Dei
1010 4361 1383 4425 servitium
1412 4371 1482 4425 et
1510 4360 2075 4426 aedificationem
2099 4360 2596 4441 japonensium
2626 4360 2930 4425 cederet.

670 4570 685 4602 ¹
745 4568 971 4614 Choram
999 4566 1183 4612 scribit
1214 4567 1273 4611 P.
1296 4566 1523 4621 Nugnez.
1548 4565 1684 4611 Vide
1704 4572 1890 4613 annot.
1917 4566 1984 4610 ad
2004 4577 2052 4610 n.
2071 4566 2485 4621 praecedentem.
2519 4563 2926 4638 choram-etlam
2949 4566 3058 4619 ipse

587 4642 805 4687 xavier.
827 4638 1004 4695 Eptst.
1027 4639 1099 4682 ad
1120 4638 1178 4684 P.
1204 4638 1504 4693 Gasparem
1526 4638 1857 4689 Barnaeum,
1880 4638 2049 4693 Aprili
2073 4638 2192 4681 1552.

667 4712 691 4744 ⁸
743 4712 887 4757 Haec
910 4711 1071 4755 etiam
1088 4711 1290 4755 addidit
1312 4710 1363 4754 in
1382 4710 1619 4764 margine
1642 4710 1900 4755 Pol-neus
1923 4709 2136 4763 propria
2157 4720 2327 4753 maun.
