3742 5392
1630 494 1759 553 ΑΝ.
1802 494 1944 553 1554
2909 492 3027 551 203

554 642 819 705 hilares
850 640 942 705 ad
970 658 1140 705 suos
1187 640 1569 704 redierunt.
1612 638 1729 705 Sic
1778 639 2143 703 redierunt
2185 638 2278 702 ad
2321 656 2445 702 cor
2485 639 3016 719 praevaricato-

554 766 671 813 res
698 766 841 812 non
871 748 1071 812 multi
1098 751 1113 779 '
1146 758 1217 810 et
1244 748 1425 811 haec
1446 746 1713 812 Sancta
1741 745 2208 812 Sacramenta
2224 794 2239 825 ,
2267 746 2360 809 ad
2389 762 2569 826 quae
2591 744 2712 808 diu
2739 762 2883 809 non
2906 762 3016 807 ac·

556 865 922 919 cesserant
939 904 954 933 ,
972 854 1457 935 voluptatibus
1474 864 1597 917 aut
1626 853 1809 917 odiis
1830 853 2108 931 irretiti,
2133 864 2201 917 et
2225 854 2496 916 alienas
2519 852 2736 933 aliqui
2757 868 3022 915 uxores

560 963 1018 1043 reliquerunt.
1050 962 1225 1025 Erat
1253 970 1491 1025 autem
1518 961 1988 1041 plurimorum
2029 977 2168 1023 una
2201 978 2348 1023 vox
2368 1008 2383 1039 ,
2425 968 2590 1024 tunc
2629 960 2764 1023 sibi
2793 958 3022 1033 videri

560 1069 815 1151 quietis
863 1068 1129 1149 aliquid
1170 1078 1240 1132 et
1281 1068 1591 1132 laetitiae
1644 1068 2033 1149 spiritualis
2089 1068 2382 1146 sentire,
2435 1084 2600 1131 cum
2635 1070 2708 1130 in
2757 1069 3020 1147 templo

558 1177 649 1241 D.
678 1176 955 1241 Nicolai
985 1185 1252 1255 essent,
1288 1186 1603 1239 ceterum
1644 1176 1890 1239 mundi
1929 1175 2170 1239 omnia
2209 1176 2468 1239 misera
2498 1184 2568 1238 et
2606 1174 3024 1255 perturbata

563 1301 741 1347 esse.

678 1390 818 1454 446.
909 1391 1243 1471 Augebat
1273 1402 1511 1455 autem
1539 1392 2106 1456 aedificationem
2135 1392 2325 1473 quod
2355 1391 2570 1471 aliqui
2601 1390 2751 1470 ejus
2780 1390 3024 1453 civita·

560 1501 651 1563 tis
681 1498 1000 1580 primarii
1028 1498 1198 1577 viri,
1233 1516 1536 1580 quorum
1583 1498 1869 1563 infamis
1907 1499 2059 1563 vita
2086 1499 2258 1562 nulli
2301 1509 2456 1563 erat
2495 1495 2690 1579 [non]
2721 1507 2922 1573 nota,
2957 1508 3031 1559 et*

560 1606 1078 1685 inextinguibili
1128 1605 1487 1670 vindictae
1535 1606 1984 1670 inimicorum
2021 1606 2172 1680 siti,
2216 1622 2498 1685 semper
2535 1605 2753 1669 armis
2793 1604 3029 1667 onusti

564 1713 1212 1793 conspiciebantur,
1238 1714 1378 1778 illis
1402 1712 1741 1794 depositis
1763 1761 1777 1792 ,
1805 1714 1946 1777 alia
1969 1713 2366 1793 spiritualia
2389 1712 2774 1777 induebant
2799 1728 3027 1789 arma,

562 1819 815 1900 quibus
836 1820 1279 1898 daemonem,
1304 1819 1644 1883 mundum
1664 1831 1735 1883 et
1758 1836 2072 1899 carnem,
2093 1836 2306 1883 veros
2325 1820 2595 1898 hosteS,
2614 1834 3028 1899 expugnare

565 1936 875 2007 possent.
907 1925 1097 1990 Inter
1127 1928 1305 1991 alios
1326 1928 1440 1990 vir
1468 1936 1623 1991 erat
1650 1944 1793 1990 non
1824 1926 2172 1991 obscurae
2205 1927 2614 2004 nobilitatiS,
2643 1926 2784 2007 qui,
2816 1925 3033 2005 gravi.

570 2034 855 2097 vulnere
878 2044 1195 2115 accept0,
1224 2035 1298 2098 in
1322 2051 1587 2114 magno
1612 2036 1805 2099 vitae
1825 2035 2234 2099 discrimine
2257 2035 2702 2099 versabatur.
2731 2033 2864 2097 Hic
2889 2035 3030 2096 cui·

566 2140 732 2205 dam
760 2158 851 2204 ex
878 2142 1143 2205 nostris
1172 2142 1567 2220 confessuS‚
1598 2142 1672 2206 in
1700 2142 2084 2207 multorum
2109 2143 2508 2223 praesentia
2530 2158 2782 2205 vocem
2813 2143 3038 2204 extol-

568 2250 751 2326 lens,
786 2264 861 2311 se
902 2248 1217 2311 brachiis
1252 2250 1594 2329 expansis
1634 2249 2001 2313 inimicum
2039 2252 2532 2329 amplexurum
2569 2264 2726 2311 esse
2768 2247 3032 2328 pollici-

566 2364 681 2418 tus
710 2363 852 2434 est3
887 2364 1163 2419 tantum
1194 2356 1443 2421 aberat
1471 2366 1547 2419 ut
1574 2358 1691 2419 vel
1738 2355 1950 2437 injus
1979 2357 2175 2421 illum
2221 2373 2519 2432 vocare,
2555 2358 2672 2419 vel
2701 2353 2796 2434 inj
2805 2354 3036 2419 uriam

568 2463 837 2525 illatam
878 2462 1124 2526 ulcisci
1162 2464 1396 2526 vellet.
1441 2464 1616 2527 Erat
1652 2474 1721 2527 et
1749 2464 1953 2541 aliu5‚
1987 2464 2108 2545 qui
2137 2462 2560 2544 promiserat
2596 2480 2674 2525 se
2702 2460 3036 2541 injuriam

567 2570 1137 2633 condonaturum
1166 2570 1483 2647 inimic0,
1519 2588 1605 2634 ea
1634 2579 1874 2634 tamen
1897 2571 2334 2648 conditione,
2356 2579 2432 2634 ut
2461 2568 2868 2633 Messanam
2890 2587 3034 2632 non
3111 2602 3120 2609 ·

570 2676 875 2754 veniret,
908 2694 997 2739 ne
1026 2694 1113 2739 eo
1144 2676 1301 2740 viso
1332 2676 1666 2758 antiquae
1704 2676 2004 2757 injuriae
2040 2678 2441 2742 recordatio
2475 2676 3034 2740 recrudesceret:

568 2792 945 2864 postquam
982 2784 1107 2847 uni
1147 2801 1237 2847 ex
1278 2784 1542 2847 nostris
1586 2784 1955 2848 confessus
1995 2794 2134 2862 est,
2177 2802 2320 2848 non
2367 2784 2577 2847 modo
2618 2782 3038 2862 efflagitavit

570 2890 850 2968 obnixe,
883 2889 1009 2953 sed
1038 2890 1231 2954 misit
1264 2891 1481 2954 etiam
1510 2892 1603 2955 ad
1626 2890 2145 2968 adversarium,
2179 2891 2300 2972 qui
2329 2892 2396 2954 ei
2423 2890 2692 2954 diceret
2717 2900 2792 2953 ut
2831 2892 2903 2953 in
2929 2907 3038 2954 ur-

570 3000 733 3061 bem
762 3005 1245 3061 reverteretur
1270 3046 1286 3076 ,
1320 3014 1461 3077 quo
1493 2998 1679 3061 illius
1708 2998 1928 3078 pedes
1956 2999 2420 3061 oscularetur.

690 3104 834 3166 447.
921 3102 1061 3169 Sed
1090 3122 1220 3168 nec
1252 3106 1485 3168 minor
1514 3105 1732 3168 animi
1760 3104 2174 3184 magnitudo
2203 3105 2278 3168 in
2305 3104 2546 3183 fragili
2587 3120 2765 3167 sexu
2801 3103 3044 3167 foemi-

572 3228 707 3275 neo
736 3212 895 3275 visa
925 3225 1069 3275 est:
1106 3213 1459 3293 quaedam
1486 3222 1663 3290 erat,
1697 3228 1882 3293 quae
1912 3212 2147 3275 mariti
2173 3222 2476 3275 mortem
2500 3222 2646 3275 tam
2676 3211 3040 3290 impatien-

576 3328 682 3381 ter
710 3319 970 3381 tulerat
1002 3317 1420 3399 aliquande,
1452 3328 1529 3382 ut
1558 3319 1695 3382 sibi
1737 3328 2041 3383 mortem
2077 3318 2568 3386 consciscendi
2606 3318 2896 3382 modum
2926 3333 3050 3381 ex·-

576 3424 961 3504 cogitaret;
998 3441 1219 3505 quare
1248 3425 1422 3489 nihil
1446 3425 1860 3490 comedebat
1883 3442 2016 3490 nec
2039 3426 2458 3503 dormiebat,
2493 3436 2562 3489 et
2585 3425 2777 3488 humi
2795 3423 3047 3504 jacens

578 3531 712 3595 sibi
740 3542 1043 3596 mortem
1074 3534 1473 3613 expetebat,
1506 3534 1753 3597 nolens
1784 3543 2146 3614 superstes
2167 3549 2325 3597 esse
2355 3534 2534 3612 vim,
2570 3549 2777 3614 quem
2801 3534 3044 3597 immo-

578 3639 823 3702 derate
872 3638 1241 3719 diligebat,
1297 3648 1366 3703 et
1416 3651 1754 3721 proterve
1796 3640 2144 3721 justitiam
2194 3638 2331 3704 Dei
2373 3642 2736 3718 incusans,
2789 3638 3048 3703 inferni

578 3746 939 3809 cruciatus
967 3746 1103 3809 sibi
1130 3748 1445 3825 elegerat
1474 3746 1549 3810 in
1576 3748 1845 3811 doloris
1871 3748 1982 3812 sui
2021 3748 2600 3812 consolationem.
2641 3747 2840 3811 Haec
2869 3762 3044 3827 ergo

580 3852 887 3917 adducta
918 3862 993 3916 ut
1022 3852 1145 3916 uni
1173 3870 1265 3916 ex
1306 3851 1635 3917 Patribus
1670 3854 1935 3920 nostris
1985 3854 2473 3931 confiteretur,
2518 3855 2696 3918 adeo
2739 3864 3048 3918 mentem

582 3960 653 4023 in
682 3960 932 4024 melius
961 3960 1425 4024 commutavit
1446 4010 1462 4040 ,
1492 3970 1570 4025 ut
1598 3978 1740 4043 quo
1765 3972 1978 4027 antea
2006 3980 2132 4043 spe
2161 3972 2348 4026 esset
2377 3960 2744 4042 deJ'ectior,
2793 3980 2878 4025 eo
2907 3970 3050 4025 sta·

582 4068 791 4131 bilius
816 4068 891 4131 in
914 4084 1115 4148 spem
1164 4067 1449 4132 divinae
1477 4071 1898 4133 clementiae
1935 4070 2392 4149 dirigeretur,
2435 4080 2504 4133 et
2533 4070 2605 4132 in
2647 4085 2895 4133 earum
2926 4086 3050 4131 nu·

583 4192 780 4240 mero
804 4192 961 4239 esse
983 4176 1239 4257 coepit,
1276 4194 1456 4258 quae
1481 4175 1969 4241 confessionis
1989 4187 2059 4240 et
2080 4176 2576 4241 Eucharistiae
2599 4185 3051 4241 sacramenta

584 4281 1057 4363 frequentant.

704 4388 845 4453 448.
919 4388 1326 4471 Spiritualia
1344 4390 1686 4456 exercitia
1702 4390 1956 4454 devote
1973 4391 2193 4471 aliqui
2206 4402 2660 4471 acceperunt,
2681 4400 2750 4455 et
2765 4400 3058 4455 nostrae

588 4495 928 4562 Societati
956 4515 1033 4561 se
1056 4496 1348 4577 dedere,
1381 4499 1568 4578 quod
1598 4498 1669 4561 in
1702 4498 1878 4578 ipsis
1905 4506 2092 4573 erat,
2123 4506 2545 4563 statuerunt.

672 4738 689 4769 ¹
747 4736 858 4791 8103
874 4738 1071 4783 rectius
1093 4738 1317 4783 fortasse
1342 4738 1606 4783 nonnulli.
