3742 5392
1651 486 1778 547 ΑΝ.
1827 487 1968 545 1554
2952 485 3057 545 461

563 642 761 696 tunc
791 634 1164 709 sentiebat,
1189 633 1684 712 confitebatur,
1709 643 1778 698 et
1800 632 2116 711 gaudere
2140 649 2217 694 se
2240 630 2716 712 paranymphi
2746 631 3055 697 officium

589 756 764 819 erga
795 739 1222 804 Societatem
1251 742 1692 817 exercuisse,
1727 750 1796 803 et
1825 739 2046 820 quod,
2082 738 2174 801 ad
2214 736 2339 802 Sti.
2383 738 2684 821 Joannis
2724 738 3052 803 imitatio·

587 864 784 924 nem,
835 848 1102 926 gaudio
1149 848 1509 927 gaudebat
1557 860 1849 927 propter
1902 862 2239 926 sponsum
2290 856 2425 909 etc.
2480 844 2781 909 Dicebat
2838 846 3055 910 etiam

587 952 666 1023 P.
699 952 1038 1017 Torrensi
1063 954 1256 1033 quod
1283 954 1419 1034 ipsi
1451 953 1812 1019 acciderat
1844 970 2007 1017 cum
2034 951 2111 1015 Ρ.
2146 951 2427 1031 Ignatio
2450 952 2641 1033 quod
2662 970 2883 1033 puero
2910 954 3051 1017 cui-

589 1061 752 1125 dam
783 1061 1110 1125 accidere
1139 1062 1350 1139 solet,
1385 1078 1548 1125 cum
1575 1061 1822 1128 nititur
1853 1075 2113 1123 saxum
2138 1059 2439 1139 gravius
2467 1060 2540 1123 in
2570 1061 2807 1123 locum
2844 1078 3053 1125 suum

586 1170 942 1247 attollere,
975 1176 1046 1231 et
1073 1177 1366 1249 propter
1395 1168 1661 1233 debiles
1703 1168 1893 1231 vires
1934 1184 2081 1231 non
2130 1176 2396 1246 potest.
2450 1166 2575 1229 sed
2627 1166 3049 1233 adveniente

585 1274 780 1354 viro,
811 1276 932 1355 qui
973 1275 1248 1339 viribus
1289 1274 1679 1354 majoribus
1715 1276 2014 1354 polleat,
2056 1273 2266 1337 facile
2310 1290 2566 1336 saxum
2610 1273 2781 1337 illud
2818 1275 3049 1339 eleva-

585 1392 736 1445 tum
765 1382 838 1445 in
870 1399 1000 1447 suo
1027 1383 1188 1447 loco
1227 1382 1562 1457 collocat;
1607 1380 2009 1461 hujusmodi
2051 1396 2349 1460 puerum
2390 1396 2499 1459 se,
2543 1389 2612 1471 et
2649 1379 3051 1461 hujusmodi

583 1490 822 1553 virum
850 1488 928 1553 P.
961 1489 1316 1568 Ignatium
1345 1488 1564 1553 fuisse
1594 1487 1993 1553 affirmabat
2028 1486 2079 1549 ¹:
2124 1504 2373 1551 verum
2424 1496 2531 1550 est
2582 1498 2819 1551 tamen
2857 1486 3047 1569 quod

585 1612 748 1661 cum
775 1596 892 1659 ille
921 1612 998 1659 se
1026 1613 1172 1661 non
1201 1596 1642 1661 exercuisset
1671 1596 1745 1659 in
1772 1612 2067 1659 suorum
2103 1594 2614 1675 discipulorum
2656 1612 3047 1677 congrega-

587 1703 779 1766 tione
817 1703 962 1767 ulla
1009 1702 1369 1780 facienda,
1423 1702 1753 1783 quamvis
1803 1703 2064 1765 multos
2114 1701 2447 1779 haberet,
2501 1702 2923 1782 quibusdam
2972 1704 3049 1767 in

581 1810 797 1873 rebus
823 1810 1246 1875 sententiam
1277 1808 1720 1874 differentem
1748 1828 1792 1872 a
1815 1808 2085 1873 nostris
2114 1808 2497 1889 aliquando
2525 1808 2852 1888 habebat,
2886 1827 3043 1873 san-

587 1925 702 1979 cto
733 1926 973 1981 tamen
1002 1918 1154 1981 zelo
1183 1926 1254 1979 et
1283 1917 1488 1980 bonis
1517 1917 1999 1981 fundamentis
2029 1914 2363 1993 rationis,
2391 1914 2597 1995 juxta
2636 1918 2859 1997 ipsius
2899 1936 3042 1983 mo-

577 2022 748 2087 dum
783 2023 1236 2103 procedendi,
1269 2024 1591 2089 innixam
1629 2026 1674 2082 ².

701 2127 842 2193 Sed
871 2131 1052 2197 haec
1083 2131 1172 2195 de
1198 2131 1640 2196 Cordubensi
1669 2130 1991 2209 Collegio
2022 2129 2396 2193 sufficiant.

1013 2770 1140 2835 DE
1182 2771 1260 2835 P.
1307 2770 1522 2835 DRE.
1571 2772 1939 2837 TORRES
1988 2770 2593 2837 PROVINCIALI

855 3112 945 3157 ET
987 3112 1426 3165 QUORUMDAM
1469 3113 1967 3159 COLLEGIORUM
2010 3113 2082 3158 IN
2124 3112 2427 3159 BAEthA
2474 3114 2701 3157 mrrns

684 3624 825 3691 986.
913 3627 1090 3693 Cum
1120 3628 1196 3694 P.
1231 3628 1505 3695 Natalis
1536 3631 1911 3697 Cordubae
1940 3632 2139 3696 initio
2164 3628 2375 3709 hujus
2400 3630 2569 3693 anni
2596 3638 3032 3709 versaretur,

561 3744 632 3799 et
662 3752 1112 3819 summopere
1140 3740 1620 3819 praesentiam
1650 3740 1790 3803 viri
1819 3738 2122 3819 alicujus
2151 3738 2400 3819 gravis
2429 3748 2499 3801 et
2538 3736 2752 3815 docti,
2800 3746 2867 3800 et
2907 3739 3038 3819 qui·

559 3844 780 3909 etiam
806 3855 1051 3926 posset
1081 3848 1508 3912 consultoris
1539 3847 1766 3911 officio
1797 3846 1987 3929 apud
2024 3846 2488 3927 Inquisitores
2532 3842 2756 3925 fungi,
2796 3844 2919 3925 qui
2955 3845 3028 3907 id

559 3953 1036 4033 postulabant,
1073 3951 1434 4035 [expedire
1463 3952 1958 4035 arbitraretur]
1982 4004 1996 4031 ,
2031 3954 2220 4017 misit
2250 3954 2325 4016 in
2352 3952 2863 4031 Portugalliam
2904 3952 3024 4015 ho·

559 4061 822 4127 minem
850 4061 942 4126 ad
973 4061 1045 4126 id
1075 4062 1524 4142 destinatum,
1559 4078 1722 4127 cum
1744 4060 2064 4142 jumento
2086 4110 2101 4139 ,
2139 4070 2213 4125 ut
2241 4060 2526 4123 Patrem
2568 4057 2833 4122 Torres
2861 4059 3027 4123 inde

559 4177 982 4248 accerseret3
1033 4180 1104 4232 et
1155 4186 1315 4232 cum
1375 4172 1709 4250 venisset,
1763 4179 1865 4244 et,
1924 4178 1997 4232 ut
2048 4169 2377 4247 superius
2426 4166 2735 4230 diximus
2786 4164 2833 4243 ³,
2882 4166 3025 4229 Me·

553 4274 930 4357 thymnam
960 4276 1210 4357 Campi
1239 4294 1315 4341 se
1346 4277 1760 4341 contulisset
1783 4326 1798 4355 ‚
1830 4273 2305 4339 Provincialis
2336 4272 2627 4337 effectus
2656 4282 2726 4335 et
2755 4272 3027 4335 Cordu-

637 4592 654 4625 ¹
713 4592 848 4637 Vide
870 4592 1080 4645 Carens,
1098 4600 1136 4637 t.
1157 4604 1232 4647 nv,
1249 4604 1372 4649 pag.
1395 4592 1598 4639 441457.

628 4665 653 4697 ²
705 4664 916 4709 Plenius
941 4664 1072 4713 haec
1091 4665 1452 4720 intelligentur
1471 4666 1524 4709 in
1545 4664 1694 4709 Nova
1713 4664 1864 4709 Serio
1880 4665 2195 4707 litterarum
2214 4660 2401 4704 Sancti
2417 4656 2642 4711 Ignatii.

627 4736 653 4767 ³
709 4736 843 4781 Vide
862 4748 1048 4792 supra,
1069 4748 1192 4794 pag.
1211 4737 1309 4793 82⁴,
1329 4748 1378 4783 n.
1394 4736 1492 4781 828.
