3742 5392
722 569 800 628 52
1641 566 1895 628 Cimon.
1938 567 2093 628 Soc.
2134 569 2278 643 jes.

1328 1143 1454 1208 DE
1499 1142 1970 1208 COLLEGIO
2012 1142 2575 1209 EUGUBIENSI

836 1570 940 1636 88.
1025 1572 1223 1638 Sicut
1249 1573 1386 1637 hoc
1417 1591 1607 1637 anno
1632 1573 1771 1636 duo
1795 1589 1985 1636 nova
2014 1572 2315 1652 collegia
2346 1571 2573 1636 Roma
2603 1572 2823 1636 missa
2854 1573 3189 1652 diximuS‚

713 1679 812 1743 ita
864 1680 1314 1761 Eugubinum
1365 1680 1789 1744 dissolutum
1837 1677 2241 1742 subdemus
2296 1679 2390 1744 Ut
2434 1697 2525 1744 ex
2566 1679 2713 1760 his,
2762 1697 2946 1761 quae
2986 1699 3189 1765 supe·

714 1787 888 1850 riori
943 1804 1133 1851 anno
1183 1787 1374 1850 dicta
1419 1786 1736 1864 fuerunt,
1798 1785 1994 1849 cerni
2050 1786 2311 1866 potuit,
2372 1786 2893 1868 EugubienseS,
2956 1790 3189 1854 studio

712 1893 1004 1959 militari
1052 1895 1289 1975 potius
1337 1911 1550 1975 quam
1598 1894 1998 1956 litterarum
2056 1910 2142 1956 ac
2200 1892 2489 1973 spiritus
2541 1893 2793 1975 dediti,
2849 1897 3187 1975 exiguum

711 2001 1000 2065 omnino
1051 2010 1475 2082 proventum
1525 2010 1674 2064 tam
1723 1999 1796 2062 in
1843 1999 2147 2079 seholiS,
2207 2017 2421 2080 quam
2470 2001 2545 2064 in
2596 2001 3183 2080 confessionibu5‚

710 2125 925 2189 quam
963 2109 1179 2172 etiam
1217 2106 1292 2171 in
1328 2106 1979 2187 praedicationibus
2009 2115 2078 2169 et
2117 2105 2509 2170 christiana
2550 2107 2878 2172 doctrina
2920 2117 2994 2172 et
3030 2110 3189 2173 aliis

707 2216 994 2297 pietatis
1035 2214 1366 2296 operibus
1402 2213 1656 2277 referri
1701 2213 1774 2276 in
1811 2213 2075 2276 horrea
2116 2212 2411 2276 Domini
2453 2213 2785 2278 sinebant
2818 2212 2875 2294 ¹3
2916 2223 2987 2279 et
3024 2234 3187 2280 cum

705 2323 974 2404 alioqui
1023 2339 1154 2386 nec
1203 2320 1492 2384 domum
1542 2319 1911 2402 propriam
1960 2337 2095 2384 nec
2142 2321 2483 2401 templum
2535 2322 2765 2384 nostri
2813 2321 3182 2401 haberent,

707 2447 842 2494 nec
891 2428 1160 2492 reditus
1208 2429 1391 2491 ullos
1439 2425 1682 2490 firmos
1733 2426 2097 2507 (quamvis
2141 2426 2319 2490 nihil
2368 2427 2508 2490 illis
2550 2426 2798 2491 deesse
2845 2427 3187 2492 Cardina·

706 2539 794 2603 lis
841 2536 1030 2602 Stae.
1083 2535 1333 2600 Crucis
1381 2533 1790 2599 humanitas
1839 2533 2171 2612 sinebat),
2225 2551 2370 2598 non
2424 2534 2801 2598 videbatur
2844 2535 3185 2615 expedire

702 2645 783 2710 P.
815 2644 902 2708 Ν.
933 2642 1210 2723 Ignatio
1253 2651 1331 2704 ut
1371 2649 1778 2704 nostrorum
1817 2657 2069 2720 opera,
2116 2656 2299 2720 quae
2342 2640 2511 2703 alibi
2553 2641 2794 2705 utilius
2843 2642 3181 2707 collocari

704 2757 1008 2833 poterat,
1044 2766 1206 2813 cum
1235 2758 1384 2812 tam
1413 2747 1674 2828 exiguo
1702 2746 1938 2810 fructu
1966 2746 2402 2826 Eugubiensi
2432 2746 2707 2811 civitati
2742 2749 3177 2829 impendere-

701 2868 842 2922 tur.
887 2857 1153 2921 Actum
1198 2862 1306 2919 est
1349 2870 1522 2933 ergo
1567 2871 1728 2917 cum
1772 2852 2151 2918 Cardinale
2178 2852 2369 2918 Stae.
2411 2852 2691 2934 CruciS,
2727 2856 2845 2936 qui
2873 2865 3175 2936 paterno

698 2965 961 3029 affectu
1012 2963 1439 3028 Societatem
1495 2960 2093 3040 prosequebatur,
2150 2970 2222 3023 et
2275 2959 2519 3024 statim
2574 2961 2690 3024 ille
2750 2979 3176 3027 consensum

702 3089 910 3136 suum
936 3070 1293 3151 praebuit,
1337 3077 1414 3132 ut
1452 3067 1619 3130 alibi
1659 3067 1889 3148 majus
1926 3065 2063 3131 Dei
2100 3067 2519 3149 obsequium
2548 3067 2873 3132 abductis
2909 3073 3177 3134 nostris

697 3198 792 3244 ex
822 3197 905 3242 ea
936 3184 1400 3258 quaereretur
1429 3173 1476 3239 ².

819 3285 923 3348 89.
1006 3283 1233 3348 Erant
1274 3282 1475 3345 initio
1514 3280 1722 3362 hujus
1774 3281 1945 3344 anni
1993 3280 2065 3344 in
2117 3299 2203 3344 ea
2253 3281 2545 3346 civitate
2588 3281 2799 3346 Pater
2838 3282 3175 3348 Albertus

783 3526 799 3556 ¹
857 3523 934 3568 De
954 3523 1050 3568 hoc
1072 3531 1246 3566 tamen
1265 3521 1453 3576 exiguo
1475 3520 1647 3564 fructu
1672 3520 1772 3564 hoc
1793 3520 2105 3563 admonebat
2119 3551 2130 3572 ,
2152 3530 2220 3562 ex
2239 3531 2395 3572 com„
2412 3519 2673 3566 Polaticus
2692 3519 2990 3577 Rectorem,
3012 3521 3069 3566 P.
3090 3523 3181 3568 Al·

698 3596 904 3640 bertum
920 3594 1324 3639 Ferrariensem:
1343 3590 1426 3636 “Sl
1440 3593 1672 3635 lamenta
1691 3591 1762 3635 V.
1778 3590 1839 3635 R.
1861 3591 1955 3634 che
1977 3592 2205 3647 perdono
2224 3591 2260 3636 il
2285 3599 2456 3646 tempo
2484 3594 2640 3646 coetu
2672 3598 2725 3637 et
2753 3596 2853 3648 pub
2883 3605 3055 3638 essere
3080 3595 3175 3638 che

697 3667 926 3723 proceda
946 3673 1126 3722 questo
1144 3664 1229 3708 del
1252 3665 1413 3709 molto
1434 3663 1688 3707 desiderio
1709 3663 1760 3706 di
1782 3663 1896 3706 fare
1916 3662 2100 3716 grandi
2122 3673 2255 3716 cose,
2281 3675 2310 3706 ο
2344 3663 2501 3708 etiam
2522 3664 2583 3707 de
2606 3665 2701 3708 che
2717 3663 2801 3708 ‚sia
2837 3676 2965 3709 vero
2999 3667 3095 3709 che
3130 3667 3175 3710 si

699 3739 754 3784 fa
773 3749 925 3793 poc03
945 3743 999 3781 et
1019 3737 1224 3792 quando
1245 3738 1293 3780 le
1311 3735 1399 3780 Rs
1425 3735 1517 3778 V.e
1541 3735 1774 3779 facciouo
1790 3734 2021 3788 quelche
2038 3744 2258 3788 possono
2274 3745 2369 3778 con
2395 3735 2432 3778 li
2454 3735 2568 3779 sani
2583 3741 2635 3778 et
2650 3736 2943 3790 ammalati,
2962 3737 3176 3781 essendo

699 3810 943 3856 ricercau
963 3815 1016 3853 et
1035 3809 1200 3853 anche
1222 3807 1525 3852 ricercando
1547 3809 1657 3851 loro
1677 3817 1772 3860 per
1793 3805 1883 3850 via
1906 3806 1967 3848 de
1990 3807 2404 3860 conversatione,
2426 3813 2541 3862 etc..
2562 3818 2663 3851 non
2676 3807 2722 3852 οι
2744 3818 2964 3863 persono
2985 3808 3176 3852 lamen-

696 3889 786 3926 tar
803 3881 867 3932 de
885 3892 943 3926 se
961 3880 1114 3924 stessi
1131 3912 1140 3933 .
1164 3886 1216 3924 et
1234 3879 1268 3922 il
1289 3887 1430 3923 resto
1449 3879 1494 3922 si
1517 3878 1645 3922 lasci
1667 3887 1696 3920 a
1719 3876 1864 3928 Dio...
1890 3877 1942 3920 13
1960 3875 2197 3929 januarii
2227 3877 2344 3921 1554.

779 3954 801 3985 Ξ
855 3951 1072 3997 “Facete
1094 3951 1362 3995 intendere
1381 3953 1490 3995 alla
1511 3949 1572 3993 R.
1593 3949 1657 3992 V.
1679 3950 1772 3992 che
1795 3949 1837 3992 si
1859 3951 1887 3992 e
1912 3953 2046 3992 latta
2068 3949 2367 3992 risolutione
2388 3950 2466 3993 col
2490 3948 2767 3994 Cardinale
2788 3950 2839 3994 di
2856 3949 3025 3996 Santa
3048 3950 3174 3996 Cro·

698 4034 756 4067 ce
777 4024 872 4068 che
893 4035 987 4078 per
1003 4029 1186 4078 questa
1205 4021 1503 4077 quai-enimn
1524 4021 1653 4065 resti
1675 4019 1712 4064 il
1745 4019 1977 4074 Collegio
2018 4025 2196 4064 nostro
2228 4021 2279 4064 in
2309 4020 2551 4076 Augubio
2572 4054 2583 4076 ,
2614 4027 2665 4065 et
2698 4022 2869 4066 subito
2902 4023 3041 4067 satta
3077 4022 3175 4067 Pa·

695 4105 823 4140 seua
839 4128 850 4148 ‚
874 4096 917 4139 ci
940 4095 1006 4138 da
1027 4092 1238 4138 licentia
1260 4092 1312 4137 di
1333 4093 1535 4136 levario
1556 4092 1687 4136 dove
1711 4090 1983 4146 giudicara
2006 4090 2194 4135 Nostro
2216 4089 2381 4136 Padi-e
2403 4092 2497 4135 che
2518 4095 2639 4137 sera
2674 4093 2763 4148 pin
2794 4096 2992 4138 servito
3030 4093 3173 4139 Iddio

695 4166 822 4210 Nro.
845 4167 921 4210 Ss
946 4179 958 4220 ;
981 4173 1034 4210 et
1054 4171 1236 4220 questo
1257 4165 1302 4208 si
1322 4167 1350 4208 e
1369 4165 1629 4207 ticet-cato
1651 4163 1713 4206 de
1733 4168 1887 4218 parte
1910 4169 2119 4216 nostra,
2143 4163 2452 4215 giudicando
2474 4162 2558 4208 del
2578 4175 2706 4219 poco
2739 4165 2901 4208 srutto
2919 4166 3012 4209 che
3042 4165 3087 4210 si
3118 4166 3173 4211 fa

693 4241 831 4282 costi
845 4271 857 4289 ‚
875 4238 971 4282 che
989 4247 1091 4281 non
1107 4237 1325 4280 sarebbe
1347 4241 1496 4279 tanto
1517 4234 1717 4278 servito
1739 4232 1883 4277 Iddio
1906 4233 1968 4277 N.
1992 4232 2043 4278 S.
2065 4233 2149 4277 del
2169 4232 2401 4288 Collessio
2432 4241 2609 4279 nostro
2630 4235 2703 4279 ivi
2727 4243 2921 4290 quanto
2942 4239 3169 4282 altrove.

694 4309 768 4353 Et
787 4309 980 4353 benche
1003 4310 1038 4352 il
1061 4307 1338 4352 cardinale
1363 4317 1462 4351 non
1483 4305 1666 4350 mostri
1687 4305 1856 4349 havet
1875 4307 1939 4348 ne
1956 4305 2110 4348 credo
2132 4305 2216 4348 ch'
2242 4305 2437 4349 habbia
2456 4308 2594 4351 altro
2615 4307 2711 4350 che
2736 4309 2905 4352 buona
2924 4308 3171 4354 informa-

695 4383 834 4424 tione
859 4386 911 4423 et
931 4380 1088 4424 odore
1109 4379 1242 4422 delle
1262 4376 1324 4422 R.
1346 4377 1433 4430 V..
1453 4387 1550 4432 pur
1567 4409 1578 4430 ‚
1601 4387 1742 4420 come
1763 4375 2060 4420 desidet-oso
2086 4375 2169 4419 del
2198 4377 2437 4431 maggior
2468 4379 2687 4422 servitio
2717 4379 2894 4423 divino
2910 4412 2921 4432 ,
2958 4380 3169 4424 condec-

693 4451 853 4496 cende
876 4463 909 4496 a
929 4457 1109 4496 nostra
1129 4448 1403 4495 instantia.

778 4523 877 4577 „V.
904 4522 966 4567 R.
989 4529 1145 4576 tenga
1167 4527 1351 4576 questa
1373 4530 1493 4564 cosa
1515 4529 1764 4574 appresso
1785 4517 1836 4562 di
1857 4529 1913 4561 se
1936 4525 1987 4562 ct
2008 4518 2051 4561 si
2072 4517 2225 4563 sforzi
2247 4519 2299 4563 in
2318 4526 2498 4574 questo
2522 4527 2693 4576 tempo
2713 4521 2764 4565 di
2790 4523 2886 4566 dar
2906 4523 3025 4576 ogni
3046 4523 3170 4566 buo·

693 4607 762 4640 na
782 4594 1133 4648 edificatione,
1156 4601 1208 4636 et
1227 4593 1515 4635 altretanto
1534 4590 1572 4634 11
1593 4589 1650 4634 P.
1671 4587 1823 4634 Mtro.
1846 4588 2139 4642 Augustino
2155 4621 2167 4644 ,
2184 4591 2579 4636 sollicitamente
2619 4593 2871 4638 cercando
2903 4594 2955 4637 di
2986 4594 3169 4648 aggiu-

695 4673 783 4711 tar
803 4669 852 4710 le
872 4665 1042 4710 anime
1063 4671 1115 4708 et
1137 4664 1302 4708 anche
1325 4665 1466 4706 nella
1484 4662 1664 4706 schola
1685 4661 1902 4705 facendo
1924 4661 1959 4703 il
1979 4661 2168 4715 meglio
2191 4661 2285 4706 che
2307 4663 2352 4707 sl
2387 4667 2486 4718 puo
2506 4697 2517 4718 ,
2552 4665 2696 4710 accio
2730 4666 2826 4709 che
2864 4665 2906 4709 si
2942 4671 3171 4720 portuno

693 4738 938 4782 lassando
960 4738 1010 4780 di
1031 4747 1086 4780 se
1109 4736 1228 4790 quel
1248 4735 1383 4778 buon
1403 4744 1551 4777 nome
1575 4733 1670 4776 che
1691 4731 1959 4775 conviene.
1980 4731 2050 4776 Et
2072 4735 2124 4776 al
2147 4741 2318 4789 tempo
2346 4746 2439 4779 suo
2467 4737 2513 4779 si
2540 4737 2780 4782 scriverh
2814 4737 2946 4781 dove
2980 4737 3171 4780 debbia

689 4807 888 4852 andare
910 4807 1030 4861 ogni
1058 4816 1203 4858 uno...
1226 4803 1505 4856 Polaticus,
1529 4814 1597 4846 ex
1617 4813 1769 4852 com„
1791 4801 1934 4846 Patri
1956 4803 2175 4847 Alberto
2196 4802 2538 4862 Ferrariam,
2556 4807 2585 4850 3
2604 4805 2883 4852 Februarii
2906 4807 3029 4852 155⁴.
