3742 5392
1626 464 1754 523 Aa.
1798 462 1936 521 1554
2919 458 3030 519 233

556 608 689 673 tati
717 618 1005 672 nostrae
1045 618 1573 687 succenserent,
1620 607 1910 688 perinde
1949 625 2034 669 ac
2075 607 2136 669 si
2173 606 2434 669 nostris
2477 606 3026 685 suggerentibus

554 733 649 777 ex
693 714 1082 777 Viennensi
1134 713 1563 779 Monasterio
1616 723 1849 777 essent
1906 713 2215 793 expulsi;
2269 728 2436 775 nam
2465 720 2533 774 et
2571 711 3025 775 Dominicani

560 822 719 895 ΡΡ.,
752 822 823 885 in
852 822 1169 901 generali
1200 822 1505 901 capitulo
1529 820 1797 885 Romae
1826 820 2092 899 habit0,
2129 820 2450 901 querelas
2482 820 2756 899 aliquas
2785 816 3027 897 hujus-

560 929 756 992 modi
786 937 1037 991 contra
1081 937 1363 991 nostros
1412 929 1741 991 habuisse
1786 928 2239 1003 dicebantur,
2276 927 2479 1007 quasi
2519 942 2640 989 eos
2671 927 3026 1007 expellere

561 1053 689 1099 suo
713 1037 1147 1099 monasterio
1173 1035 1564 1098 Viennensi
1586 1036 1871 1109 vellent,
1899 1034 2088 1115 quod
2111 1033 2300 1097 nullo
2317 1033 2526 1096 modo
2545 1050 2856 1113 unquam
2879 1042 3025 1096 ten-

560 1152 789 1206 tatum
816 1141 1082 1222 fuerat5
1117 1152 1186 1205 et
1216 1140 1683 1205 decreverant
1713 1152 1787 1205 ut
1830 1141 2045 1222 aliqui
2073 1139 2402 1205 doctores
2431 1156 2523 1203 ex
2547 1140 2863 1220 ipsorum
2897 1138 3026 1203 Or·

562 1250 727 1313 dine
758 1265 918 1312 cum
948 1249 1395 1312 scholasticis
1426 1249 1779 1312 Viennam
1818 1266 1908 1311 ex
1953 1248 2153 1312 Italia
2199 1248 2666 1326 mitterentur,
2700 1247 3028 1327 quamvis

564 1366 811 1436 postea
842 1374 982 1420 non
1006 1358 1353 1419 venerint.

683 1462 825 1526 518.
913 1462 1238 1527 Secunda
1292 1480 1509 1525 causa
1540 1475 1694 1526 erat
1734 1464 1923 1544 quod
1963 1464 2034 1526 in
2075 1480 2157 1526 eo
2189 1466 2450 1543 templo
2482 1462 3030 1526 Carmelitarum

566 1588 720 1635 mos
780 1570 1111 1633 inductus
1159 1569 1391 1633 fuerat
1436 1570 1746 1650 quotidie
1796 1570 2092 1633 Missam
2140 1569 2595 1645 decantandi,
2632 1579 2700 1633 et
2751 1586 3026 1647 organa

566 1676 817 1739 crebro
843 1676 1203 1757 pulsandi,
1238 1686 1307 1739 et
1334 1676 1766 1739 inserviendi
1804 1676 2225 1757 quibusdam
2269 1676 2722 1740 societatibus
2763 1677 3028 1739 civium

566 1784 1095 1861 viennensium;
1128 1794 1197 1846 et
1226 1784 1323 1847 ita
1354 1782 1573 1862 Regis
1602 1782 2090 1847 Cancellarius
2120 1793 2188 1846 et
2220 1782 2623 1847 Consiliarii
2659 1783 3024 1863 optabant,

566 1892 782 1953 immo
815 1900 882 1954 et
913 1891 1321 1969 exigebant,
1357 1900 1432 1953 ut
1462 1890 1688 1953 nostri
1713 1907 1797 1953 ea
1827 1906 2046 1953 onera
2069 1890 2416 1967 subirent,
2443 1907 2531 1952 ne
2555 1890 2785 1952 cultus
2808 1891 3028 1952 eccle-

570 1998 897 2061 siasticus
926 1997 1157 2061 deseri
1188 1998 1301 2059 vel
1332 1996 1626 2060 diminui
1650 1997 1722 2059 in
1743 1998 2115 2076 praeclaro
2141 1997 2260 2058 illo
2282 1996 2544 2075 templo
2573 2005 2641 2059 et
2673 1998 2745 2059 in
2761 1997 3026 2077 optimo

566 2105 885 2167 civitatis
914 2106 1070 2167 loco
1102 2104 1271 2183 sit0,
1304 2113 1373 2165 et
1405 2122 1449 2166 a
1478 2103 1715 2166 multis
1759 2114 1905 2166 tam
1951 2104 2314 2182 germanis
2360 2119 2572 2184 quam
2611 2102 2929 2183 hispanis
2959 2114 3028 2165 et

568 2212 867 2274 aliarum
890 2212 1257 2273 nationum
1281 2210 1680 2275 hominibus
1702 2209 2148 2291 frequentato
2166 2259 2180 2288 ,
2213 2210 2592 2273 videretur.
2619 2209 2801 2273 Nam
2825 2209 3032 2273 Prior

568 2320 703 2397 ille,
735 2320 899 2382 licet
930 2319 1146 2395 soluS,
1184 2318 1452 2399 aliquot
1474 2318 1946 2382 scholasticos
1971 2318 2119 2380 suis
2143 2317 2474 2397 expensis
2499 2316 2897 2381 conducere
2923 2333 3031 2379 so·

570 2428 735 2489 litus
763 2436 915 2490 erat
946 2436 1013 2490 et
1029 2427 1337 2505 peritum
1360 2426 1739 2506 quemdam
1764 2426 2234 2506 organistam,
2267 2434 2339 2488 ut
2370 2426 2635 2488 cultum
2658 2424 3030 2487 solemnio-

564 2551 716 2595 rem
746 2544 1237 2609 conservaret,
1273 2544 1341 2597 et
1370 2532 1674 2596 addebat
1704 2544 1991 2596 nostrae
2022 2532 2309 2595 scholae
2328 2531 2625 2612 juvenes
2649 2530 2743 2593 ad
2763 2533 3032 2593 cultum

565 2640 1133 2703 ecclesiasticum
1172 2642 1272 2703 sic
1316 2656 1527 2719 posse
1568 2638 1954 2702 assuefieri.
2003 2637 2290 2701 Interim
2332 2649 2568 2702 autem
2599 2637 2766 2701 dum
2805 2638 3031 2700 nostri

570 2748 1123 2824 cunctabantur,
1158 2745 1313 2809 Rex
1342 2746 1573 2809 edicto
1604 2764 1733 2809 suo
1765 2763 1894 2808 sex
1917 2744 2224 2808 familias
2247 2746 2623 2824 laicorum,
2649 2744 2771 2825 qui
2793 2744 2866 2806 in
2888 2760 3032 2807 mo-

565 2855 879 2918 nasterio
902 2854 1348 2933 habitabant,
1380 2853 1543 2916 inde
1565 2852 1920 2916 facessere
1945 2851 2177 2933 Jussit.
2213 2852 2359 2916 Vix
2387 2862 2626 2915 tamen
2654 2850 3029 2913 videbatur

572 2962 825 3023 evitari
855 2978 1067 3041 posse
1099 2962 1266 3041 quin
1297 2960 1544 3023 diebus
1575 2961 1823 3023 saltem
1856 2959 2230 3022 dominicis
2261 2977 2348 3021 ac
2371 2958 2568 3022 sestis
2595 2958 3030 3022 solemniori-

572 3068 703 3129 bus
732 3066 993 3131 Missae
1023 3066 1450 3131 sacrificium
1481 3085 1524 3129 a
1554 3068 1817 3130 nostris
1848 3074 2260 3129 cantaretur
2293 3065 2335 3125 ¹.

694 3172 834 3235 519.
922 3172 1365 3237 Postulatum
1405 3183 1512 3237 est
1559 3190 1601 3235 a
1640 3172 1933 3237 Vicario
1979 3173 2521 3238 Carmelitarum
2556 3190 2683 3254 per
2733 3174 3032 3250 litteraS,

574 3282 857 3345 nomine
880 3279 1121 3360 Regis,
1153 3291 1228 3343 ut
1260 3282 1691 3363 consentiret
1708 3280 1869 3343 huic
1900 3282 2346 3344 translationi
2376 3282 2789 3344 monasterii
2811 3281 2885 3343 in
2913 3278 3033 3345 So-

578 3388 904 3451 cietatem
936 3398 1285 3463 nostram;
1318 3388 1444 3451 sed
1475 3388 1767 3465 negavit
1795 3388 1912 3450 ille
1941 3404 2017 3450 se
2045 3387 2456 3451 facultatem
2495 3388 2753 3450 habere
2796 3386 2884 3448 ad
2911 3386 3034 3447 hu-

566 3494 874 3573 J'usmodi
904 3510 1359 3571 consensum,
1394 3504 1463 3555 et
1508 3495 2020 3557 conscientiam
2061 3495 2389 3557 oneravit
2428 3493 2646 3572 Regis
2679 3492 3030 3555 Romano-

571 3619 753 3677 rum,
780 3602 897 3683 qui
932 3610 1177 3680 postea
1209 3600 1299 3664 ad
1329 3600 1858 3664 provincialem
1885 3617 2132 3664 eorum
2157 3601 2461 3680 scripsit.
2489 3600 2775 3664 Interim
2798 3610 3038 3663 tamen

580 3708 779 3771 Prior
813 3708 1124 3771 deseruit
1155 3708 1661 3771 monasterium
1694 3716 1762 3770 et
1794 3706 1884 3769 ad
1922 3706 2337 3786 parochiam
2380 3707 2514 3771 sibi
2551 3707 2882 3769 collatam
2913 3708 3034 3770 mi-

572 3815 835 3894 gravit.
890 3814 1233 3878 Curatum
1283 3824 1391 3877 est
1440 3816 1656 3878 etiam
1700 3813 1984 3877 nomine
2033 3812 2252 3893 Regis
2307 3822 2381 3876 ut
2431 3814 2721 3877 scholae
2771 3814 2842 3876 in
2891 3814 3032 3878 Mo-

576 3924 889 3985 nasterio
942 3922 1031 3985 ad
1084 3922 1295 3985 finem
1345 3920 1937 4002 quadragesimae
1988 3930 2285 4001 paratae
2329 3920 2477 4001 jam
2520 3930 2776 3983 essent.
2818 3920 3036 3984 Venit

576 4029 863 4092 tandem
928 4028 1399 4092 provincialis
1448 4028 1473 4059 ²
1520 4027 1877 4092 Viennam
1928 4028 2120 4091 circa
2189 4026 2506 4091 Paschae
2571 4028 2861 4107 festum,
2916 4030 3039 4110 qui

576 4144 897 4198 amanter
929 4154 1089 4198 cum
1119 4136 1383 4199 nostris
1422 4153 1499 4197 se
1538 4135 1794 4215 gessit,
1830 4145 1898 4197 et
1936 4134 2291 4198 fatebatur
2327 4153 2470 4198 non
2509 4152 2716 4214 posse
2757 4136 3037 4216 religio-

573 4260 693 4305 sos
732 4244 840 4305 sui
882 4242 1171 4305 Ordinis
1213 4243 1726 4305 monasterium
1767 4240 1935 4304 illud
1975 4241 2244 4319 induci;
2278 4259 2410 4303 nec
2447 4242 2704 4305 mirum
2744 4241 2815 4305 id
2853 4254 3034 4323 erat,

574 4330 735 4413 cum
766 4351 1170 4430 quindecim
1202 4350 1340 4412 alia
1383 4350 1851 4427 monasteria,
1887 4366 2068 4429 quae
2098 4349 2168 4411 in
2199 4345 2578 4411 Provincia
2609 4348 3038 4413 Germaniae
3097 4374 3102 4379 ·

584 4582 595 4587 -
658 4557 671 4587 ¹
732 4556 843 4601 Has
862 4557 990 4599 duas
1011 4556 1340 4599 difficultates
1360 4555 1655 4609 propositas
1677 4554 1908 4607 reperies
1929 4564 1960 4596 a
1982 4550 2188 4596 canisio
2209 4553 2398 4597 litteris
2413 4587 2424 4607 ,
2448 4564 2576 4608 quas
2598 4554 2819 4597 Polanco
2849 4555 2990 4598 dedit
3011 4555 3040 4598 5

572 4626 807 4678 januarii
826 4628 979 4683 huJus
1001 4628 1120 4670 anni
1144 4626 1261 4669 155².
1286 4626 1714 4679 Bnauxsnssnomt,
1736 4624 1944 4668 canisii
1967 4624 2248 4679 Epistulae
2269 4628 2321 4669 et
2342 4626 2491 4679 Acta,
2512 4632 2550 4669 t.
2571 4636 2604 4678 1,
2627 4636 2747 4680 pag.
2766 4626 2962 4673 442452.

660 4701 681 4731 ²
737 4700 1155 4743 carmelitarum.
