3742 5392
1613 473 1740 530 ΑΝ.
1785 472 1925 531 1554
2012 490 2051 498 ··
2892 475 3023 533 415>-

525 630 768 681 rarum
809 616 1156 697 magnam
1187 618 1584 697 apudsuos
1633 618 2189 699 expectationen·
2216 620 2668 698 concitasset,
2710 620 2849 683 duo
2896 620 3009 699 ip-·

527 726 675 787 sius
693 721 964 806 patrui,
998 740 1296 805 quorum
1327 726 1504 787 alter
1529 724 1864 788 sacerdos
1895 735 2050 789 erat
2080 737 2148 788 et
2166 744 2339 789 eum
2361 726 2432 788 in
2456 726 2709 789 studiis
2732 727 2997 806 alebat,-

528 830 981 912 Complutum
1011 850 1099 894 ex
1131 832 1438 895 Castella
1470 832 1718 897 Veteri
1735 842 2117 909 venerunt,
2152 832 2402 912 quibus
2432 834 2853 912 permissum
2886 843 2993 897 est

525 952 600 1001 ut
643 942 874 1003 solum
899 938 1234 1018 juvenem
1275 940 1468 1002 illum
1513 940 2044 1019 alloquerentur
2085 939 2247 1014 (hoc
2279 950 2514 1003 autem
2544 956 2688 1003 non
2720 942 2993 1021 passim

527 1046 849 1109 omnibus
881 1046 1442 1126 permittebatur,
1478 1046 1603 1109 sed
1634 1064 1798 1109 cum
1833 1046 2015 1109 ratio
2048 1046 2117 1109 id
2148 1046 2527 1126 exigebat).
2563 1047 2742 1110 Cum
2772 1048 2994 1127 preci-

523 1154 652 1216 bus
682 1170 857 1232 ergo
889 1164 958 1215 et
988 1153 1327 1232 lacrymis
1349 1151 1686 1231 juvenem
1727 1154 2037 1216 avellere
2076 1172 2117 1215 a
2161 1152 2517 1217 Societate
2546 1152 2815 1216 frustra
2848 1164 2995 1217 ten-

527 1270 819 1336 tassent,
863 1260 1219 1323 addebant
1255 1259 1443 1339 quod
1483 1259 1702 1339 ipsius
1743 1269 1973 1323 mater
2010 1278 2099 1323 ex
2136 1258 2381 1323 dolore
2431 1270 2655 1323 extra·
2684 1273 2993 1325 mentem

527 1368 912 1429 constituta
952 1366 1472 1445 quodammodo
1521 1376 1712 1445 erat,
1770 1374 1840 1429 et
1889 1367 2081 1447 quod
2130 1367 2505 1447 aliquoties
2556 1367 2689 1430 sibi
2741 1378 2993 1431 manus

530 1472 816 1552 injicere
841 1482 1212 1552 tentasset,
1255 1482 1325 1535 et
1365 1490 1442 1535 se
1483 1490 1570 1535 eo
1601 1474 1886 1535 venisse
1930 1472 2397 1550 affirmabant,
2440 1492 2581 1537 non
2613 1476 2801 1555 quod
2830 1494 2993 1539 eum

526 1598 568 1642 a
611 1582 976 1661 proposito
1022 1598 1358 1643 amovere
1397 1582 1690 1658 vellent,
1735 1582 1860 1643 sed
1903 1578 2091 1661 quod
2126 1580 2216 1643 ad
2264 1582 2667 1661 quindecim
2718 1592 2993 1645 tantum

526 1687 677 1750 dies
707 1688 1166 1766 Logronium,
1201 1705 1380 1767 quae
1413 1687 1644 1766 patria
1677 1685 1826 1767 ejus
1856 1696 2035 1766 erat,
2069 1706 2229 1751 eum
2260 1688 2615 1751 adducere
2640 1691 2899 1753 vellent
2918 1700 2995 1753 ut

530 1795 912 1857 remedium
945 1794 1421 1874 desperationi
1453 1795 1700 1857 matris
1732 1794 2121 1871 adhiberet,
2158 1796 2271 1858 cui
2302 1794 2629 1858 dicebant
2658 1812 2735 1859 se
2766 1809 2993 1859 custo-

525 1900 650 1964 des
678 1902 955 1965 dedisse
987 1922 1072 1965 ne
1097 1903 1262 1982 quid
1295 1914 1544 1965 contra
1577 1920 1653 1964 se
1680 1903 1907 1981 ipsam
1934 1902 2367 1982 designaret,
2402 1914 2468 1965 et
2494 1902 2731 1965 statim
2762 1903 2997 1983 ipsum

533 2008 919 2070 rediturum
971 2028 1125 2071 esse
1164 2026 1325 2071 cum
1355 2010 1491 2071 hoc
1535 2009 1820 2088 pietatis
1865 2008 2095 2071 officio
2136 2008 2419 2072 functus
2456 2018 2664 2088 esset;
2698 2022 2769 2072 et
2798 2010 2871 2073 in
2900 2022 2993 2072 te-

533 2116 940 2179 stimonium
979 2115 990 2145 ¹
1025 2116 1491 2194 adducebant,
1542 2116 1731 2196 quod
1773 2116 1868 2177 ita
1911 2133 2027 2177 res
2058 2116 2384 2195 haberet,
2422 2118 2727 2179 nobilem
2757 2134 2993 2198 quem-

529 2222 715 2300 dam3
749 2222 870 2285 sed
905 2223 1076 2284 nihil
1107 2222 1295 2284 aliud
1327 2223 1416 2284 ab
1438 2240 1520 2285 eo
1545 2221 1804 2302 juvene
1829 2223 2147 2285 obtinere
2171 2232 2547 2302 potuerunt
2570 2242 2781 2304 quarn
2806 2225 2993 2305 quod

528 2330 968 2392 obedientiae
1019 2346 1096 2390 se
1145 2327 1572 2408 subjecerat,
1627 2346 1757 2391 nec
1798 2346 1929 2391 suo
1965 2326 2227 2409 judicio
2267 2330 2647 2410 quicquam
2690 2333 2993 2411 amplius

525 2436 848 2501 facturus
883 2445 1063 2515 erat;
1105 2445 1180 2499 ut
1212 2436 1301 2499 ad
1339 2436 1560 2515 ipsius
1590 2434 2043 2516 Superiorem
2080 2437 2285 2499 irent.
2330 2437 2530 2499 Haec
2573 2439 2703 2500 obe
2728 2439 2991 2501 dientia

529 2546 850 2607 homines
880 2545 984 2607 sic
1007 2544 1322 2607 confudit
1353 2562 1438 2607 ac
1463 2544 1899 2623 compunxit,
1930 2553 2006 2606 ut
2044 2544 2383 2623 postridie
2416 2544 2588 2607 fassi
2614 2544 2869 2607 fuerint
2895 2547 2989 2625 id,

525 2652 714 2732 quod
753 2652 838 2714 de
879 2662 1105 2714 matre
1149 2651 1369 2731 ipsius
1407 2650 1770 2729 dixerant,
1819 2650 2077 2714 salsum
2118 2668 2304 2729 esse,
2348 2660 2417 2713 et
2457 2669 2618 2714 cum
2656 2644 2994 2731 lacrymis

525 2759 615 2822 ab
639 2758 887 2821 eodem
917 2758 1199 2821 veniam
1244 2758 1593 2839 petierint,
1637 2767 1738 2835 et,
1787 2757 2123 2821 admirati
2167 2756 2451 2837 juvenis
2492 2760 3011 2837 constantiam„

529 2864 815 2928 domum
844 2864 1202 2928 redierint.
1669 2856 1674 2865 ’

640 2970 782 3035 895.
871 2972 1048 3035 Cum
1077 2992 1168 3036 ex
1195 2973 1680 3053 spiritualibus
1709 2973 2069 3036 exercitiis
2099 2982 2247 3037 tam
2278 2974 2479 3036 multi
2506 2973 2787 3047 militeS,
2822 2988 2985 3034 con-

524 3089 636 3142 tra
665 3080 1106 3157 daemonem,
1145 3079 1409 3143 Christi
1439 3078 1728 3143 militiae
1761 3098 2017 3143 nomen
2044 3081 2321 3160 darent,
2347 3080 2603 3143 mirum
2631 3096 2773 3141 non
2806 3092 2909 3141 est
2934 3079 2998 3141 si

523 3204 606 3248 ea
638 3202 1052 3266 oppugnare
1085 3188 1198 3249 ille
1235 3188 1599 3250 niteretur.
1635 3187 1714 3250 In
1743 3186 1952 3250 domo
1996 3203 2173 3267 ergo
2214 3197 2284 3249 et
2324 3204 2569 3250 mensa
2618 3185 2990 3265 Archiepi-

521 3292 721 3372 scopi
758 3291 1082 3355 Toletani
1127 3294 1212 3356 de
1246 3294 1722 3356 examinando
1753 3292 2261 3356 exercitiorum
2292 3294 2471 3356 libro
2503 3302 2742 3356 actum
2785 3304 2891 3355 est
2923 3304 2993 3355 et

522 3398 905 3479 quamdam
943 3398 1016 3462 in
1051 3416 1136 3462 eo
1173 3388 1705 3480 propositioden
1743 3400 2387 3477 calumniabantur,
2429 3399 2619 3480 quod
2661 3401 2732 3462 in
2778 3400 2992 3462 tertia

525 3507 772 3585 regula
816 3506 906 3568 ad
949 3507 1240 3586 spiritus
1284 3506 1789 3570 discernendos
1831 3507 2135 3571 habetur
2180 3509 2351 3569 “nec
2370 3506 2539 3587 jam
2581 3512 3016 3569 creaturam·

525 3612 752 3675 ullam
769 3618 1010 3693 potest
1033 3613 1344 3693 diligere
1365 3613 1514 3675 nisi
1527 3619 1833 3693 propter
1852 3614 2113 3693 Ipsum
2137 3614 2197 3691 ¹¹„
2223 3614 2409 3677 hanc
2436 3613 2993 3693 propositionem

524 3720 990 3799 quorumdam
1034 3720 1556 3783 haereticorum
1587 3738 1743 3783 esse
1782 3719 2145 3799 dicebant,
2190 3737 2370 3801 quos
2416 3718 2869 3782 illuminatos
2921 3718 2991 3782 in

524 3825 869 3906 Hispania
899 3838 1272 3907 vocarunt;
1304 3827 1429 3890 sed
1477 3844 1636 3890 eam
1679 3826 2194 3890 dubitationem
2232 3826 2643 3907 hispanicus
2683 3826 2861 3889 liber
2891 3826 2993 3889 fa-

525 3932 654 3996 cile
685 3934 1027 4010 solvebat,
1062 3934 1183 3997 ubi
1211 3934 1510 3997 habetur
1552 3934 1681 4013 “ya
1719 3950 1810 3996 no
1852 3950 2053 4013 ama„
2096 3933 2389 4011 scilicet,
2430 3933 2615 4013 “jam
2658 3950 2803 3995 non
2832 3932 2997 3995 dili-

524 4040 640 4118 git
665 4038 770 4118 -³‚„·
797 4050 864 4103 et
894 4050 1130 4104 tamen
1161 4041 1398 4104 versio
1428 4041 1650 4105 latina
1683 4040 1864 4103 “non
1896 4046 2141 4119 potest
2172 4039 2521 4119 diligere„
2556 4040 2746 4103 illam
2776 4057 2997 4103 evan*

605 4282 622 4313 ¹
681 4283 793 4337 Sic;
814 4283 1038 4326 testem?

607 4358 632 4389 ²
683 4358 804 4398 “nec
820 4356 928 4409 jam
949 4360 1246 4398 creaturam
1267 4353 1408 4396 illam
1429 4354 1524 4396 nisi
1549 4358 1762 4407 propter
1781 4352 1951 4406 ipsum
1972 4358 2145 4406 potest
2164 4352 2432 4406 <ungerem
2452 4350 2537 4395 Ita
2558 4350 2993 4395 conimbricensis

525 4427 682 4473 editio
701 4426 823 4471 anni
849 4426 950 4469 1551
969 4433 1021 4469 et
1041 4425 1357 4479 posteriooes
1379 4425 1608 4478 reliquae
1625 4457 1636 4477 ,
1657 4436 1756 4467 non
1777 4430 2003 4477 excepta
2020 4455 2031 4477 ,
2054 4434 2209 4478 quam
2230 4423 2363 4467 omni
2386 4434 2513 4467 cura
2544 4432 2833 4475 magnoque
2854 4432 2991 4465 sum-

523 4508 616 4554 ptu
635 4499 760 4543 fecit
781 4498 1152 4554 ‘rypographia
1173 4496 1340 4551 Regia
1361 4496 1671 4540 parisiensis
1691 4506 1826 4539 anno
1848 4494 1974 4539 164⁴.

605 4574 628 4607 ⁸
682 4571 760 4615 De
781 4572 844 4615 lis
863 4569 1168 4614 illuminatis
1187 4568 1578 4622 (alambradosl
1601 4570 1748 4622 plura
1767 4568 1820 4611 in
1843 4566 2106 4612 historiciS
2125 4567 2377 4611 ecclesiae
2400 4567 2649 4622 hispanae
2672 4578 2776 4612 sec.
2794 4576 2901 4619 xv1;
2925 4566 2991 4609 cs.

523 4646 802 4699 praecipue
835 4640 1115 4685 Manuos:
1144 4650 1178 4683 γ
1207 4639 1442 4693 ΡειΑγο,
1478 4638 1724 4681 Historia
1759 4638 1826 4681 de
1857 4638 1940 4680 los
1968 4636 2319 4681 heterodoxos
2353 4639 2653 4693 espaaoles,
2672 4645 2706 4682 t.
2730 4648 2794 4691 rr,
2827 4638 2910 4684 lib.
2938 4650 3011 4689 v„

524 4728 640 4773 cap.
669 4720 705 4763 l.
