3742 5392
714 478 826 563 628
1636 500 1890 563 Canon.
1933 504 2084 564 Soc.
2127 506 2268 578 Jas.

714 635 904 732 runt3
935 642 1175 733 itaque
1206 638 1277 715 et
1304 634 1692 732 spiritualis
1723 662 1791 715 et
1822 648 2216 732 corporalis
2239 653 2493 716 medici
2519 653 2747 718 officio
2771 654 3175 720 Provincia·

714 761 803 824 lis
832 759 1260 838 fungebatur
1292 755 1335 818 ¹.

840 865 1014 930 1344.
1106 864 1453 945 Quamvis
1482 852 1717 929 autem
1748 880 2012 943 magno
2043 884 2203 930 cum
2240 868 2484 931 labore
2515 868 2602 931 ab
2641 870 2994 933 humanae
3025 888 3179 933 car-

713 978 827 1040 nis
854 992 980 1039 esu
1008 992 1255 1038 omnes
1286 974 1441 1037 illos
1471 971 1900 1052 continebat,
1935 992 1977 1036 a
1999 974 2480 1069 potationibus
2511 985 2580 1038 et
2605 974 2930 1040 cantibus
2951 978 3186 1058 genti·-

712 1083 869 1147 licis
898 1066 1177 1146 difficile
1206 1063 1589 1144 admodum
1618 1081 1829 1143 avelli
1860 1090 2219 1161 poterant;
2261 1090 2362 1160 et,
2397 1090 2774 1164 postquam
2804 1084 2876 1147 in
2917 1085 3174 1149 bellum

714 1192 967 1269 ierunt,
1001 1172 1349 1253 difficilius
1379 1190 1472 1251 ab
1500 1172 1904 1269 hujusmodi
1927 1189 2200 1269 seipsos
2224 1188 2677 1267 cohibebant;
2703 1199 2772 1253 et
2795 1191 3172 1271 quemdam

712 1297 1213 1374 christianum,
1249 1296 1415 1359 olim
1447 1314 1488 1359 a
1528 1296 1937 1383 christianis
1979 1295 2448 1376 baptizatum,
2493 1297 2645 1377 qui,
2693 1314 2853 1361 cum
2897 1299 3171 1363 duabus

712 1404 1036 1470 foeminis
1085 1403 1601 1500 Piratiningam
1656 1404 1986 1483 venienS,
2042 1402 2133 1466 ad
2189 1401 2586 1483 hujusmodi
2645 1405 2941 1469 abusum
2993 1408 3190 1472 alios-

713 1512 1162 1591 sollicitabat,
1219 1512 1505 1593 quidam
1542 1528 1633 1574 ex
1672 1511 1958 1589 nostriS,
2008 1512 2129 1587 qui
2159 1528 2283 1575 eos
2323 1512 2645 1591 docebat,
2689 1529 2852 1575 cum
2889 1514 3174 1594 flagello

711 1638 1013 1701 surgens
1052 1629 1301 1684 contra
1332 1638 1516 1697 eum,
1552 1618 1639 1682 ab
1670 1637 1754 1682 eo
1784 1619 1943 1683 loco
1973 1620 2262 1699 expulit.
2296 1618 2597 1684 Multum
2637 1620 2874 1701 itaque
2902 1624 3172 1702 negotii

710 1730 971 1793 nostris
999 1736 1171 1792 natu
1199 1728 1623 1808 grandiores
1652 1726 2101 1790 exhibebant.

834 1834 1009 1899 1345.
1096 1834 1258 1916 Ipso
1280 1834 1395 1899 die
1424 1832 1541 1899 S.ti
1576 1834 1944 1898 Laurentii
1966 1833 2390 1915 quibusdam
2413 1853 2504 1897 ex
2529 1836 2768 1915 pueris
2790 1845 3027 1898 vestes
3051 1836 3180 1899 do·-

708 1953 919 2007 natae
946 1943 1229 2007 fuerunt
1260 1942 1449 2021 (nam
1484 1942 1582 2005 illi
1605 1941 1796 2019 nudi,
1823 1951 1901 2005 ut
1927 1940 2092 2004 alibi
2115 1940 2444 2019 diximuS,
2473 1942 2855 2019 incedunt),
2887 1960 2976 2005 ex
3000 1960 3168 2022 pan-

706 2069 826 2131 n0,
859 2067 1068 2132 quem
1096 2048 1251 2113 Rex
1281 2049 1764 2129 portugalliae
1794 2049 1978 2112 mitti
2007 2048 2270 2112 nostris
2306 2048 2636 2129 jusserat;
2686 2065 2867 2129 quae
2896 2066 3010 2113 res
3044 2050 3168 2112 mi·

706 2175 865 2221 rum
886 2158 958 2221 in
982 2156 1270 2221 modum
1292 2174 1536 2220 eorum
1560 2156 1836 2220 animos
1858 2154 2381 2233 devinciebant,
2407 2166 2484 2220 ut
2508 2165 2579 2219 et
2603 2156 2817 2235 aliqui
2841 2174 2931 2219 ex
2951 2155 3164 2236 maj0-

703 2266 900 2329 ribus
928 2273 1102 2327 natu
1132 2282 1375 2328 amore
1404 2264 1847 2345 paupertatis
1870 2262 1893 2293 ⁸
1916 2263 2056 2327 alio
2080 2263 2530 2353 recedebant,
2565 2264 2666 2326 ita
2689 2280 2779 2326 ex
2801 2264 2960 2327 aliis
2986 2265 3176 2327 locis-

702 2372 1219 2452 Piratiningam
1248 2370 1366 2434 alii
1395 2370 1964 2451 commigrabant
2004 2387 2166 2433 cum
2205 2370 2352 2433 suis
2382 2370 2738 2447 domibuS,
2771 2372 2958 2433 inter
2986 2388 3164 2450 quos

701 2460 883 2543 unus
912 2478 1268 2543 eminebat
1299 2478 1564 2558 optima
1594 2480 1960 2542 voluntate
1985 2478 2447 2542 renunciandi
2480 2478 2794 2541 moribus
2824 2478 3170 2559 antiquiS,.

702 2599 768 2651 et
800 2586 1171 2651 obediendi
1202 2594 1606 2650 nostrorum
1634 2586 2100 2665 documentis;
2132 2594 2204 2649 et
2232 2585 2346 2649 hic
2377 2603 2540 2649 cum
2571 2602 2793 2649 uxore
2817 2602 2969 2664 sua,
2998 2602 3159 2648 cum

701 2705 938 2759 essent
965 2693 1478 2772 catechumeni,
1513 2694 1807 2785 sollicite
1847 2692 2028 2757 filias
2067 2710 2234 2756 suas
2277 2693 2598 2773 virgines
2641 2692 3156 2765 custodiebant,

700 2821 831 2867 nec
855 2802 1013 2865 aliis
1041 2802 1289 2883 nuptui
1321 2802 1492 2865 dare
1522 2796 1735 2880 quam
1764 2800 2174 2864 christianis
2203 2800 2566 2877 volebant,
2602 2817 2784 2880 quae
2814 2816 2930 2862 res
2950 2800 3166 2862 inusi--

697 2918 847 2973 tata
878 2906 1067 2990 apud
1098 2926 1220 2972 eos
1248 2908 1551 2988 gentiles
1578 2918 1755 2985 erat,
1791 2908 1912 2988 qui
1941 2908 2173 2971 cuivis
2201 2906 2384 2971 filias
2408 2924 2576 2970 suas
2607 2907 3077 2987 exponebant.

824 2996 999 3078 1346.
1089 3014 1431 3104 Quamvis
1461 3016 1865 3095 complures
1894 3033 1984 3077 ex
2015 3014 2282 3078 nostris
2311 3032 2438 3095 per
2467 3012 2752 3077 diversa
2783 3015 2942 3076 loca
2974 3014 3158 3076 inter

697 3124 903 3187 indos
946 3131 1489 3213 spargerentur,
1534 3120 1724 3202 quod
1764 3138 2012 3185 eorum
2051 3138 2269 3202 opera
2304 3121 2477 3202 ipsis
2508 3130 2695 3184 esset
2723 3121 3160 3198 necessaria,

698 3232 912 3294 etiam
942 3230 1032 3293 ad
1062 3229 1135 3293 id
1163 3229 1497 3319 movebat
1526 3227 1900 3292 difficultas
1929 3246 2052 3291 eos
2081 3246 2222 3291 uno
2257 3228 2329 3291 in
2357 3228 2517 3291 loco
2550 3225 2807 3306 alendi,
2839 3244 3006 3289 nam
3037 3228 3130 3289 ali
3143 3260 3173 3270 »-

698 3336 1004 3418 quand0,
1039 3336 1254 3427 immo
1283 3351 1519 3415 saepe,
1547 3334 1733 3397 foliis
1762 3334 2186 3415 quibusdam
2214 3334 2486 3414 sinapis
2515 3334 2829 3398 decoctis
2852 3352 3016 3397 cum
3045 3351 3172 3397 cu··

780 3668 797 3701 ¹
854 3666 1078 3712 Pulchre
1101 3668 1231 3711 haec
1252 3679 1283 3711 a
1306 3667 1361 3711 P.
1386 3667 1787 3713 Vascotecums
1809 3668 2158 3719 illustrantur,
2181 3679 2393 3722 remque
2409 3669 2592 3711 lectori
2610 3676 2817 3722 gratam
2834 3668 3064 3712 facturos
3077 3678 3168 3711 ar·-

697 3741 953 3785 bitramnr
975 3741 1113 3785 iulus
1140 3741 1307 3785 verba
1340 3740 1423 3785 hic
1445 3742 1869 3785 transcribentes
1904 3744 1926 3763 ⁶·
1945 3740 2108 3785 Outro
2129 3740 2261 3785 meio
2295 3742 2520 3785 humano
2541 3740 2810 3784 entreveio
2829 3772 2840 3793 ,
2871 3751 2896 3781 e
2935 3738 3033 3792 fol,
3063 3750 3160 3793 qne

697 3811 865 3857 vendo
885 3823 943 3855 os
965 3811 1161 3855 Padres
1180 3823 1278 3865 que
1300 3823 1329 3856 ο
1350 3813 1454 3857 mal
1471 3824 1563 3855 era
1580 3812 1727 3865 forca
1743 3812 1805 3856 de
1826 3816 2042 3867 sangae,
2064 3825 2091 3855 e
2111 3816 2209 3856 nao
2225 3812 2464 3856 havendo
2479 3823 2546 3858 na
2563 3818 2708 3856 terra
2728 3811 2940 3863 Medico,
2957 3822 3023 3855 ou
3039 3810 3164 3856 San·

698 3884 909 3939 grador.
929 3893 1046 3927 nem
1067 3884 1220 3927 alnda
1244 3886 1493 3934 lancetas,
1515 3886 1819 3936 comecarao
1840 3884 2046 3938 aig-uns,
2076 3894 2102 3927 e
2125 3896 2154 3928 ο
2175 3884 2346 3928 Irmao
2369 3882 2560 3939 Joseph
2580 3895 2610 3928 0
2630 3883 2892 3937 primeiro.
2914 3895 2946 3928 a
2961 3892 3157 3937 agucat

698 3967 815 4001 sens
836 3955 1105 4000 canivetes
1125 3955 1186 3998 de
1207 3966 1401 4011 aparar
1420 3966 1635 4009 pennas:
1656 3967 1683 3998 e
1706 3966 1819 3999 com
1840 3956 1984 4009 elles,
2007 3967 2033 3998 e
2058 3968 2170 3999 com
2189 3968 2218 3999 ο
2240 3956 2350 3999 zelo
2381 3956 2448 3999 da
2468 3955 2750 3999 charidade
2767 3956 3167 4010 sufflando-0⁸..

700 4029 888 4073 fizerao
908 4028 983 4071 tal
1005 4027 1177 4071 effelto
1197 4039 1294 4082 que
1316 4038 1438 4071 raro
1460 4028 1527 4072 fol
1550 4040 1580 4071 o
1600 4039 1696 4081 que
1719 4029 1858 4073 d'alli
1885 4040 1965 4072 em
1986 4029 2164 4071 diante
2185 4039 2418 4071 morreo:
2441 4039 2469 4071 e
2490 4040 2547 4071 os
2571 4028 2836 4080 perigosos
2869 4038 2950 4071 em
2969 4029 3156 4071 breves

698 4100 811 4145 dias
828 4100 1176 4144 memorat-ao,
1200 4100 1245 4143 Α
1268 4101 1409 4144 vista
1429 4100 1491 4143 de
1514 4102 1635 4145 hum
1656 4112 1683 4143 e
1706 4107 1855 4145 outro
1878 4102 2114 4155 exemplo
2139 4100 2332 4145 ficarao
2365 4112 2420 4143 os
2442 4099 2612 4143 Indlos
2631 4100 2693 4143 de
2717 4100 2836 4143 todo
2858 4100 3158 4153 satisseitos,

696 4184 723 4215 e
744 4172 930 4226 diznao,
952 4182 1050 4227 que
1072 4182 1103 4215 a
1123 4171 1317 4224 doenca
1337 4171 1476 4215 davo.
1496 4184 1525 4215 0
1545 4172 1715 4225 diabo,
1738 4184 1765 4215 e
1786 4182 1820 4216 n
1840 4173 2000 4216 sande
2021 4173 2197 4215 davao
2219 4183 2276 4215 os
2301 4172 2515 4215 Padres.
2531 4172 2660 4215 Este
2683 4172 2815 4215 meio
2836 4171 2898 4214 de
2919 4171 3160 4215 charida·

695 4244 773 4297 de,
794 4254 892 4299 que
912 4254 1027 4287 com
1048 4249 1163 4287 esta
1185 4250 1339 4297 gente
1361 4254 1585 4292 usam03.
1604 4245 1734 4288 onde
1758 4255 1887 4298 quer
1907 4256 2003 4298 qne
2026 4255 2140 4288 com
2157 4245 2284 4288 elles
2307 4244 2539 4287 vivet-nos
2555 4276 2565 4294 ,
2588 4255 2668 4287 em
2687 4254 2812 4287 suas
2831 4244 3071 4297 deenen,
3091 4244 3166 4287 he

694 4316 852 4361 hum·
888 4314 983 4359 das
1012 4319 1195 4359 ταῖσδε
1227 4312 1358 4359 mals
1386 4314 1643 4369 soi-cosas,
1676 4326 1773 4369 que
1806 4316 2042 4361 abi-anda
2076 4328 2170 4359 sua
2200 4316 2410 4360 natural
2441 4316 2626 4359 fereza.
2659 4315 2848 4369 Alsum
2881 4316 3154 4369 esempulo

693 4388 862 4431 houve
885 4392 1034 4431 entre
1072 4398 1129 4431 os
1150 4386 1441 4441 Religiosos
1474 4387 1538 4430 do
1573 4388 1831 4432 exercicio
1866 4389 1963 4431 das
1983 4388 2228 4441 sangi-las
2248 4419 2260 4440 ,
2287 4389 2404 4441 pelo
2427 4386 2607 4441 perlgo
2643 4386 2704 4429 de
2727 4385 3156 4440 irregularldade:

695 4459 988 4503 maclou-se
1002 4466 1289 4512 pre-guntur
1302 4470 1334 4502 a
1349 4463 1564 4513 questao
1579 4470 1609 4502 a
1626 4458 1789 4503 Roma
1802 4470 1835 4503 a
1850 4470 2004 4503 nosso
2024 4459 2185 4504 Santo
2201 4458 2515 4503 Patriarcha
2529 4458 2738 4513 lgnacio
2751 4470 2881 4513 pera
2893 4468 3168 4503 succensos

692 4529 1055 4574 semelhantes:
1076 4540 1107 4573 a
1127 4536 1367 4585 resposta
1388 4531 1457 4575 foi
1479 4542 1571 4585 por
1592 4540 1735 4575 estas
1755 4532 2024 4585 palavras:
2047 4530 2280 4585 “Quanto
2316 4534 2376 4575 as
2397 4532 2638 4586 sangi-ias
2669 4530 2814 4585 dizo,
2843 4540 2942 4585 que
2971 4542 3004 4573 a
3033 4530 3165 4573 tudo

692 4614 748 4645 se
768 4602 979 4646 estende
1002 4613 1031 4645 ο
1052 4601 1169 4656 boJo
1193 4603 1259 4645 da
1281 4602 1603 4655 charidadez„
1624 4606 1742 4657 pelo
1763 4614 1860 4659 que
1884 4616 1997 4649 com
2019 4605 2147 4649 mals
2172 4606 2440 4657 resolucao
2469 4616 2499 4647 o
2521 4604 2690 4649 fazlao
2721 4603 2845 4648 dalli
2867 4614 2948 4647 em
2966 4602 3160 4651 ditate.

690 4676 781 4718 ate
800 4684 829 4717 ο
850 4684 1043 4717 mesmo
1065 4673 1234 4717 Padre
1254 4672 1497 4729 Nobi-ega
1520 4686 1611 4729 por
1631 4686 1725 4720 sua
1746 4680 1864 4720 milo
1885 4688 1967 4721 em
1987 4686 2140 4721 casos
2161 4677 2222 4720 de
2245 4677 2628 4731 necessidade„.
2665 4679 2696 4721 l.
2722 4687 2767 4719 e.
2783 4709 2794 4731 ,
2816 4675 2904 4720 lib.
2925 4686 2960 4727 1,
2983 4686 3030 4719 n.
3054 4674 3152 4719 162.

773 4744 795 4775 ²
852 4744 936 4788 Sic
956 4757 967 4799 3
989 4744 1303 4789 libertatis?
