3742 5392
1653 481 1782 539 An.
1825 480 1969 539 1554
2934 477 3059 541 4⁰9

691 622 836 687 882.
921 624 1056 689 Ivit
1087 642 1264 705 ergo
1296 626 1388 691 ad
1415 642 1580 691 eum
1607 626 1684 689 P.
1720 625 2136 704 villanova,
2170 642 2339 689 nam
2367 624 2455 688 de
2483 625 2871 689 mutatione
2898 632 3037 687 sta·

583 742 696 794 tus
724 732 910 796 serio
940 733 1321 808 tractabat;
1354 742 1424 796 et
1452 750 1612 797 cum
1642 742 1832 797 esset
1869 733 1982 796 vir
2010 732 2274 812 alioqui
2310 747 2619 810 magnae
2656 729 3049 795 auctorita-

571 839 688 915 tis,
721 838 1090 903 doctrinae
1117 858 1206 903 ac
1237 840 1636 921 probitatiS,
1669 850 1736 904 et
1765 838 2197 905 Societatem
2219 856 2493 903 summo
2516 838 2772 901 affectu
2795 838 3035 917 dilige·

569 957 708 1023 ret,
742 956 811 1009 et
839 947 1362 1027 quodammodo
1391 948 1544 1011 sine
1573 947 1694 1011 illa
1722 946 1972 1010 vivere
1999 963 2142 1009 non
2172 956 2415 1026 posset
2433 993 2448 1022 ,
2480 945 2937 1009 nihilominus
2964 945 3037 1007 in

569 1052 861 1115 dubium
903 1070 1064 1116 eum
1104 1052 1502 1117 adducebat
1551 1053 1762 1134 quod,
1811 1070 1973 1117 cum
2017 1062 2203 1115 esset
2240 1062 2476 1116 aetate
2522 1052 2930 1132 provectior
2968 1064 3049 1116 ct·

571 1160 896 1239 corporis
925 1160 1330 1224 valetudine
1359 1177 1502 1224 non
1533 1176 1787 1240 parum
1825 1158 2179 1237 infirmuS‚
2214 1176 2345 1223 nec
2374 1157 2464 1221 ad
2498 1159 2719 1223 vitam
2748 1158 2821 1221 in
2848 1175 3040 1221 com-

567 1266 912 1330 munitate
941 1266 1361 1345 ducendam,
1395 1267 1820 1348 praesertim
1859 1266 1921 1329 si
1950 1262 2389 1346 superiorem
2427 1266 2721 1329 haberet
2752 1264 3032 1345 rigidio-

569 1390 745 1453 rem,
777 1373 910 1437 sibi
943 1374 1336 1465 videbatur‚
1363 1391 1497 1438 nec
1527 1374 1617 1437 ad
1640 1373 2294 1455 peregrinationum
2318 1372 2777 1453 praedicandi
2796 1372 3035 1451 gratia

565 1480 932 1544 discursus
953 1529 970 1559 ,
1006 1480 1389 1561 praecipue
1431 1490 1722 1545 servata
1762 1490 2211 1561 paupertate,
2245 1490 2341 1557 et,
2374 1479 2463 1542 ob
2494 1477 2877 1543 memoriae
2913 1479 3035 1542 ali-

567 1604 778 1667 quem
806 1586 1180 1666 defectum,
1215 1605 1361 1651 non
1389 1604 1644 1667 parum
1671 1588 1744 1651 in
1767 1586 2229 1651 concionibus
2258 1584 2771 1666 praeparandis
2801 1585 3037 1648 elabo—

577 1693 877 1756 randum
907 1694 972 1757 ei
1002 1704 1179 1757 erat.

685 1799 828 1865 883.
919 1800 1230 1881 Optabat
1260 1812 1502 1866 tamen
1529 1801 1606 1865 P.
1639 1802 1915 1865 Natalis
1942 1819 2029 1865 ac
2058 1800 2135 1865 P.
2167 1801 2386 1866 etiam
2414 1800 2472 1864 F
2475 1802 2845 1865 ranciscus
2864 1800 3041 1865 Bor-

567 1908 688 1983 gia
737 1918 813 1972 ut
853 1908 1141 1972 tandem
1179 1909 1296 1973 ille
1340 1909 1428 1974 de
1467 1918 1656 1973 statu
1703 1926 1832 1973 suo
1879 1908 2058 1973 certi
2104 1908 2371 1990 aliquid
2421 1909 2915 1988 constitueret,
2962 1918 3029 1971 et

569 2014 644 2077 P.
681 2014 1062 2078 Villanova
1096 2016 1187 2079 ad
1217 2014 1650 2079 Societatem
1676 2026 1992 2080 nostram
2026 2032 2189 2079 eum
2224 2016 2473 2079 vocari
2503 2032 2547 2077 a
2576 2014 2763 2079 Dno.
2794 2014 3041 2079 existi=

568 2122 833 2186 mahat:
865 2122 1183 2186 decrevit
1212 2138 1385 2203 ergo
1425 2122 1540 2186 ille
1569 2140 1725 2187 sese
1765 2124 2037 2204 aliquot
2065 2122 2313 2188 diebus
2350 2123 2685 2203 colligere
2714 2139 2879 2187 cum
2906 2123 3035 2186 ali*

557 2238 732 2308 quot
759 2228 848 2292 de
876 2226 1253 2305 Societate,
1297 2240 1368 2293 et
1395 2231 1456 2293 si
1487 2239 1654 2293 tunc
1684 2230 1772 2295 de
1800 2240 1991 2294 statu
2020 2230 2211 2293 vitae
2240 2230 2413 2294 nihil
2445 2230 2879 2293 constituere
2904 2245 3030 2310 po-

559 2336 832 2417 tuisset,
866 2338 1053 2400 hanc
1084 2336 1666 2401 deliberationem
1703 2337 1776 2401 in
1818 2338 2147 2401 manibus
2184 2336 2259 2400 P.
2308 2336 2677 2400 Francisci
2718 2336 3037 2415 Borgiae

557 2460 645 2505 ac
693 2441 771 2505 P.
827 2443 1254 2507 Villanovae
1305 2444 1704 2525 relinquere
1753 2452 2123 2521 statuerat,
2176 2453 2246 2507 et
2284 2444 2567 2507 illorum
2616 2443 2815 2524 sequi
2848 2441 3029 2522 judi-

555 2550 769 2614 cium.
802 2550 1282 2615 Existimabat
1315 2560 1552 2616 autem
1579 2552 1657 2615 P.
1683 2551 2068 2616 Villanova
2097 2548 2251 2631 ejus
2272 2549 2671 2631 ingressum
2696 2550 2771 2613 in
2792 2548 3037 2614 Socie—

553 2664 775 2720 tatem
797 2658 1042 2721 utilem
1065 2658 1240 2735 fore,
1271 2656 1438 2722 licet
1460 2658 1627 2722 alibi
1651 2656 1915 2739 [quam]
1942 2657 2295 2738 Compluti
2319 2658 2637 2721 victurus
2652 2674 2795 2719 non
2810 2667 3025 2731 esset,

555 2773 632 2826 ut
661 2772 810 2828 tam
839 2765 1040 2828 multi
1069 2765 1208 2828 viri
1236 2764 1460 2843 docti,
1503 2766 1623 2847 qui
1661 2766 1733 2829 in
1761 2766 1913 2829 dies
1948 2782 2036 2829 ea
2065 2766 2137 2828 in
2176 2762 2663 2829 Universitate
2706 2762 3025 2826 admitte·

557 2870 838 2949 bantur,
866 2870 1269 2951 huJusmodi
1293 2871 1549 2950 virum,
1576 2872 1971 2937 eruditione
1994 2882 2065 2935 et
2086 2872 2347 2952 pietate
2370 2879 2877 2951 praestantem,
2904 2869 3036 2933 ibi—

557 2976 718 3040 dem
753 2978 1178 3057 invenirent;
1211 2988 1282 3043 et
1311 2980 1640 3059 quamvis
1676 2979 1752 3043 P.
1787 2978 2173 3042 Villanova
2211 2979 2275 3042 ei
2304 2978 2746 3059 proponebat
2790 2988 2867 3041 ut
2894 2976 3031 3041 sibi

556 3084 1018 3163 persuaderet
1041 3085 1172 3148 sub
1195 3086 1562 3165 superiore
1585 3086 1814 3165 rigido
1839 3103 1926 3148 ac
1948 3086 2127 3149 duro
2152 3102 2228 3148 se
2249 3084 2587 3165 futurum,
2606 3101 2815 3165 quem
2836 3082 3028 3147 ferre

555 3199 626 3253 et
655 3192 770 3253 cui
815 3191 1104 3255 obedire
1145 3210 1278 3272 pro
1309 3208 1572 3273 magno
1610 3190 1746 3255 Dei
1791 3193 1979 3255 dono
2020 3192 2389 3256 habiturus
2418 3201 2643 3269 esset,
2690 3190 3037 3255 censebat.

553 3296 1034 3377 nihilominuS,
1060 3298 1121 3361 si
1143 3298 1209 3361 ei
1232 3298 1636 3363 indulsisset
1658 3298 1925 3380 aliquid
1946 3298 2022 3361 P.
2054 3298 2395 3378 lgnatius,
2423 3307 2499 3361 ut
2522 3298 2598 3361 P.
2630 3298 2689 3361 F
2692 3298 3027 3361 rancisco

553 3402 966 3481 indulserat,
1001 3406 1203 3469 brevi
1233 3406 1324 3469 ad
1353 3423 1635 3470 omnem
1664 3405 2221 3485 resignationem
2258 3406 2648 3469 voluntatis
2676 3422 2837 3469 eum
2866 3422 3023 3467 esse

555 3519 966 3589 venturum;
1012 3522 1314 3575 noverat
1354 3513 1542 3575 enim
1583 3512 1891 3576 hominis
1926 3513 2328 3593 ingenium;
2370 3514 2795 3576 versabatur
2833 3511 3021 3575 enim

553 3616 669 3680 ille
699 3633 961 3696 magno
993 3635 1153 3681 cum
1183 3618 1418 3683 fructu
1462 3618 1796 3683 Conchae
1821 3668 1836 3697 ‚
1878 3619 1997 3683 ubi
2036 3620 2595 3683 concionabatur
2638 3628 2706 3682 et
2746 3617 3022 3681 civitati

551 3733 766 3805 atque
807 3724 1156 3788 ecclesiae
1195 3724 1647 3805 gratissimus
1686 3734 1874 3803 erat,
1918 3743 2080 3789 cum
2122 3726 2607 3790 cathedralem
2646 3725 3023 3788 canonica·

551 3842 700 3895 tum
731 3830 826 3893 ibi
854 3830 1146 3894 haberet
1176 3832 1216 3891 ¹.
1243 3830 1566 3912 Quinque
1589 3831 1740 3895 dies
1764 3830 2101 3897 Conchae
2124 3842 2608 3896 commoratus
2630 3842 2737 3895 est
2763 3830 2843 3895 P.
2868 3830 3019 3895 Vil-

552 3938 838 4015 lanova,
873 3954 1009 4017 quo
1039 3950 1356 4017 tempore
1388 3938 1674 4018 quidam
1706 3939 2093 4002 canonicus
2132 3936 2283 4019 eJus
2312 3940 2657 4003 ecclesiae
2699 3938 3029 4002 donatio--

553 4296 784 4329 errorem
807 4285 988 4329 datum
1011 4286 1080 4329 ibi
1112 4286 1212 4330 dici
1242 4286 1416 4329 eodem
1449 4296 1620 4329 mense
1654 4284 1869 4339 Martio,
1902 4296 2019 4329 cum
2050 4298 2175 4330 vere
2205 4288 2363 4331 datae
2387 4288 2494 4332 sint
2522 4299 2697 4332 menne
2714 4288 2903 4343 sunam·
2930 4291 3025 4343 qui

550 4368 698 4401 orror
718 4364 772 4401 et
804 4357 1112 4402 emendatus
1142 4364 1222 4401 est
1260 4358 1310 4401 in
1340 4356 1512 4401 Indice
1547 4364 1600 4401 et
1630 4355 1783 4401 incile
1813 4360 1882 4402 ab
1909 4358 2143 4412 expertis
2172 4358 2592 4414 deprehenditur-3
2622 4361 2855 4405 ordinem
2883 4362 3016 4405 enim

548 4430 972 4483 chronologicum
994 4430 1062 4472 ibi
1083 4429 1433 4482 servavimus,
1456 4437 1508 4472 et
1530 4439 1848 4482 responsum.
1869 4429 1933 4472 de
1954 4440 2055 4483 quo
2075 4430 2295 4481 agimus.
2328 4442 2428 4475 non
2448 4431 2587 4476 inter
2606 4433 2817 4478 litteras
2844 4443 3019 4477 mense

551 4498 742 4544 Martio
762 4501 934 4553 datas,
955 4501 1044 4545 eed
1068 4502 1204 4545 inter
1225 4512 1318 4546 ene
1337 4510 1470 4555 quae
1490 4498 1518 4553 J
1523 4500 1642 4544 unio
1661 4500 1817 4543 datae
1837 4507 1975 4549 sunt.
1996 4501 2386 4547 collocavimus.

634 4572 650 4604 Ι
710 4571 859 4616 Patri
895 4572 1166 4617 Francisci
1187 4574 1250 4615 de
1273 4570 1593 4616 villanueva
1629 4571 1695 4616 ad
1727 4570 1991 4625 lgnauum
2020 4573 2250 4627 litterae,
2282 4586 2311 4617 e
2345 4574 2531 4628 quibus
2558 4586 2691 4630 quae
2720 4575 2805 4619 his
2832 4586 2917 4619 nn.
2936 4576 3033 4619 882

549 4642 704 4687 etsoe
732 4645 1065 4689 continentur
1084 4647 1393 4699 deprompta
1430 4652 1566 4697 sunt,
1597 4645 1754 4688 datae
1785 4644 1928 4689 suere
1968 4644 2223 4698 Compluti
2258 4646 2309 4689 15
2338 4645 2733 4703 Martii,quibue
2750 4650 3029 4703 respondit.

549 4714 794 4769 ignatius
819 4716 869 4759 14
891 4716 1028 4769 Junii
1052 4716 1260 4767 litteris.
1283 4728 1413 4770 quas
1435 4717 1598 4759 habes
1621 4717 1669 4759 in
1695 4717 1891 4761 Carras
1915 4719 1981 4761 de
2008 4718 2118 4761 Son
2144 4718 2382 4771 Ignara»,
2404 4725 2441 4771 t,
2464 4730 2536 4771 tv,
2560 4731 2678 4775 pag.
2701 4720 2795 4764 196.
