3742 5392
1622 482 1749 540 ΑΝ.
1794 482 1937 541 1554
2918 482 3026 541 221

552 628 773 691 etiam
803 628 955 691 sine
985 628 1250 691 auxilio
1281 626 1659 692 Societatis
1690 627 1705 658 ¹
1746 628 2125 692 videbatur
2164 627 2264 691 P.i
2303 627 2775 710 Hieronymo;
2817 636 2888 692 et
2929 638 3029 692 ta-

555 752 719 797 men
768 736 923 813 ipsa
966 734 1225 797 civitas
1270 734 1536 815 aliquot
1576 734 1876 814 redituS,
1924 735 2087 798 licet
2126 736 2218 799 ad
2257 744 2543 799 centum
2587 753 2844 799 aureos
2885 754 3032 801 non

558 842 1056 920 ascenderent,
1091 840 1328 921 dabat,
1363 850 1431 905 et
1459 843 1697 905 locum
1725 841 2057 905 idoneum
2095 850 2164 905 et
2203 842 2522 905 vicinum
2566 843 2770 907 bonis
2815 844 3026 907 abba·

554 948 701 1010 tiae
730 945 897 1010 S.t²e
922 946 1195 1010 Mariae
1225 948 1409 1011 della
1440 948 1725 1012 Grotta:
1762 957 1919 1012 erat
1955 948 2172 1011 etiam
2210 955 2335 1012 aer
2373 949 2916 1029 saluberrimus;
2961 960 3033 1013 et

552 1054 1011 1118 nihilominus
1059 1054 1422 1118 hominum
1469 1056 1765 1135 penuria
1815 1071 1906 1118 ne
1959 1054 2452 1119 admitteretur
2497 1074 2765 1119 novum
2816 1058 3025 1120 colle·

550 1161 751 1240 gium
782 1160 1011 1225 effecit
1042 1161 1083 1226 ⁸.

672 1267 815 1331 491.
900 1270 1011 1332 Ex
1041 1285 1263 1349 regno
1293 1269 1535 1333 Tunez
1561 1270 1842 1350 legatus
1873 1270 2161 1350 quidam
2206 1270 2280 1334 in
2325 1269 2639 1334 Siciliam
2681 1271 2908 1351 venit,
2955 1280 3029 1335 et

548 1376 836 1439 nomine
866 1374 1085 1455 Regis
1115 1376 1207 1439 ad
1236 1377 1743 1458 Imperatorem
1766 1393 1843 1440 se
1869 1375 2304 1457 conferebat,
2331 1386 2408 1440 ut
2431 1378 2655 1458 ipsius
2678 1378 2928 1442 ditioni
2951 1396 3028 1442 se

550 1468 965 1563 subjiceret,
1000 1493 1069 1546 et
1097 1483 1197 1547 ita
1234 1484 1306 1546 in
1335 1484 1486 1547 dies
1520 1484 1781 1547 ostium
1820 1483 1912 1547 ad
1949 1501 2067 1547 res
2107 1484 2398 1547 Africae
2430 1486 2691 1564 aperiri
2724 1484 3026 1549 affirma-

554 1589 704 1667 bat,
741 1598 810 1652 et
840 1590 926 1652 de
955 1589 1347 1670 Collegiolo
1377 1591 1567 1671 apud
1596 1590 1855 1654 Gelbes
1885 1591 2212 1655 habendo
2243 1592 2504 1671 agebat
2537 1589 2582 1653 ³.

674 1695 817 1759 492.
902 1694 1061 1761 Non
1091 1697 1411 1759 omittam
1440 1698 1629 1777 quod
1658 1698 1730 1761 in
1759 1697 2170 1785 visitatione
2195 1696 2668 1779 Episcopatus
2708 1698 3024 1763 Cefalen-

551 1803 655 1865 sis
675 1848 689 1877 ,
723 1803 800 1866 P.
833 1801 1300 1866 Provincialis
1330 1804 1657 1885 cupiebat
1687 1814 1763 1867 ut
1790 1804 1913 1886 qui
1944 1823 2034 1868 ex
2065 1806 2329 1868 nostris
2367 1822 2452 1867 eo
2495 1822 2788 1868 munere
2825 1805 3028 1886 fungi

554 1909 871 1989 deberet,
933 1928 1077 1973 non
1120 1910 1257 1973 alia
1296 1909 1787 1990 J'urisdictione
1829 1921 2147 1975 uteretur
2198 1928 2412 1992 quam
2461 1912 2922 1991 praedicandi
2959 1924 3028 1976 et

551 2016 1041 2081 confessiones
1069 2018 1400 2081 audiendi
1430 2028 1565 2081 etc.
1599 2016 1737 2081 Sed
1766 2018 2101 2098 Pro-rex,
2137 2017 2498 2082 affirmans
2525 2019 2696 2082 nihil
2726 2019 2890 2083 boni
2936 2038 3026 2084 ex

558 2142 639 2186 ea
665 2124 939 2188 ratione
960 2124 1298 2188 visitandi
1322 2136 1924 2205 consequuturum
1946 2143 2125 2204 esse,
2145 2126 2570 2189 auctoritate
2593 2143 2738 2190 non
2762 2126 3024 2190 medio-

551 2232 658 2294 cri
688 2230 764 2295 Ρ.
796 2232 1092 2296 Paulum
1119 2250 1205 2295 ac
1228 2232 1481 2296 deinde
1508 2233 1585 2296 P.
1612 2233 1970 2313 Elpidium
1991 2234 2092 2296 uti
2117 2232 2368 2312 voluit,
2398 2234 2723 2314 quamvis
2746 2234 2836 2297 D.
2863 2234 3024 2298 Hie·

556 2355 901 2418 ronymus
940 2340 1025 2402 de
1069 2338 1502 2419 Valentini5‚
1551 2338 1887 2403 Vicarius
1931 2340 2465 2426 agrigentinuS,
2509 2340 2582 2403 in
2623 2340 3028 2405 visitatione

554 2444 693 2507 hac
735 2446 1059 2509 eamdem
1105 2448 1603 2511 auctoritatem
1651 2447 1978 2526 haberet,
2035 2458 2104 2510 et
2154 2447 2362 2510 simul
2415 2464 2543 2510 suo
2596 2448 2824 2511 officio
2873 2448 3028 2513 fun·

550 2562 915 2632 gerentur.

667 2660 809 2722 493.
897 2660 1075 2724 Cum
1103 2678 1368 2741 magna
1406 2664 1645 2744 inopia
1686 2680 2038 2743 pauperes
2081 2660 2449 2726 Messanae
2493 2673 3014 2744 premerentur,

544 2777 831 2847 praeter
881 2769 1020 2831 alia
1074 2770 1461 2849 peculiaria
1510 2770 1843 2849 subsidia,
1894 2770 2097 2833 brevi
2148 2770 2422 2833 dierum
2465 2772 2694 2850 spatio
2750 2781 3022 2852 septem

546 2874 767 2936 millia
824 2884 893 2937 et
952 2875 1378 2955 quingentos
1434 2894 1691 2940 aureos
1757 2896 1847 2941 ex
1905 2876 2378 2957 eleemosynis
2445 2878 2684 2956 colligi
2741 2878 3022 2941 curavit

544 2978 648 3061 [P.
686 2980 1202 3063 provincialis],
1236 2991 1311 3045 ut
1341 2984 1591 3047 domus
1623 2984 1876 3063 (quam
1914 2986 2135 3063 vulgo
2169 3001 2378 3046 mons
2399 2983 2700 3064 pletatis
2731 2984 3020 3062 vocant)

546 3088 797 3151 melius
827 3089 1375 3153 constitueretur
1412 3086 1465 3164 *ς
1522 3099 1590 3152 et
1639 3092 1796 3153 aliis
1826 3090 1991 3155 hinc
2024 3090 2186 3153 inde
2217 3092 2559 3171 quaesitis
2601 3092 2886 3155 auxiliis
2917 3108 3024 3155 re-

537 3193 730 3257 ditus
760 3194 907 3258 fere
938 3196 1126 3259 mille
1155 3196 1577 3260 ducatorum
1606 3196 1678 3260 in
1709 3213 1915 3260 usum
1945 3214 2341 3278 pauperum
2370 3198 3018 3261 distribuendorum

546 3302 914 3366 confectus
944 3313 1073 3367 est.
1109 3304 1287 3368 Cum
1316 3313 1553 3368 autem
1584 3304 1861 3368 Catana
1892 3305 2229 3368 transiret
2268 3322 2523 3367 versus
2568 3304 3019 3381 Panormum,

545 3407 835 3473 domum
852 3410 1109 3474 ibidem
1126 3412 1608 3491 orphanorum
1625 3414 2242 3492 eleemosynarum
2259 3412 2728 3475 subventione
2746 3412 3024 3475 restitui

544 3517 851 3581 curavit.

630 3722 647 3753 ¹
708 3723 873 3766 etiam
894 3724 1015 3767 sine
1034 3723 1240 3767 auxilio
1260 3723 1564 3777 societatis,
1580 3724 1678 3767 hoc
1698 3728 1793 3767 est:
1816 3723 2202 3768 admittendum
2220 3735 2252 3767 a
2274 3722 2538 3768 societate
2571 3723 2855 3778 Collegium
2880 3722 3028 3775 Patr!

550 3792 867 3850 Hieronymo
888 3794 1187 3839 Domenech
1207 3795 1496 3849 videbatur,
1519 3796 1681 3839 etiam
1700 3796 1743 3839 sl
1780 3797 1978 3839 nullum
1998 3806 2030 3839 a
2050 3795 2270 3840 civitate
2289 3796 2572 3840 subsidium
2595 3796 2648 3838 in
2668 3793 2885 3849 collegii
2917 3804 3028 3838 sus-

548 3865 889 3911 tentationem
917 3866 1205 3911 ofl'erretur.
1237 3866 1406 3920 Quare
1436 3868 1568 3911 forte
1599 3868 1794 3911 rectius
1830 3868 2095 3911 diceretur
2131 3868 2296 3910 etiam
2331 3866 2450 3910 sine
2486 3866 2692 3910 auxilio
2725 3866 2972 3910 civitatis
2995 3878 3028 3910 a

551 3936 817 3981 societate
836 3938 1293 3983 admittendum...

629 4008 651 4040 ⁸
705 4008 833 4052 “Del
851 4010 1151 4065 collegietto
1172 4010 1220 4054 di
1242 4010 1470 4056 Max-sala
1486 4011 1677 4056 Nostro
1690 4011 1858 4055 Pndre
1881 4022 1982 4055 non
2001 4011 2154 4064 petra
2173 4010 2440 4054 risolversi
2460 4020 2562 4052 non
2583 4010 2626 4053 si
2641 4009 2918 4053 scrivendo
2938 4010 3028 4065 piu

546 4080 599 4123 in
622 4081 936 4135 particolare
958 4083 1011 4125 la
1032 4082 1365 4136 dispositione
1388 4084 1483 4127 che
1506 4084 1548 4127 c’
1568 4087 1595 4128 e
1618 4084 1667 4128 dl
1691 4093 1816 4127 casa
1838 4090 1892 4127 et
1913 4094 1969 4126 se
1992 4084 2044 4126 la
2077 4080 2242 4126 Badis
2263 4081 2400 4125 tiene
2422 4092 2546 4124 casa
2569 4092 2597 4124 ο
2618 4079 2795 4124 chiesa
2816 4082 3030 4135 propria

549 4152 603 4195 in
623 4152 767 4196 detto
787 4153 941 4207 luogo
966 4159 1017 4197 et
1036 4154 1197 4198 etiam
1227 4155 1323 4199 che
1354 4155 1505 4199 modo
1527 4156 1575 4200 di
1596 4158 1898 4210 colleguetto
1920 4154 1964 4199 si
1996 4164 2162 4209 pensa
2182 4153 2313 4203 fare.
2333 4162 2390 4195 se
2427 4152 2477 4196 al
2499 4152 2648 4196 modo
2668 4151 2720 4195 di
2740 4150 2970 4196 Monteal
3001 4165 3031 4196 ο

544 4224 601 4267 in
621 4225 757 4279 qual'
776 4226 913 4268 altro
934 4226 1100 4269 modo.
1122 4226 1167 4269 E
1187 4237 1318 4271 vero
1338 4226 1452 4279 che,
1474 4228 1703 4282 parendo
1723 4230 1775 4272 la
1795 4239 1920 4272 cosa
1941 4232 2087 4271 tanto
2109 4225 2162 4269 al
2181 4224 2453 4280 proposito
2473 4234 2506 4267 a
2526 4223 2592 4267 V.
2615 4222 2681 4266 R.
2707 4229 2761 4267 et
2781 4224 2945 4268 anche
2977 4225 3030 4269 al

549 4296 606 4340 P.
630 4294 780 4340 Mtro.
804 4297 990 4349 Nadal,
1006 4297 1151 4341 Ntro.
1168 4297 1337 4341 Pndre
1360 4298 1657 4343 facilmente
1670 4300 1713 4343 si
1730 4300 1903 4355 petria
1919 4300 2209 4351 rimettere,
2232 4295 2474 4341 masaime
2488 4306 2584 4339 non
2601 4295 2675 4349 gli
2687 4294 3032 4341 dimandando

545 4374 703 4421 gente
726 4379 818 4423 per
839 4369 1068 4423 adesam„
1088 4368 1235 4414 Patri
1260 4370 1574 4428 Hieronymo
1596 4371 1907 4424 Domenech,
1937 4372 2048 4415 sine
2070 4370 2168 4424 die,
2190 4370 2280 4413 sed
2301 4374 2392 4412 aut
2413 4367 2466 4411 27
2496 4370 2587 4411 aut
2607 4366 2662 4409 28
2681 4367 2881 4421 Aprilis
2905 4368 3027 4412 155⁴.

626 4441 651 4471 δ
704 4440 833 4484 “Per
854 4442 905 4484 la.
926 4439 1141 4485 Goletta
1162 4448 1215 4487 et
1236 4442 1502 4487 Thuneeso
1532 4454 1635 4488 non
1654 4444 1698 4487 si
1732 4443 1958 4487 riscalda
1993 4444 2154 4487 molto
2177 4440 2368 4485 Nostro
2401 4438 2568 4483 Padre
2585 4471 2596 4489 ,
2617 4438 3024 4485 demandandosi

546 4522 649 4555 nno
668 4515 795 4565 eolo,
817 4513 1013 4556 benche
1034 4525 1095 4556 ce
1124 4526 1251 4559 sono
1271 4514 1440 4559 alcuni
1463 4515 1557 4559 che
1587 4515 1876 4559 haveriano
1900 4515 2058 4559 molto
2077 4524 2207 4557 cara
2229 4511 2405 4567 quella
2437 4510 2705 4563 missioue;
2728 4518 2827 4562 pur
2847 4517 3034 4564 questo

551 4582 857 4637 Settembre‚
881 4588 933 4630 al
954 4586 1037 4631 far
1056 4588 1192 4630 delle
1212 4586 1483 4641 partitioni
1503 4586 1555 4630 di
1574 4592 1745 4640 gente.
1767 4587 1811 4630 si
1833 4586 2176 4641 risguardera
2193 4584 2244 4627 in
2264 4593 2368 4626 una
2388 4588 2538 4636 parte
2555 4587 2609 4624 et
2631 4580 2818 4633 altra.„
2841 4579 3028 4627 Polan·

547 4666 659 4707 cus,
681 4666 747 4699 ex
768 4669 917 4709 com„
939 4658 1086 4702 Patri
1112 4658 1425 4717 HIeronymo
1446 4658 1758 4710 Domenech‚
1776 4658 1805 4701 7
1826 4657 2054 4712 Augusti
2077 4656 2201 4702 155⁴.

635 4728 659 4760 ⁴
712 4728 845 4773 Vide
866 4740 1043 4785 supra,
1067 4736 1105 4774 t.
1127 4742 1205 4784 ιιι,
1225 4742 1346 4785 pag.
1368 4730 1468 4785 225,
1491 4741 1541 4775 n.
1561 4730 1661 4776 494.
