3742 5392
669 482 779 539 «³5⁸
1593 477 1849 539 Canon.
1891 476 2046 537 Soc.
2085 476 2228 550 Jns.

798 624 973 688 1402.
1058 624 1139 688 ln
1180 625 1353 689 navi
1400 634 1645 689 tamen
1688 634 1976 703 tempus
2021 624 2180 687 sine
2227 622 2468 687 fmetu
2511 640 2660 686 nou
2699 622 3146 701 elabebatur,

669 748 841 797 nam
884 742 955 795 et
992 730 1509 813 praedicationi
1550 741 1623 795 et
1660 730 2228 795 confessionibus
2265 730 2640 793 audiendis
2673 729 2944 793 dabant
2973 746 3144 809 ope-

672 856 849 918 ram,
882 850 953 903 et
982 840 1269 903 litanias
1292 848 1367 903 et
1402 840 1685 918 MissttS,
1724 856 1902 919 quas
1947 848 2214 903 vocant
2257 838 2492 901 sae'ccas
2531 838 2628 916 (et
2655 837 2938 914 merite,
2973 854 3146 900 cum

672 965 817 1011 non
856 948 1160 1027 irrigent
1202 948 1515 1011 animam
1556 964 1857 1027 corpore
1905 956 1978 1010 et
2025 947 2380 1025 sanguine
2420 945 2616 1025 Agni
2651 946 3134 1023 immaculati),

670 1054 1025 1133 dicebant,
1058 1072 1275 1136 paces
1302 1055 1519 1118 etiam
1548 1055 1825 1135 aliquas
1852 1063 2428 1135 composuerunt,
2467 1062 2540 1117 et
2577 1052 2986 1117 inimicitias
3013 1054 3143 1115 im—

674 1162 1067 1243 pedierunt,
1100 1162 1469 1225 doctrinae
1506 1162 1723 1225 etiam
1750 1161 2186 1225 christianae
2215 1170 2288 1223 et
2309 1172 2600 1224 actuum
2629 1160 3144 1241 Apostolorum

673 1270 1051 1333 lectionem
1078 1268 1611 1349 praelegebant.
1652 1268 1976 1332 Tandem
2013 1267 2389 1345 Malacam,
2435 1266 2592 1332 Deo
2621 1268 2950 1349 propiti0,
2985 1284 3145 1348 per-

672 1378 1063 1453 venienteS,
1096 1392 1361 1456 magno
1390 1392 1567 1439 sane
1596 1392 1761 1439 cum
1788 1375 2058 1449 labore,
2089 1384 2160 1439 et
2187 1374 2558 1439 Praefecto
2589 1374 2996 1454 adjuvante,
3017 1392 3141 1437 na·

673 1484 819 1547 vim
848 1484 1063 1547 aliam
1092 1484 1539 1561 invenerunt,
1574 1499 1757 1563 quae
1786 1483 2030 1546 statim
2059 1484 2134 1545 in
2160 1480 2510 1565 Japonem
2538 1494 2896 1563 pergeret.

804 1588 982 1654 1403.
1068 1588 1208 1654 Sed
1236 1591 1353 1652 vel
1382 1590 1743 1653 adnitente
1772 1588 2118 1653 daemone
2143 1600 2220 1653 ut
2241 1590 2506 1652 bonum
2528 1605 2706 1669 opus
2727 1590 3120 1670 impediret,

676 1698 795 1761 vel
822 1698 989 1777 quia
1018 1696 1201 1761 forte
1228 1696 1363 1760 Dei
1392 1696 1851 1761 Providentia
1884 1696 2206 1761 Malacae
2235 1698 2602 1760 civitatem
2639 1696 2780 1759 frui
2817 1696 3134 1777 aliquan-

676 1806 793 1868 diu
824 1816 1231 1867 nostrorum
1258 1821 1479 1883 opera
1502 1805 1808 1881 volebat,
1842 1805 2054 1867 navis
2081 1805 2202 1867 illa
2229 1815 2442 1885 capto
2472 1804 2624 1885 ejus
2653 1804 2941 1868 domino
2977 1804 2992 1834 ⁸
3025 1821 3145 1867 ex·

677 1921 957 1976 armata
982 1911 1145 1989 fuit,
1179 1920 1249 1974 et
1277 1912 1497 1974 motio
1537 1921 1917 1975 ventorum
1937 1910 2088 1991 J‘am
2120 1911 2268 1991 jam
2295 1924 2664 1975 cessatura
2706 1920 2883 1989 erat,
2927 1920 3000 1974 et
3041 1911 3138 1972 ita

676 2019 1019 2099 hyemare
1048 2018 1371 2081 Malacae
1399 2018 1633 2081 coacti
1662 2029 1863 2097 sunt,
1898 2019 2088 2099 quod
2127 2036 2270 2082 non
2311 2034 2564 2099 parum
2609 2019 2978 2082 molestiae
3021 2034 3150 2080 no·-

673 2126 841 2189 stris
869 2126 943 2189 in
968 2124 1317 2207 Japonem
1345 2126 1890 2205 properantibus
1919 2126 2302 2203 attulisset,
2337 2126 2474 2189 nisi
2501 2126 2740 2189 omnia
2781 2126 3010 2189 eidem
3039 2126 3142 2188 di·

675 2232 887 2296 vinae
916 2230 1419 2296 Providentiae
1464 2233 2008 2296 commisissent.

802 2336 959 2402 1404
1064 2340 1167 2403 Ibi
1196 2356 1371 2421 ergo
1402 2342 1593 2421 quod
1623 2341 1972 2421 reliquum
1993 2352 2150 2403 erat
2181 2339 2391 2420 huius
2419 2341 2588 2403 anni
2618 2340 3011 2420 exigentes,
3037 2339 3138 2401 fa-

680 2446 949 2511 miliam
978 2464 1181 2509 suam
1208 2446 1285 2510 P.
1318 2446 1659 2511 Melchior
1688 2448 1760 2510 in
1790 2447 2090 2527 Collegii
2121 2447 2424 2511 sormam
2453 2448 2750 2526 redegit,
2783 2458 2854 2511 et
2883 2447 3140 2510 oratio·

678 2554 793 2617 nis
814 2562 883 2617 et
904 2552 1141 2631 studii,
1167 2564 1237 2617 et
1259 2554 1557 2619 aliorum
1580 2554 2088 2618 exercitiorum
2107 2562 2297 2617 stata
2325 2564 2647 2634 tempora
2671 2555 3138 2631 constituenS,

682 2661 813 2724 sub
841 2660 1207 2724 meridiem
1249 2661 1401 2741 ipse
1442 2678 1569 2741 per
1600 2662 1849 2725 boram
1891 2662 2268 2724 lectionem
2296 2680 2386 2724 ex
2427 2661 2886 2725 Testamento
2917 2661 3144 2725 veteri

681 2767 1161 2847 praelegebat;
1191 2769 1325 2831 sub
1352 2784 1726 2849 vesperam
1750 2786 1841 2831 ex
1862 2767 2320 2831 Testamento
2339 2785 2530 2831 novo
2561 2768 2776 2831 aliam
2805 2768 3152 2848 interpre··

682 2874 1001 2952 tabatur,
1060 2892 1275 2954 quam
1330 2876 1545 2938 etiam
1598 2877 1876 2939 externi
1931 2875 2230 2939 libenter
2283 2876 2698 2954 audiebant;
2760 2874 3152 2954 aliquando-

684 2982 899 3044 etiam
950 2980 1529 3044 mortificationes
1578 2981 1670 3044 ad
1712 2990 2122 3045 nostrorum
2170 2983 2590 3046 exercitium
2633 2996 2705 3045 et
2745 2980 3142 3063 profectum

686 3088 791 3151 sic
830 3086 1123 3165 fiebant,
1164 3098 1243 3151 ut
1290 3104 1381 3151 ex
1432 3088 1535 3151 eis
1576 3086 2078 3151 offendiculum
2129 3106 2336 3151 nemo
2388 3100 2846 3152 externorum
2887 3105 3142 3169 capere

684 3204 925 3275 posset
979 3193 1025 3271 ¹³,
1080 3193 1472 3274 cujusmodi
1519 3206 1673 3259 erat
1722 3204 1964 3275 petere
2013 3198 2570 3276 eleemosynam,
2623 3214 2838 3276 quam
2889 3196 3150 3259 deinde·

686 3302 1115 3382 pauperibus
1144 3301 1681 3381 distribuebant;
1712 3302 1984 3365 duobus
2013 3304 2229 3367 ctiam
2257 3303 2722 3384 hospitalibus
2763 3302 3134 3381 inservire,

688 3424 991 3489 quorum
1018 3409 1321 3471 alterum
1347 3409 1695 3487 lusitanis,
1730 3410 2032 3472 alterum
2060 3408 2247 3473 indis
2275 3410 2436 3473 usui
2465 3420 2642 3488 erat,
2679 3410 2796 3473 ubi
2819 3426 2958 3473 non
2989 3420 3142 3472 tan-

690 3524 839 3579 turn
892 3515 1341 3594 humilitatiS,
1400 3514 1525 3579 sed
1580 3528 1650 3579 et
1706 3516 2092 3596 patientiae
2151 3518 2434 3581 occasio
2490 3517 2795 3580 dabatur
2853 3526 3142 3598 propter

690 3622 1217 3702 aegritudinum
1244 3622 1588 3687 foetorem
1630 3634 1699 3687 et
1746 3624 1912 3703 alia,
1959 3641 2142 3703 quae
2179 3642 2520 3687 nauseam
2559 3642 2851 3688 movere
2893 3626 3154 3695 solent;.

688 3730 781 3794 ad
804 3746 1009 3793 suam
1030 3730 1243 3793 etiam
1264 3731 1849 3794 sustentationem
1873 3732 2182 3794 ostiatim
2205 3732 2609 3795 necessaria
2625 3731 3143 3796 mendicabant.

772 3935 789 3969 Ι
846 3933 989 3981 naec
1010 3936 1189 3985 verba.
1207 3938 1365 3989 capto
1382 3936 1501 3991 ejus
1521 3936 1755 3987 domino,
1774 3936 1825 3979 in
1846 3937 2084 3989 margine
2105 3946 2260 3981 manu
2283 3936 2339 3982 P.
2365 3936 2574 3981 Polanci
2595 3936 2778 3981 addita
2799 3942 2934 3981 sunt.

768 4006 793 4039 ἱ
847 4006 955 4059 Quo
974 4014 1130 4061 pacto
1150 4007 1386 4051 cavenda
1408 4014 1742 4051 externorum
1764 4008 1976 4052 offensio
1998 4008 2048 4051 in
2067 4008 2149 4052 his
2171 4008 2447 4053 humilibus
2481 4008 2780 4052 ministeriis
2803 4007 3038 4063 apposite
3061 4008 3150 4050 do·

688 4080 843 4123 cebat
862 4077 1122 4123 xaverius
1142 4078 1192 4122 in
1210 4079 1432 4132 epistola
1453 4080 1521 4124 ad
1544 4080 1593 4122 Ρ.
1618 4079 1910 4133 Gasparem
1933 4080 2218 4124 Barzaeum
2239 4080 2380 4124 hisce
2399 4081 2590 4124 verbis:
2612 4080 2925 4133 “Admissos,
2947 4080 2997 4123 in
3019 4090 3150 4122 vera

688 4150 769 4195 sul
786 4151 1133 4203 abnegatione
1156 4182 1169 4203 ‚
1186 4150 1583 4195 mortificatione
1606 4152 1791 4195 intima
1812 4162 2094 4205 pravorum
2115 4152 2392 4197 affectuum
2411 4185 2422 4205 ,
2455 4152 2804 4196 indesinenter
2823 4162 3006 4195 exerce
3029 4162 3039 4193 z
3061 4151 3159 4194 ad·

692 4234 842 4267 move
864 4223 985 4278 quin
1020 4224 1181 4267 etiam
1202 4224 1503 4267 ministeriis
1538 4224 1815 4268 humilibus
1833 4225 2064 4268 externis
2087 4224 2410 4269 mendicandi
2445 4224 2677 4269 ostiatim
2709 4237 2801 4278 pro
2821 4224 3154 4279 pauperibus,

688 4296 1003 4340 inserviendi
1022 4295 1447 4339 decumbentibus
1466 4297 1519 4339 in
1540 4298 1832 4340 nosocomio
1860 4295 2068 4351 publico
2087 4330 2097 4349 ,
2125 4303 2176 4340 et
2199 4308 2330 4351 quae
2351 4302 2470 4341 sunt
2491 4298 2603 4351 ejus
2623 4296 2828 4352 generis
2857 4298 3016 4350 vulgo
3037 4306 3154 4350 pro-

692 4370 832 4413 bata:
853 4374 1005 4421 gestu
1024 4376 1115 4411 aut
1137 4376 1284 4411 veste
1307 4367 1539 4411 insaniae
1560 4368 1788 4421 speciem
1810 4368 2122 4412 habentibus
2141 4400 2152 4420 ,
2175 4370 2526 4422 spectaculum
2547 4380 2638 4413 eos
2667 4368 2980 4413 multitudini
3003 4378 3154 4423 prae·

690 4442 811 4483 bere
832 4472 843 4491 .
864 4450 943 4483 me
961 4444 1177 4483 auctore
1197 4471 1207 4486 .
1230 4451 1291 4482 ne
1308 4440 1539 4494 jusseris.
1560 4439 1711 4483 Talia
1732 4442 1867 4483 enim
1887 4472 1898 4490 .
1920 4447 1973 4483 et
1995 4442 2200 4493 multis,
2221 4440 2304 4495 qui
2339 4441 2518 4485 vident
2534 4474 2544 4494 ,
2581 4442 2976 4485 admirationem
3000 4440 3156 4484 offen·

690 4512 823 4555 sioni
842 4511 1062 4563 affinem,
1084 4517 1135 4554 et
1156 4510 1299 4565 ipsis,
1322 4512 1407 4565 qui
1428 4522 1483 4554 sc
1512 4512 1585 4555 sic
1609 4512 1829 4556 ludibrio
1860 4513 2286 4567 propinaverint,
2315 4512 2568 4567 gloriolae
2601 4514 2954 4557 titillationem
2971 4546 2982 4560 ,
3005 4514 3162 4567 quasi»

691 4581 957 4626 heroicum
978 4582 1240 4636 quippiam
1266 4582 1501 4635 fecerint,
1524 4594 1623 4625 non
1644 4593 1766 4626 raro
1788 4590 2130 4627 commovent.
2148 4615 2170 4635 „
2193 4582 2244 4627 S.
2262 4582 2546 4627 francisci
2574 4582 2804 4627 Xavere'ae’
2832 4594 2860 4627 e
2883 4584 2932 4626 S.
2955 4583 3007 4638 J.
3029 4582 3157 4638 Epi·

690 4652 957 4697 stolarum
978 4656 1221 4696 omnium
1256 4654 1386 4697 libri
1420 4664 1477 4697 xv
1508 4666 1571 4697 ex
1596 4653 1759 4699 Ρκτκο
1794 4654 2050 4707 Mar-trajo,
2075 4654 2304 4700 Honano
2321 4654 2506 4698 Tunsm
2523 4666 2658 4708 uso,
2681 4654 2852 4698 Pareo
2873 4656 3083 4699 Possum
3103 4662 3160 4698 et

694 4724 989 4769 Fuancxsco
1010 4724 1283 4770 Curinus.
1308 4724 1424 4770 Lib.
1445 4737 1518 4779 xv,
1539 4726 1637 4780 Ep.
1658 4738 1783 4781 xxv,
1806 4738 1853 4769 n.
1877 4726 1918 4771 2.
