3742 5392
1545 486 1653 545 ΑΝ
1668 530 1682 544 .
1732 486 1870 545 1554
2845 486 2942 545 141

468 646 750 706 eorum,
780 649 961 711 quae
992 644 1283 695 acturus
1314 642 1501 711 erat,
1536 632 1807 695 invenit
1842 631 1882 707 ¹,
1918 641 1986 695 et
2017 631 2454 695 Plazentiam
2476 631 2758 695 demum
2791 649 2948 711 per-

471 737 704 815 venit,
739 738 861 800 ubi
889 738 1118 801 officio
1148 756 1279 801 suo
1324 738 1703 819 diligenter
1750 738 2035 801 functus
2073 747 2216 817 est;
2265 749 2367 815 et,
2399 747 2477 802 ut
2521 738 2765 801 scribit
2794 738 2946 819 ipse

472 842 561 906 D.
596 842 863 907 Garzia
892 844 1293 925 Maurique,
1320 854 1469 909 tam
1501 847 1653 925 ipse
1682 862 1899 925 quam
1930 844 2055 908 DJ*
2079 844 2376 908 Isabella
2399 861 2678 908 summa
2701 862 2952 908 conso·

470 950 739 1014 latione
762 952 852 1015 ab
882 970 966 1015 eo
998 950 1235 1015 affecti
1264 963 1459 1031 sunt;
1492 964 1563 1015 et
1591 968 1723 1032 pro
1766 968 2046 1015 summo
2087 950 2430 1015 beneficio
2483 951 2634 1032 ejus
2675 952 2944 1015 missio-

470 1076 667 1131 nem,
700 1068 772 1122 et
798 1076 979 1138 quae
1010 1059 1198 1138 apud
1249 1076 1375 1123 eos
1426 1061 1684 1139 gessit,
1732 1060 2156 1123 habuerunt.
2189 1058 2480 1122 Utinam
2521 1067 2758 1122 autem
2807 1058 2949 1122 Isa-

471 1168 659 1229 bella
706 1166 1132 1245 perstitisset
1181 1168 1257 1229 in
1302 1185 1385 1229 eo
1429 1178 1652 1244 statu,
1702 1166 1791 1231 ad
1836 1184 2046 1247 quem
2095 1166 2398 1229 deducta
2441 1166 2606 1244 suit;
2658 1174 2732 1229 at
2759 1166 2950 1230 hanc

474 1274 1038 1337 consolationem
1067 1292 1199 1337 nec
1222 1273 1533 1338 Ducissa
1560 1274 1969 1352 Ferrariae,
2001 1291 2135 1336 nec
2168 1274 2320 1353 ipsa
2351 1272 2674 1352 Isabella,
2703 1274 2790 1337 de
2818 1291 2947 1338 sua

473 1379 743 1443 scilicet
772 1382 1346 1462 perseverantia,
1390 1380 1754 1445 Ecclesiae
1803 1380 1939 1443 Dei
1969 1397 2055 1443 ac
2083 1380 2287 1443 bonis
2336 1379 2681 1444 dederunt
2711 1378 2756 1443 ¹.
2791 1380 2951 1460 Ipse

476 1495 715 1551 autem
738 1486 812 1549 P.
838 1484 1089 1565 Olave,
1114 1498 1495 1567 postquam
1518 1486 1749 1550 officio
1772 1504 1903 1550 suo
1927 1486 2212 1549 functus
2236 1495 2366 1565 est,
2393 1484 2692 1549 Romam
2714 1487 2951 1565 primo

475 1610 755 1674 quoque
785 1603 1103 1673 tempore
1136 1594 1375 1673 rediit,
1410 1594 1901 1658 Ariminenses
1942 1592 2225 1656 interim
2255 1592 2482 1657 obiter
2511 1593 2944 1673 consolatus,

475 1700 729 1779 quibus
758 1700 847 1763 de
876 1699 1186 1764 adventu
1222 1700 1295 1763 P.
1332 1700 1743 1764 Bobadillae
1772 1717 1937 1781 spes
1963 1700 2130 1763 data
2158 1710 2268 1763 est
2293 1697 2339 1763 ⁸.

597 2337 737 2403 282.
825 2340 999 2405 Erat
1044 2342 1243 2403 initio
1273 2340 1480 2420 huj'us
1510 2342 1674 2404 anni
1715 2337 1789 2402 Ρ.
1825 2340 2192 2403 Bobadilla
2223 2338 2598 2417 Anconae,
2637 2341 2754 2403 ubi
2778 2358 2948 2422 pau-

484 2448 589 2510 cis
617 2447 1039 2510 lectionibus
1070 2456 1292 2511 totam
1340 2446 1710 2528 epistolam
1742 2447 1833 2509 ad
1862 2444 2163 2510 Galatas
2206 2446 2736 2527 compendiaria
2780 2464 2952 2527 qua·

480 2552 647 2617 dam
674 2554 953 2617 ratione
984 2554 1051 2617 ei
1082 2554 1355 2617 civitati
1386 2570 1548 2617 cum
1578 2552 1839 2633 magna
1870 2553 2093 2633 ipsius
2123 2554 2615 2617 consolatione
2637 2553 2944 2633 explica-

482 2668 707 2723 verat.
741 2660 1128 2724 Auditores
1166 2661 1355 2724 enim
1395 2658 1544 2740 ejus
1585 2659 1866 2723 fuerant
1905 2659 2302 2740 Episcopus
2331 2657 2355 2691 ⁴
2395 2676 2558 2723 cum
2596 2678 2726 2723 suo
2757 2662 2952 2741 capi—

481 2768 660 2844 tu10,
714 2776 783 2830 et
832 2766 1327 2847 magistratuS‚
1378 2784 1588 2849 quem
1638 2768 2168 2845 vicegerentem
2221 2774 2517 2847 vocant,
2563 2776 2634 2830 et
2677 2783 2942 2847 magna

479 2873 842 2952 nobilitas;
875 2882 941 2937 et
973 2875 1139 2954 quia
1168 2874 1241 2938 in
1270 2874 1605 2955 Episcopi
1633 2873 1845 2938 domo
1885 2874 2064 2937 haec
2097 2874 2308 2937 lectio
2335 2872 2548 2937 fiebat
2571 2920 2586 2951 ,
2619 2873 2806 2938 idem
2845 2876 2944 2937 vi-

480 2996 822 3060 cegerens
850 2982 1155 3061 urgebat
1184 2992 1259 3045 ut
1291 2982 1690 3059 civitatem,
1724 2978 2279 3061 praedicationis
2309 2982 2577 3061 gratia,
2612 2982 2942 3045 ascende·

478 3096 609 3151 ret.
643 3087 989 3167 Quamvis
1018 3098 1255 3151 autem
1288 3087 1505 3151 verbo
1535 3087 1671 3151 Dei
1698 3086 2124 3168 explicando
2169 3103 2460 3168 operam
2502 3088 2705 3153 daret
2752 3090 2825 3152 in
2850 3090 2948 3152 ci·

476 3194 701 3257 vitate
724 3196 1154 3259 recinatensi
1172 3204 1241 3258 et
1259 3195 1693 3259 anconitana
1710 3244 1725 3274 ,
1752 3195 2060 3258 vacabat
2084 3194 2282 3258 libris
2314 3194 2690 3275 prohibitis
2713 3213 2948 3259 secer·

477 3302 729 3365 nendis
756 3313 827 3365 et
862 3302 1182 3383 Talmut‚
1231 3302 1566 3367 adhibitis
1604 3302 1831 3366 tribus
1860 3302 1981 3381 qui
2023 3319 2112 3365 ex
2153 3302 2556 3365 hebraismo
2608 3300 2700 3365 ad
2749 3302 2948 3367 Chri-

478 3418 666 3472 stum
689 3410 1019 3473 conversi
1042 3410 1343 3473 fuerant.
1373 3409 1881 3488 congregabat
1911 3424 2036 3471 eos
2059 3408 2268 3471 simul
2285 3426 2447 3472 cum
2469 3410 2946 3488 gubernatore

479 3516 731 3580 domus
760 3518 1175 3581 lauretanae
1205 3514 1252 3596 ⁵,
1275 3527 1344 3580 et
1374 3518 1604 3596 primo
1636 3516 1748 3580 dic
1778 3515 2155 3579 Februarii
2187 3532 2433 3578 omnes
2459 3516 2532 3578 in
2556 3517 2792 3596 platea
2825 3534 2944 3597 pu-

478 3623 665 3686 blica
707 3623 1051 3687 Anconae
1102 3624 1623 3687 comburendos
1672 3624 1978 3685 curavit.
2031 3620 2205 3685 Erat
2257 3632 2492 3685 autem
2540 3620 2950 3702 hujusmodi

478 3730 818 3794 librorum
848 3746 1111 3810 magna
1146 3731 1548 3809 multitudo;
1582 3741 1682 3809 et,
1727 3739 2011 3809 praeter
2050 3728 2267 3792 libros
2305 3729 2761 3808 talmudicoS,
2803 3748 2943 3794 ma-

560 3934 575 3965 ¹
633 3933 767 3978 Vlde
788 3934 979 3979 Cattos
1002 3936 1069 3979 de
1100 3936 1203 3979 San
1224 3934 1460 3989 Ignacdo,
1480 3944 1517 3979 t.
1538 3945 1611 3988 tv,
1632 3945 1755 3990 pag.
1772 3934 1868 3987 114,
1885 3940 1938 3976 et
1958 3933 2092 3976 Acta
2117 3932 2170 3976 S.
2194 3932 2352 3977 Sedis
2371 3933 2428 3977 ἐκ
2450 3945 2616 3977 causa
2639 3934 2690 3978 S.
2709 3935 2784 3989 J„
2804 3948 2851 3990 p.
2876 3936 2944 3979 1⁴.

558 4005 581 4038 ¹
632 4005 885 4062 habena,
906 4018 1000 4051 seu
1018 4008 1293 4052 Elisabeth
1324 4007 1558 4061 Baccho,
1579 4016 1734 4061 quam
1763 4005 1853 4050 alil
1884 4014 1951 4047 ex
1983 4004 2159 4049 mariti
2181 4006 2480 4060 cognomine
2501 4006 2778 4049 Elusabeth
2809 4006 2958 4051 Man—

476 4078 623 4132 rique
643 4079 935 4133 appellant,
954 4080 1004 4123 in
1028 4078 1328 4123 Helvetium
1348 4078 1558 4122 tandem
1580 4076 1648 4120 ad
1676 4076 1974 4121 haereticos
2003 4074 2208 4129 aufugit
2237 4076 2406 4129 ibique
2437 4075 2582 4119 obiit.
2601 4074 2884 4121 Mexnxonz
2913 4089 2950 4120 Y

476 4148 701 4201 Pmro.
724 4151 759 4193 1.
780 4161 843 4204 ας
864 4149 1111 4195 eamn
1127 4183 1138 4203 ,
1160 4149 1407 4193 Historia
1428 4150 1495 4193 de
1512 4148 1702 4203 Fetcpe
1720 4146 1797 4199 11,
1814 4149 1849 4191 1.
1873 4158 1945 4199 xv,
1968 4158 2082 4202 cap.
2103 4144 2362 4191 ¹0.-vlde
2384 4146 2542 4189 etlam
2565 4147 2772 4191 litteras
2787 4180 2798 4201 ,
2822 4159 2951 4203 quas

474 4218 711 4275 Imauus
740 4221 840 4267 hac
860 4222 1132 4267 occasione
1152 4221 1293 4265 dedit
1314 4220 1533 4265 Domino
1553 4218 1748 4264 (ΞΜ-εἰει
1766 4218 2036 4275 Maurique
2053 4220 2106 4263 in
2129 4218 2324 4263 cartas
2340 4217 2407 4261 de
2429 4217 2540 4261 San
2561 4217 2797 4271 Ignacio,
2819 4226 2855 4264 t.
2877 4230 2954 4275 xv,

473 4302 593 4347 pag.
615 4292 708 4336 109.
724 4293 913 4347 -Quae
932 4294 1020 4348 ibi,
1041 4292 1383 4348 conjectando
1403 4298 1626 4343 tantum.
1648 4292 1697 4335 ln
1720 4298 1896 4336 annot.
1919 4291 1992 4335 2.·
2012 4290 2212 4344 scripta
2241 4295 2388 4345 nunt,
2413 4288 2622 4334 Polanci
2647 4292 2948 4336 narratione

474 4363 847 4409 confirmantur
866 4372 919 4409 et
940 4365 1297 4409 declarantur.

552 4436 577 4468 ὅ
629 4436 765 4481 Vide
790 4436 986 4491 Ignatii
1017 4436 1228 4481 litteras
1256 4436 1369 4481 alla
1393 4435 1676 4481 Comunita
1696 4434 1757 4478 di
1776 4432 1994 4477 leim'
2023 4434 2076 4477 lu
2108 4434 2298 4477 cartas
2328 4432 2394 4477 de
2416 4432 2527 4476 San
2554 4431 2790 4487 Ignacio,
2811 4442 2850 4479 t.
2872 4446 2949 4488 ιν,

474 4518 595 4613 ¹³⁸}-
614 4507 931 4625 ffltttlffeoeun
959 4579 1185 4635 Lucchl,
1205 4590 1297 4623 neu
1326 4578 1551 4632 joannes
1582 4578 1883 4623 Matthaeus
1919 4576 2178 4633 Luchius,
2199 4576 2374 4623 Lucae
2412 4578 2570 4633 filiun,
2594 4576 2944 4623 Bononiensis.

476 4650 735 4703 Ucmu.
756 4652 923 4696 Italia
946 4652 1136 4704 Sacra,
1154 4658 1195 4696 t.
1213 4662 1247 4704 ι,
1272 4652 1369 4694 col.
1388 4650 1491 4694 36⁴.

561 4722 585 4755 ⁸
639 4722 800 4769 Dnus.
822 4723 1031 4779 Gaspar
1051 4724 1114 4768 de
1134 4722 1325 4767 Doctis.
