3742 5392
1584 474 1714 532 AN.
1758 473 1902 532 1554
2885 474 3010 534 267·

636 616 780 679 573.
869 617 1157 682 Interim
1214 628 1449 681 autem
1511 619 1675 683 dum
1726 618 1882 681 Rex
1929 618 2421 683 Ferdinandus
2473 618 2774 683 Romam
2822 620 2990 682 scri·

520 724 655 804 bit,
715 724 1111 805 Episcopus
1165 724 1599 789 Labacensis
1656 724 1730 787 P.
1790 725 2143 805 Ignatium
2195 726 2341 789 suis
2385 726 2636 789 litteris
2697 743 2988 807 praeve-

519 832 653 907 nit;
690 832 975 911 scripsit
1004 842 1075 895 et
1106 832 1181 895 P.
1218 832 1547 896 Canisius
1582 832 1622 892 ¹.
1654 832 2051 897 Duodecim
2081 852 2170 895 ex
2201 832 2557 896 Societate
2599 842 2844 897 nostra
2874 850 2992 895 ex-

520 938 977 1018 petebantur,
1022 939 1279 1019 quibus
1321 948 1391 1003 et
1433 940 1773 1002 viaticum
1821 939 2122 1003 Romam
2161 940 2602 1013 mittebatur;
2643 939 2826 1003 inter
2866 956 2992 1003 eos

520 1044 661 1107 duo
694 1044 1009 1125 theologi
1040 1045 1367 1109 doctores
1398 1046 1942 1125 expetebantur,
1977 1055 2053 1108 ut
2083 1064 2224 1108 non
2255 1047 2486 1109 solum
2525 1046 2836 1109 seductis
2867 1047 2992 1109 sed

521 1150 739 1218 etiam
769 1150 1259 1215 seductoribus
1287 1170 1363 1215 se
1392 1162 1687 1233 possent
1717 1170 2095 1233 opponere.
2133 1152 2362 1215 Pestis
2391 1163 2634 1217 tamen
2657 1153 2888 1216 effecit
2917 1163 2994 1216 ut

520 1256 678 1320 Rex
726 1258 1137 1337 aliquandiu
1168 1259 1441 1321 initium
1494 1258 1773 1338 collegii
1818 1258 2280 1322 differendum
2331 1270 2684 1337 censeret,
2737 1263 2998 1324 multos

524 1364 711 1427 enim
762 1366 879 1427 vel
907 1383 1049 1428 uno
1099 1365 1211 1428 die
1254 1364 1533 1445 Pragae
1583 1367 1735 1428 lues
1782 1366 1899 1428 illa
1954 1375 2122 1429 tunc
2173 1367 2666 1447 extinguebat;
2715 1367 2872 1429 ideo
2923 1367 2996 1429 in

521 1488 789 1535 annum
816 1482 1228 1553 sequentem
1257 1489 1371 1534 res
1401 1480 1509 1534 est
1537 1470 1784 1551 ejecta.
1818 1472 2020 1535 Haec
2052 1484 2290 1537 autem
2324 1473 2460 1536 duo
2501 1474 2826 1552 collegia,
2860 1474 2996 1536 sci-

526 1578 690 1640 licet
712 1577 1119 1641 Viennense
1143 1588 1213 1641 et
1235 1578 1620 1657 Pragense,
1653 1578 2138 1643 confirmanda
2165 1580 2588 1643 videbantur
2613 1589 2996 1660 antequam

522 1685 747 1748 multa
776 1685 919 1748 alia
949 1685 1519 1763 admitterentur;
1560 1685 1684 1749 sed
1731 1686 2052 1761 tertium,
2091 1686 2359 1749 seilicet
2406 1686 2994 1765 Ingolstadiense,

524 1790 601 1853 P.
636 1790 967 1855 Canisius
995 1792 1209 1855 etiam
1238 1792 1751 1855 admittendum
1774 1791 2161 1872 jndieabat,
2196 1803 2570 1873 propterea
2601 1793 2790 1873 quod
2821 1791 2988 1855 Dux

524 1898 882 1961 Bavariae
908 1898 1047 1961 hoc
1078 1916 1266 1961 anno
1320 1907 1391 1961 et
1439 1898 1715 1961 litteras
1762 1897 1853 1961 ad
1903 1897 2274 1961 Summum
2322 1898 2732 1962 Pontificem
2783 1908 2853 1961 et
2906 1898 2998 1961 ad

527 2002 603 2066 P.
634 2004 990 2083 Ignatium
1021 2004 1341 2080 dederat,
1386 2013 1457 2067 et
1494 2022 1699 2067 suum
1728 2006 2196 2068 secretarium
2223 2005 2316 2069 D.
2348 2004 2738 2075 Henricum
2768 2006 2842 2067 in
2868 2004 3000 2068 Ur-

537 2110 699 2175 bem
728 2112 1021 2175 miserat
1050 2111 1095 2175 ¹.

646 2217 789 2281 574.
875 2218 1196 2299 Urgebat
1224 2220 1619 2299 Episcopus
1649 2218 2094 2283 Varmiensis
2135 2228 2542 2285 nostrorum
2581 2220 2670 2282 ad
2716 2236 2790 2281 se
2837 2219 3000 2282 mis-

529 2324 838 2401 sionem,
874 2334 943 2388 et
970 2326 1317 2388 viaticum
1365 2325 1655 2388 miserat
1685 2324 1756 2388 in
1802 2326 2098 2403 Urbem,
2134 2334 2202 2387 et
2253 2326 2642 2389 mirabatur
2694 2335 2998 2389 secreta-

528 2431 676 2494 rius
706 2431 923 2509 Regis
955 2432 1291 2495 Poloniae
1322 2430 1345 2461 ³
1378 2431 1789 2495 dilationem
1816 2430 1863 2512 ⁴;
1899 2433 2024 2495 sed
2057 2442 2201 2495 tam
2249 2434 2470 2495 multa
2515 2434 2812 2513 collegia
2854 2442 3001 2496 tam

527 2538 670 2601 cito
697 2537 974 2601 admitti
1000 2556 1141 2601 non
1172 2547 1536 2618 poterant,
1572 2555 1733 2601 cum
1765 2539 2184 2618 praesertim
2207 2540 2530 2617 germani
2555 2548 2622 2601 et
2649 2539 2840 2601 docti
2862 2539 3000 2601 viri

528 2654 1059 2724 expeterentur;
1098 2646 1281 2708 male
1310 2664 1385 2707 se
1434 2645 1788 2707 habebant
1827 2646 2115 2724 negotia
2158 2646 2523 2725 religionis
2559 2647 2630 2708 in
2677 2646 3000 2721 Polonia,

529 2760 600 2815 et
627 2752 898 2816 nobiles
928 2752 1130 2815 multi
1158 2751 1399 2815 infecti
1432 2761 1668 2829 erant,
1703 2761 1771 2815 et
1803 2753 2122 2815 nonnulli
2171 2754 2493 2832 praelati.
2547 2752 2711 2815 Alia
2743 2753 3002 2815 civitas

530 2859 953 2922 Provinciae
983 2857 1274 2938 Silesiae
1297 2858 1735 2939 praefectum
1758 2859 2063 2939 aliquem
2089 2878 2258 2921 suae
2282 2861 2568 2923 scholae
2592 2860 2898 2939 petebat,
2933 2874 3002 2922 et

533 3206 793 3257 Chotovv,
814 3205 998 3249 nobilis
1028 3205 1253 3249 Polonus
1276 3202 1335 3263 (†
1366 3205 1497 3256 1575)
1517 3204 1716 3258 (Magn.
1742 3206 2096 3258 Ziegelbauer
2115 3206 2171 3250 Ο.
2195 3206 2246 3249 S.
2271 3205 2344 3260 B.,
2371 3206 2605 3261 Epitome
2629 3207 2879 3251 historica
2901 3207 3002 3251 Mo·

532 3278 751 3323 nasterii
786 3276 1192 3321 Brevnoviensis
1227 3275 1501 3331 [Coloniae
1526 3276 1655 3329 1740]
1691 3288 1739 3331 p.
1771 3277 1912 3321 71-72.
1935 3276 2086 3320 Beda
2109 3276 2292 3321 Dudt'k
2313 3277 2370 3321 Ο.
2393 3278 2443 3320 S.
2469 3278 2543 3331 B.,
2567 3277 2882 3321 Geschichte
2914 3279 3008 3322 des

533 3346 1111 3392 Benedlktiner-Stiftes
1150 3348 1399 3403 Raygern
1433 3346 1481 3389 11
1523 3346 1691 3399 [Wien
1723 3348 1862 3401 1868],
1895 3347 1950 3390 60
1959 3353 2019 3401 ).„
2049 3348 2478 3397 Baauxsnanoan.
2512 3350 2545 3399 1.
2570 3358 2631 3401 c.,
2666 3348 3008 3403 pag.1197,an-

532 3427 641 3465 not.
664 3423 709 3464 l.

612 3492 631 3525 ¹
690 3492 824 3536 Vide
847 3494 943 3536 has
966 3492 1161 3535 Canisii
1183 3492 1413 3544 litteras,
1436 3503 1501 3533 ex
1521 3490 1705 3545 quibus
1726 3502 1857 3545 quae
1879 3492 2230 3545 superioribus
2251 3491 2332 3535 his
2363 3492 2526 3536 tribus
2561 3504 2645 3537 nn.
2677 3492 3006 3536 continentur

534 3564 809 3618 desumpta
828 3572 945 3608 sunt
960 3596 971 3618 ,
996 3562 1131 3617 apud
1150 3562 1561 3605 Baauxsssnesn
1576 3595 1587 3615 ,
1610 3563 1642 3605 l.
1667 3574 1729 3614 c.,
1751 3574 1869 3616 pag.
1887 3562 2081 3605 495-500.
2104 3562 2160 3605 In
2191 3562 2254 3605 iis
2275 3570 2456 3607 notatu
2488 3564 2744 3618 quaedam
2766 3562 3004 3617 dignissi-

532 3646 619 3679 ma
638 3642 757 3679 sunt
788 3636 929 3679 circa
958 3646 1136 3678 eorum
1156 3634 1303 3677 dotes
1324 3635 1410 3683 qui
1431 3634 1498 3678 ad
1536 3634 1671 3677 istud
1704 3632 1992 3687 Collegium
2016 3634 2358 3677 inchoandum
2381 3636 2588 3679 venturi
2617 3633 3006 3689 e1·ant.-—Regis

534 3705 885 3750 Romanorum
904 3706 1116 3749 litteras
1146 3706 1212 3749 ad
1233 3705 1491 3760 Ignatium
1514 3711 1565 3748 et
1586 3704 1778 3759 Ignatii
1810 3716 2110 3757 responsum
2141 3705 2304 3748 habes
2325 3706 2376 3747 in
2399 3706 2590 3748 Canas
2607 3706 2674 3748 de
2706 3706 2815 3749 San
2845 3705 3006 3757 Igna-

533 3778 631 3830 εἰσ,
650 3784 689 3822 t.
708 3788 781 3830 xv,
802 3789 920 3833 pag.
943 3778 1025 3821 532
1058 3784 1108 3821 et
1138 3778 1235 3820 37⁴.
1257 3776 1521 3829 Quaedam
1554 3777 1715 3819 etiam
1740 3777 1972 3830 reperies
2002 3776 2052 3819 in
2077 3778 2404 3830 postscrt'pto
2431 3778 2485 3820 28
2503 3776 2809 3821 Novembris
2829 3776 3007 3821 addito

534 3848 747 3893 Polanci
768 3850 835 3893 ad
858 3849 1129 3894 canisium
1146 3849 1338 3893 litteris
1359 3848 1414 3891 22
1432 3848 1659 3903 ejusdem
1682 3848 1888 3891 mensis.

612 3922 637 3953 ⁸
690 3920 977 3965 “Henricus
1008 3920 1355 3972 Schweicker,
1380 3920 1585 3963 Albertl
1610 3918 1656 3961 V
1697 3920 1841 3962 ducis
1860 3920 2204 3971 secretarius,
2225 3932 2398 3963 mense
2429 3919 2563 3963 Maio
2585 3930 2633 3962 a.
2655 3919 2761 3961 1554
2791 3918 3006 3964 Romam

534 3990 723 4036 missus
743 3998 885 4044 erat,
906 3998 963 4036 ut
987 3991 1275 4045 Collegium
1307 3990 1713 4045 ingolstadiense
1746 3992 1811 4033 ab
1832 3990 2040 4045 Ignatio
2065 3992 2413 4045 impetrat-en„
2439 3991 2864 4044 Bnaunsssncn,
2885 3992 2920 4034 l.
2942 4002 3006 4041 c..

532 4074 654 4118 pag.
670 4062 770 4116 502,
790 4070 969 4108 annot.
989 4064 1015 4101 Δ
1036 4064 1101 4107 ad
1134 4063 1329 4107 canisii
1360 4065 1566 4106 litteras
1588 4062 1815 4106 Polanco
1834 4063 1990 4106 datas
2017 4063 2072 4106 2⁶
2103 4062 2339 4108 Octobri-‚a
2363 4063 2490 4117 1551,
2512 4075 2538 4105 e
2561 4065 2743 4117 quibus
2763 4074 2826 4106 ea
2841 4096 2853 4113 ,
2875 4075 3006 4117 quae

533 4136 631 4179 hoc
652 4146 702 4179 n.
722 4142 1023 4183 narrantur.
1045 4136 1353 4189 deprompta
1373 4140 1509 4177 sunt.

614 4205 710 4250 His
732 4212 907 4251 autem
941 4207 1107 4250 tribus
1138 4206 1394 4259 collegiis,
1418 4206 1480 4249 de
1510 4206 1692 4259 quibus
1723 4205 1807 4248 hic
1842 4204 1900 4249 flt
1935 4216 2120 4259 sermo,
2144 4207 2430 4250 addendum
2455 4208 2664 4251 videtur
2698 4206 3007 4260 Oeniponta-

533 4290 682 4331 num,
703 4278 765 4321 de
788 4290 887 4331 quo
906 4279 991 4333 agi
1009 4278 1117 4333 ‚iam
1140 4278 1386 4321 audient
1410 4276 1645 4321 Canisius
1665 4282 1786 4319 ante
1808 4276 1960 4331 hujus
1981 4278 2102 4320 anni
2127 4276 2291 4329 finem,
2315 4286 2372 4321 ut
2393 4280 2576 4321 scribit
2595 4279 2704 4333 ipse
2726 4278 2920 4322 litteris
2941 4278 3008 4321 ad

530 4348 809 4394 Martinam
834 4348 1134 4393 Cromerum
1155 4350 1292 4393 datis
1310 4350 1339 4392 6
1366 4348 1689 4392 Novembris.
1715 4348 1845 4401 Quid
1869 4360 1992 4391 vero
2013 4348 2242 4392 audisset
2259 4381 2270 4401 ,
2291 4351 2376 4392 vel
2409 4350 2581 4403 potius
2603 4350 2723 4404 quid
2747 4349 2858 4404 jam
2892 4360 3010 4393 cum

535 4420 867 4465 Ferdinando
888 4432 1047 4475 agere
1068 4422 1377 4476 incoepisset
1392 4454 1405 4475 ,
1426 4427 1610 4464 narrat
1631 4420 1739 4474 ipse
1760 4419 1968 4474 Ignatio
1987 4420 2042 4462 25
2056 4419 2232 4464 Martii
2257 4421 2374 4464 1555.

612 4492 639 4525 ⁸
689 4491 947 4537 Martinus
967 4494 1197 4537 Cromer.

612 4566 637 4599 ⁴
698 4564 851 4609 Haud
872 4565 1081 4619 segnius
1102 4576 1257 4619 quam
1277 4565 1565 4619 Episcopus
1594 4564 1703 4617 ipse
1725 4562 2051 4607 Vax-tulensis
2079 4564 2302 4617 urgebat
2342 4564 2580 4610 canisius
2606 4565 2704 4609 hoc
2727 4564 3029 4619 negotium„

533 4643 593 4680 ut
612 4637 725 4692 ejus
752 4637 947 4681 litteris
978 4642 1199 4692 apparet
1220 4637 1285 4681 ad
1308 4636 1609 4679 Crumerum
1629 4635 1767 4679 datis
1786 4635 1815 4679 6
1832 4634 2146 4680 Novembris
2176 4642 2228 4679 et
2249 4635 2302 4679 27
2323 4636 2625 4681 Decembris
2649 4636 2752 4680 1551
2779 4644 2834 4680 et
2857 4636 2908 4679 15
2926 4636 2950 4687 J
2959 4648 3012 4679 a·

536 4708 709 4752 nuarii
730 4708 853 4758 1555.
