3742 5392
1623 484 1752 542 Aa.
1798 483 1938 541 1554
2910 484 3021 543 373

542 648 690 694 non
719 643 944 710 erant,
983 640 1050 693 et
1082 631 1240 693 ideo
1271 648 1412 693 non
1435 638 1832 709 opportuna
1857 628 2155 708 Collegii
2178 630 2523 693 dotationi
2548 629 2991 695 videbantur.

545 738 667 801 Ille
696 749 932 802 autem
964 738 1352 801 canonicus
1381 737 1501 817 qui
1542 736 1893 799 admissus
1931 735 2159 800 fuerat
2204 736 2246 815 ¹,
2287 746 2786 818 praeterquam
2815 738 3005 818 quod

543 845 795 908 obtulit
823 845 1330 925 supellectilem
1359 844 1698 907 librorum
1729 842 1907 921 (erat
1932 828 2166 906 autem
2186 841 2365 922 juris
2388 844 2658 923 doctor)
2692 854 2760 907 et
2792 846 3000 908 lecto-

542 970 706 1015 rum
735 963 803 1015 et
831 970 1070 1015 rerum
1101 952 1430 1030 aliarum,
1464 952 1718 1032 quibus
1759 962 2247 1031 paupertatem
2279 951 2533 1014 domus
2572 952 2997 1031 sublevavit,

547 1059 894 1140 quosdam
915 1060 1128 1122 etiam
1159 1058 1684 1122 ecclesiasticos
1713 1058 1983 1121 reditus
2015 1059 2105 1121 ad
2138 1057 2513 1123 Societatis
2544 1059 2991 1123 commodum

540 1164 812 1229 obtulit.
847 1166 936 1229 Et
965 1178 1112 1229 tum
1144 1166 1215 1228 in
1243 1166 1755 1245 spiritualibuS,
1789 1173 1939 1228 tum
1968 1166 2041 1228 in
2068 1167 2597 1245 temporalibuS,
2633 1166 2875 1229 utilem
2918 1184 2995 1229 se

532 1270 866 1352 Collegio
897 1273 1216 1335 exhibuit
1248 1275 1290 1335 ⁸.
1369 1261 1376 1268 ’

657 1378 800 1443 800.
889 1378 1464 1443 Praedicationes
1492 1379 1568 1441 P.
1602 1378 1902 1443 Stradae
1932 1380 2004 1441 in
2044 1380 2177 1441 hoc
2209 1378 2540 1442 Adventu
2579 1380 2653 1442 in
2692 1380 2994 1443 ecclesia

541 1487 911 1567 hospitalis
937 1487 1220 1549 habitae
1249 1486 1557 1566 fuerunt;
1591 1495 1659 1548 et
1688 1486 1971 1565 quidem
2000 1486 2247 1549 diebus
2277 1486 2651 1550 dominicis
2688 1504 2900 1550 mane
2927 1497 2998 1550 et

535 1611 838 1673 vespere
862 1594 1440 1672 concionabatur;
1469 1610 1749 1673 semper
1773 1602 2008 1656 autem
2032 1611 2192 1656 eum
2214 1593 2640 1657 auditorium
2664 1593 2999 1675 frequens

539 1700 986 1782 sequebatur,
1019 1708 1088 1763 et
1118 1701 1317 1763 multi
1347 1700 1436 1764 ad
1469 1680 1836 1763 meliorem
1862 1700 2053 1763 vitae
2091 1702 2440 1764 rationem
2479 1702 2994 1781 capessendam

541 1808 1029 1884 movebantur,
1062 1817 1131 1870 et
1159 1824 1462 1870 messem
1492 1806 1948 1870 confessariis
1986 1808 2193 1870 solito
2232 1808 2631 1872 uberiorem
2664 1809 2987 1889 parabat:

526 1933 671 1978 *nec
701 1916 886 1978 enim
917 1924 1191 1978 tantum
1221 1914 1418 1978 festis
1449 1914 1718 1993 diebuS,
1751 1915 1879 1979 sed
1905 1914 2237 1995 profestis
2275 1915 2490 1978 etiam
2517 1916 2589 1979 in
2618 1917 2757 1979 hoc
2796 1916 2994 1979 mini·

535 2022 754 2085 sterio
784 2023 959 2086 satis
985 2031 1189 2085 erant
1219 2021 1568 2101 occupati.
1603 2021 1843 2101 Aliqui
1888 2023 2101 2085 etiam
2142 2023 2217 2085 in
2244 2021 2673 2087 Societatem
2714 2024 2992 2087 admitti

535 2131 1014 2209 postulabant,
1053 2130 1233 2192 inter
1273 2146 1448 2210 quos
1488 2146 1670 2193 unus
1712 2129 1784 2192 in
1823 2108 2311 2209 coadjutorem
2355 2130 2834 2195 admittendus
2883 2132 2987 2196 vi-

540 2254 663 2299 sus
693 2246 822 2299 est.

651 2342 794 2407 801.
879 2340 1152 2407 Nobilis
1179 2343 1466 2424 quidam
1495 2344 1607 2407 vir
1638 2354 2358 2424 caesaraugustanuS,
2394 2346 2677 2425 Gaspar
2708 2346 2793 2410 de
2820 2346 2995 2411 Gur-

533 2467 686 2529 rea,
729 2450 1158 2529 significavit
1198 2449 1272 2514 P.
1315 2449 1614 2515 Stradae
1651 2451 1949 2515 fratrem
1988 2470 2223 2531 suurn,
2278 2452 2628 2534 Joannem
2671 2453 2756 2516 de
2808 2452 2988 2518 Gur-

533 2574 682 2637 rea,
713 2557 1014 2638 Neapoli
1043 2556 1472 2622 Societatem
1499 2558 1903 2639 ingressum
1932 2577 2087 2622 esse
2123 2560 2207 2635 (is
2240 2578 2421 2623 unus
2451 2571 2604 2623 erat
2637 2580 2727 2623 ex
2764 2562 2998 2625 militi-

533 2664 687 2744 buS,
721 2682 898 2745 quos
927 2664 1223 2746 Neapoli
1245 2666 1598 2729 admissos
1619 2666 1931 2730 diximus
1954 2664 2023 2745 ⁸),
2053 2677 2121 2729 et
2142 2667 2213 2730 id
2236 2667 2369 2731 sibi
2394 2680 2807 2747 pergratum
2831 2686 2987 2733 esse

532 2772 1008 2853 significabat,
1037 2784 1106 2837 et
1127 2774 1348 2853 ipsius
1377 2774 1611 2837 debita
1640 2774 1939 2837 libenter
1960 2792 2037 2837 se
2060 2775 2586 2853 dissoluturum,
2612 2793 2794 2856 quae
2819 2774 2993 2840 Cae-

523 2890 1006 2959 saraugustae
1035 2882 1439 2961 reliquerat,
1467 2891 1536 2943 et
1571 2879 1881 2943 officiose
1906 2898 2184 2944 omnem
2208 2898 2410 2944 suam
2435 2899 2726 2962 operam
2756 2882 2987 2947 Socie-

533 2985 668 3049 tati
698 2988 969 3051 obtulit.

650 3092 792 3157 802.
880 3094 1058 3158 Cum
1097 3104 1334 3158 autem
1371 3095 1501 3158 sub
1541 3096 1710 3160 anni
1748 3096 1958 3176 huJus
1998 3096 2209 3159 finem
2247 3095 2827 3176 Caesaraugusta
2878 3115 2982 3161 re·

527 3216 863 3264 cessurus
890 3210 1077 3264 esset
1098 3201 1172 3265 P.
1206 3200 1466 3268 Strada
1495 3202 2020 3267 Barchinonam
2052 3220 2325 3282 versuS,
2361 3203 2435 3267 P.
2471 3202 2868 3285 Baptistam
2898 3205 2987 3269 de

528 3306 790 3371 Barma
822 3307 1154 3371 Valentia
1177 3309 1530 3388 evocavit,
1557 3317 1631 3372 ut
1654 3308 2309 3389 Caesaraugustani
2328 3309 2697 3390 Collegioli
2720 3311 2984 3377 Rector

525 3426 738 3494 esset,
759 3427 825 3478 et
841 3432 1000 3477 cum
1014 3415 1340 3479 Patribus
1359 3414 1634 3479 Roman
1648 3426 1716 3479 et
1743 3414 2009 3497 Pignas
2031 3425 2099 3479 et
2122 3416 2395 3481 duobus
2420 3428 2543 3481 aut
2568 3418 2792 3481 tribus
2831 3420 2991 3482 aliis

523 3532 858 3603 coeptum
894 3540 1070 3602 opus
1111 3531 1677 3603 prosequeretur,
1719 3532 1788 3586 et
1839 3522 1933 3586 ad
1972 3523 2541 3588 concionandum
2571 3522 2722 3604 jam
2761 3528 2981 3590 eccle·

520 3631 707 3693 siam
748 3629 1196 3709 designatam
1234 3630 1462 3694 eidem
1501 3628 1576 3692 P.
1618 3628 1985 3711 Baptistae
2026 3630 2486 3711 relinquebat;
2533 3642 2602 3694 et
2643 3641 2719 3695 ut
2760 3631 2982 3697 Colle-

519 3738 643 3817 gio
675 3736 1054 3800 Valentino
1083 3745 1468 3816 praeesset,
1489 3736 1564 3800 P.
1583 3737 1932 3819 Joannem
1957 3736 2156 3801 Gesti
2180 3756 2263 3801 eo
2287 3739 2565 3802 mittere
2590 3741 2983 3821 constituit,

515 3845 851 3925 quamvis
893 3844 1080 3909 idem
1117 3854 1192 3906 ut
1238 3843 1505 3908 Romae
1542 3856 1965 3925 procurator
2013 3846 2371 3925 generalis
2423 3857 2640 3925 esset,
2688 3848 2973 3912 aliunde

523 3953 960 4015 evocabatur
991 3950 1034 4013 ⁴.

641 4058 730 4123 Et
759 4059 936 4121 haec
963 4060 1048 4122 de
1091 4058 1760 4139 Caesaraugustano
1806 4059 2121 4153 Collegio
2163 4070 2231 4122 et
2271 4060 2651 4123 Provincia
2689 4060 2967 4141 Arago-

514 4167 681 4229 'niae
711 4167 852 4229 sint
883 4166 1094 4230 dicta.

523 4310 575 4318 --

599 4376 613 4405 ¹
677 4372 808 4417 Vide
831 4386 1008 4427 supra,
1029 4386 1148 4429 pag.
1169 4374 1266 4429 370,
1288 4386 1335 4418 n.
1353 4376 1448 4418 792.

596 4448 618 4479 ²
675 4444 854 4489 Eritne
875 4446 958 4490 hle
980 4447 1064 4489 ille
1086 4446 1380 4491 Ludovicus
1397 4447 1462 4489 de
1485 4446 1788 4500 Santangel,
1819 4454 1994 4491 rector
2027 4446 2366 4491 ecclesiarum
2394 4448 2772 4503 parochialium
2796 4449 2894 4493 loci
2916 4449 2979 4493 do

513 4517 846 4562 Portalrubio
866 4524 920 4561 et
941 4518 1038 4562 loci
1059 4518 1120 4561 de
1143 4516 1388 4571 Moureal,
1409 4521 1494 4573 qui
1517 4520 1646 4563 haec
1667 4518 1917 4561 beneficia
1934 4519 1985 4561 in
2000 4518 2237 4563 savorem
2255 4518 2469 4573 Collegli
2490 4519 2975 4573 caesaraugustani

509 4590 825 4639 resignavit?
845 4590 978 4634 Vide
1003 4591 1264 4645 synopsis
1282 4592 1534 4635 Actorum
1559 4591 1789 4635 Sanctae
1813 4590 1969 4634 Sedis
1990 4591 2047 4633 in
2068 4600 2233 4634 causa
2260 4591 2371 4635 Soc.
2391 4592 2525 4645 JeS„
2544 4602 2575 4639 1.
2593 4604 2715 4646 pag.
2735 4592 2805 4645 29,
2830 4604 2882 4636 n.
2905 4590 2978 4635 37.

591 4664 612 4691 -“·
669 4661 802 4706 Vide
821 4673 996 4717 supra,
1017 4674 1140 4719 pag.
1175 4665 1266 4711 181.
1287 4675 1340 4707 n.
1364 4664 1460 4711 382.
1484 4664 1570 4707 ubi
1605 4671 1778 4707 tamen
1807 4664 1893 4706 hic
1922 4663 2069 4707 miles
2089 4660 2315 4714 Joannes
2349 4662 2639 4717 Rodrlguez
2662 4665 2979 4720 appellatur.

599 4736 616 4766 ⁸
669 4734 806 4779 Vide
829 4732 1017 4778 cartas
1038 4734 1104 4778 de
1125 4734 1235 4779 San
1258 4734 1494 4789 Ignacto,
1517 4744 1555 4779 t.
1587 4748 1638 4790 v,
1663 4746 1786 4790 pag.
1815 4734 1911 4778 195.
