3742 5392
1654 411 1782 470 AN.
1832 412 1966 470 155⁴
2930 413 3036 473 215

568 555 774 621 Alias
796 557 1011 620 etiam
1031 556 1349 636 Praetor,
1378 558 1593 622 immo
1618 565 1687 620 et
1714 556 2014 621 Pro-rex
2045 557 2196 637 ipse
2218 557 2310 620 ad
2332 558 2669 637 templum
2685 558 2801 619 vel
2827 558 3042 620 etiam

569 662 665 727 ad
693 664 1070 744 collegium
1097 674 1420 729 nostrum
1450 663 1884 727 accedebant
1899 712 1914 743 ,
1935 671 2006 727 et
2026 662 2270 745 quanti
2291 662 2612 727 facerent
2635 663 3035 743 collegium,

566 770 746 835 satis
772 788 903 835 suo
931 770 1181 835 favore
1220 770 1707 835 ostendebant.
1734 770 2040 851 Quidam
2069 770 2252 833 alius
2288 787 2520 834 novus
2549 769 2848 834 Praetor
2877 787 3039 834 cum

571 877 859 960 JuratiS,
882 880 974 943 ad
988 878 1271 942 scholas
1288 876 1636 942 videndas
1649 889 1947 941 venerat
1971 877 2170 957 prius
2187 876 2384 955 (sic),
2407 886 2477 941 et
2497 878 3037 959 epigrammatis

565 986 852 1065 graecis
882 993 951 1049 et
977 986 1216 1049 latinis
1245 986 1557 1067 excepti,
1600 996 1669 1049 et
1698 984 2110 1065 gratissima
2145 984 2467 1049 oratione
2511 985 2600 1049 ab
2633 983 3034 1049 Octaviano

566 1092 831 1173 habita,
858 1094 1171 1158 contenti
1200 1093 1583 1158 admodum
1612 1102 2088 1173 recesserant;
2120 1102 2190 1156 et
2221 1093 2296 1155 in
2323 1091 2726 1173 hujusmodi
2755 1092 3035 1156 facilius

544 1217 779 1280 -quam
809 1200 883 1263 in
910 1200 1211 1264 lectione
1243 1200 1513 1280 logices
1542 1200 1644 1263 eis
1672 1198 2066 1281 gratificari
2096 1200 2346 1279 potuit.

684 1307 773 1371 Et
801 1308 979 1371 haec
1010 1309 1097 1372 de
1128 1306 1444 1388 Collegio
1484 1307 2016 1373 Panormitano.

1179 1843 1307 1907 DE
1360 1840 1964 1907 PROVINCIALI
2017 1839 2411 1905 SICILIAE

748 2075 839 2119 Ac
882 2076 1245 2121 COLLEGIIS
1287 2076 1538 2121 MONTIS
1582 2076 1914 2135 REGALIS,
1965 2076 2266 2121 BIBONAE
2310 2076 2399 2121 ET
2439 2076 2827 2121 SIRACUSAE

673 2483 817 2547 479.
904 2484 982 2547 Ρ.
1018 2483 1487 2548 Provincialis
1517 2485 2000 2564 Hieronymus
2027 2484 2473 2563 Domenech‚
2496 2496 2779 2566 praeter
2803 2487 3020 2551 admi-

552 2590 1047 2655 nistrationem
1070 2592 1557 2672 collegiorum,
1587 2608 1768 2674 quae
1784 2592 2078 2656 idoneos
2094 2592 2452 2656 habebant
2467 2590 2829 2669 RectoreS,
2849 2596 3019 2657 mul-

554 2697 645 2761 tis
668 2698 952 2779 pietatis
974 2700 1303 2780 operibus
1317 2718 1449 2782 pro
1466 2718 1663 2764 more
1684 2716 1814 2763 suo
1837 2700 2169 2778 vacabat,
2198 2709 2268 2763 et
2292 2699 2614 2779 Pro-regi
2629 2717 2774 2763 non
2790 2702 3020 2765 solum

533 2822 599 2867 -a
628 2806 1191 2873 confessionibus
1212 2856 1229 2887 ,
1262 2805 1388 2871 sed
1425 2826 1468 2871 a
1512 2807 1829 2872 consiliis
1864 2816 2022 2871 erat
2067 2807 2141 2872 in
2179 2807 2292 2871 his
2333 2807 2688 2888 omnibuS,
2721 2826 2904 2889 quae
2925 2808 3018 2873 ad

552 2910 903 2977 fovendae
950 2914 1237 3005 pietatis
1268 2932 1353 2979 ac
1404 2914 1626 2979 divini
1675 2914 1993 2995 obsequii
2041 2914 2328 2995 negotia
2375 2915 2852 2995 pertinebant;
2886 2933 3020 2979 nec

552 3020 785 3083 solum
813 3036 1201 3101 suggerere
1231 3030 1301 3085 et
1329 3023 1628 3086 consilio
1658 3020 1951 3102 juvare,
2001 3020 2126 3086 sed
2166 3022 2607 3086 executionis
2643 3023 2862 3087 etiam
2904 3041 3018 3087 cu-

551 3143 708 3191 ram
737 3128 998 3193 habere
1020 3129 1253 3211 ipsum
1282 3130 1679 3209 oportebat.
1715 3128 1922 3209 Quod
1949 3130 2202 3193 attinet
2231 3128 2324 3192 ad
2362 3128 2651 3194 domum
2679 3129 2870 3194 illam
2908 3147 3016 3194 or·

549 3233 979 3315 phanorum,
1013 3236 1100 3299 de
1129 3253 1271 3317 qua
1301 3236 1727 3301 mentionem
1757 3236 2054 3299 fecimus
2083 3236 2152 3300 in
2188 3237 2514 3317 proximo
2538 3236 2772 3315 capite
2798 3236 2842 3316 ¹,
2868 3237 3019 3317 ipse

526 3340 1017 3407 'Provincialis
1045 3351 1259 3424 caput
1286 3342 1453 3422 fuit,
1486 3353 1557 3406 et
1584 3344 1894 3424 quadam
1922 3342 2263 3407 facultate
2295 3361 2339 3407 a
2367 3340 2658 3407 Summo
2681 3342 3018 3407 Pontifice

549 3449 929 3530 impetrata
957 3465 1085 3529 per
1112 3447 1560 3529 Pro-regem,
1607 3466 1787 3529 opus
1816 3448 1954 3513 hoc
1986 3466 2422 3530 magnopere
2450 3450 3016 3529 promovendum

547 3556 858 3636 curavit;
891 3565 961 3619 et
991 3556 1111 3637 qui
1138 3556 1323 3620 inter
1355 3556 1717 3637 orphanos
1746 3556 2035 3635 ingenio
2066 3566 2136 3619 et
2157 3555 2392 3619 indole
2412 3554 2647 3635 magis
2667 3557 3012 3633 valerent,

546 3663 911 3728 constituit
938 3672 1015 3727 ut
1046 3661 1137 3727 ad
1164 3672 1489 3727 nostrum
1519 3661 1913 3742 Collegium
1951 3663 2348 3727 studiorum
2385 3662 2621 3743 gratia
2663 3662 3010 3741 venirent,

546 3770 667 3833 alii
696 3780 932 3834 autem
961 3771 1035 3833 in
1064 3770 1223 3833 aliis
1253 3769 1523 3834 artibus
1564 3768 2004 3833 mechanicis
2048 3779 2585 3847 exercerentur,
2627 3779 2840 3850 prout
2871 3772 3014 3833 cui·

546 3895 679 3958 que
708 3878 1146 3942 conveniret.
1181 3877 1395 3942 Aliud
1425 3878 1637 3941 etiam
1668 3874 2073 3957 hujusmodi
2101 3877 2451 3957 hospitale
2480 3877 2597 3941 vel
2635 3877 3014 3956 collegium

546 3983 638 4048 ad
664 3986 937 4066 puellas
966 3985 1327 4067 orphanas
1356 3985 1830 4048 instituendas
1859 3984 2368 4062 meditabatur,
2401 3993 2472 4047 et
2501 3992 2657 4047 erat
2695 3985 2814 4064 qui
2854 4001 3010 4047 cen·

542 4104 693 4156 tum
723 4110 979 4157 aureos
1007 4092 1226 4158 annui
1258 4090 1595 4173 [reditus]
1629 4092 1720 4155 ad
1749 4091 1822 4155 id
1852 4109 2033 4172 opus
2063 4090 2371 4171 offerret,
2405 4090 2532 4156 sed
2559 4092 2756 4173 prius
2777 4090 3011 4155 visum

540 4208 650 4263 est
679 4202 1057 4281 collegium
1086 4216 1469 4281 puerorum
1508 4198 1936 4263 firmandum
1979 4214 2135 4262 esse
2179 4216 2391 4279 quam
2437 4199 2572 4262 hoc
2615 4200 3008 4279 puellarum

540 4306 1023 4372 inchoaretur.

660 4413 800 4479 480.
890 4414 1071 4480 Cum
1098 4416 1313 4479 etiam
1342 4415 1414 4478 in
1444 4415 1882 4496 Episcopatu
1911 4413 2263 4509 Cefalensi
2293 4432 2409 4477 res
2452 4414 2755 4495 pessime
2799 4413 3004 4476 habe·

620 4659 636 4690 ¹
692 4658 821 4713 Pag.
842 4658 937 4709 208.
960 4668 1009 4702 n.
1028 4658 1131 4703 ⁴62.
