3742 5392
1607 496 1736 554 ΑΝ.
1779 494 1921 554 1554
2916 492 2995 548 49

513 662 730 708 usum
781 642 1144 708 aedificari
1191 652 1544 722 coeptam,
1597 650 1674 704 ut
1725 659 1810 704 ea
1856 650 2222 720 tamquam
2271 637 2562 720 propria
2613 637 2990 718 collegium

523 760 868 830 uteretur,
902 766 1083 832 quae
1124 767 1167 812 a
1209 749 1486 812 marino
1533 757 1746 812 vento
1788 757 1979 811 tecta
2020 757 2175 811 erat
2216 747 2372 828 ipso
2421 745 2741 810 aedificio
2772 747 2988 809 eccle-

527 859 679 922 siae
706 858 1181 937 Lauretanae,
1225 865 1293 919 et
1332 855 1491 919 ideo
1532 855 1883 918 salubrior
1920 854 2317 918 videbatur.
2371 852 2696 916 Habebat
2724 861 2795 916 et
2832 851 2985 916 hor-

531 975 682 1029 tum
711 966 1108 1046 spatiosum
1135 963 1226 1027 ad
1266 963 1848 1026 exercitationem
1892 971 1962 1025 et
2006 961 2521 1024 recreationem
2556 961 2988 1039 nostrorum,

519 1082 604 1137 et
649 1091 742 1136 ex
791 1089 876 1135 eo
929 1072 1002 1134 in
1051 1070 1428 1134 ecclesiam
1475 1068 1834 1150 perfacilis
1884 1077 2040 1132 erat
2088 1068 2465 1146 transitus;
2527 1068 2693 1148 quia
2753 1077 2992 1130 tamen

532 1179 854 1245 aedificio
883 1195 1075 1242 novo
1105 1194 1284 1258 opus
1312 1183 1469 1241 erat
1500 1174 1543 1257 ¹,
1576 1176 1640 1240 is
1667 1178 1866 1240 locus
1897 1183 2268 1255 susceptus
2298 1183 2427 1254 est,
2458 1173 2581 1256 qui
2616 1175 2692 1237 in
2728 1174 2995 1254 palatio

521 1303 909 1368 supremus
956 1295 1144 1366 erat;
1196 1285 1317 1368 qui
1367 1285 1710 1364 paulatim
1756 1292 2007 1364 postea
2057 1281 2472 1346 concinnior
2520 1280 2811 1345 effectus
2862 1291 2991 1357 est;

524 1397 867 1476 quamvis
895 1411 1038 1457 non
1068 1392 1273 1458 horto
1305 1393 1564 1470 solum,
1606 1391 1733 1455 sed
1774 1400 1845 1454 et
1888 1408 2058 1454 area
2101 1399 2172 1452 et
2209 1389 2466 1471 quovis
2505 1389 2748 1452 attrito
2784 1390 2943 1453 loco
2973 1387 2998 1419 ¹

535 1504 628 1566 sit
674 1502 1035 1583 privatuS,
1085 1518 1247 1564 cum
1298 1499 1638 1564 inferiora
1687 1499 1941 1563 domus
1997 1500 2299 1563 aliorum
2347 1499 2594 1562 usibus
2651 1495 2991 1562 serviunt.

529 1609 1062 1692 supellectilem
1089 1616 1476 1687 paraverat
1503 1605 1958 1671 Gubernator
1988 1605 2363 1670 duodecim
2404 1605 2760 1684 religiosis
2778 1653 2793 1684 ,
2840 1603 2999 1666 toti·

527 1717 699 1781 dem
727 1717 1001 1780 scilicet
1025 1717 1279 1793 lectos;
1332 1714 1606 1794 reliqua
1655 1715 1874 1777 etiam
1922 1715 2013 1778 ad
2060 1715 2398 1777 vestitum
2447 1712 2896 1793 pertinentia,
2930 1720 3001 1774 et

528 1842 722 1906 -quae
772 1823 1392 1901 desiderabantur,
1444 1821 1788 1901 paulatim
1838 1821 1941 1885 eis
1988 1820 2256 1884 donata
2305 1819 2622 1900 fuerunt;
2674 1835 2858 1900 quae
2908 1818 3000 1882 ad

541 1933 812 1995 victum
856 1929 1331 2011 pertinebant,
1378 1929 1668 2009 perinde
1702 1937 1914 2009 atque
1947 1927 2343 2007 canoniciS,
2382 1927 2456 1990 in
2501 1927 2685 1991 diem
2737 1927 3002 1990 nostris

541 2039 680 2102 hoc
706 2037 908 2101 initio
941 2036 1315 2116 dabantur,
1349 2035 1677 2116 quamvis
1705 2052 2027 2100 seorsum
2054 2035 2128 2097 in
2158 2051 2287 2098 sua
2310 2033 2745 2098 habitatione
2767 2033 2999 2096 cibum

531 2155 880 2226 caperent
909 2142 954 2207 ⁸.

659 2251 762 2314 82.
854 2250 1080 2315 Aulas
1108 2249 1457 2332 quasdam
1493 2250 1568 2313 in
1607 2266 1742 2313 usu
1781 2248 2186 2314 scholarum
2227 2249 2642 2329 designatas
2665 2247 2812 2329 J‘am
2840 2248 3007 2312 inde

537 2360 635 2422 ab
685 2360 888 2423 initio
935 2357 1318 2435 habebant,
1373 2357 1703 2436 quamvis
1750 2356 1890 2420 hoc
1938 2374 2151 2437 anno,
2206 2356 2407 2437 cujus
2451 2357 2700 2421 ultimo
2762 2373 3005 2420 mense

547 2465 936 2531 Lauretum
990 2472 1487 2544 pervenerant,
1558 2461 1746 2544 quod
1811 2463 1973 2527 libri
2037 2463 2362 2528 Venetiis
2426 2464 2740 2552 nondum
2808 2463 3007 2526 allati

544 2582 774 2651 erant,
807 2572 1150 2636 lectiones
1177 2570 1503 2650 publicae
1531 2570 1909 2634 inchoatae
1937 2588 2080 2634 non
2108 2582 2294 2648 sunt,
2328 2571 2454 2635 sed
2491 2570 2831 2652 privatim
2858 2587 3007 2634 mu-

549 2689 674 2744 tuo
702 2679 900 2743 libris
938 2678 1254 2759 acceptis
1298 2677 1676 2742 utebantur
1718 2677 1968 2756 nostri,
2015 2685 2093 2741 ut
2135 2695 2213 2741 se
2256 2688 2673 2744 exercerent
2701 2689 2772 2741 et
2800 2677 3005 2758 profi-

549 2796 795 2850 cerent
842 2786 1001 2866 ipsi.
1056 2784 1234 2850 Cum
1284 2793 1520 2848 autem
1571 2801 1662 2848 ex
1706 2783 1783 2848 Ρ.
1838 2785 2098 2864 Ignatii
2145 2787 2589 2867 praescripto
2632 2786 3009 2850 lectionem

545 2910 850 2957 casuum
879 2892 1358 2956 conscientiae
1387 2893 1877 2973 praelecturus
1920 2901 2110 2955 esset
2148 2890 2225 2954 P.
2266 2891 2636 2957 Cornelius
2672 2893 3015 2974 Brogheb

557 3017 762 3064 mans
791 2996 839 3079 ⁴,
871 3000 990 3062 vel
1014 2998 1092 3063 P.
1126 3000 1277 3079 ipse
1307 2998 1697 3079 OliveriuS,
1728 2998 2022 3080 Rector,
2056 3009 2266 3080 prout
2306 2998 2776 3064 Gubernatori
2821 2999 3012 3065 vide·

535 3116 772 3204 jetur,
808 3106 1199 3170 Oliverium
1226 3107 1341 3186 ille
1369 3105 1581 3186 elegit
1610 3107 1753 3187 qui,
1785 3117 1947 3186 post
1969 3106 2153 3171 festa
2176 3105 2535 3186 Natalitia,
2561 3109 2677 3171 vel
2696 3108 2773 3172 in
2800 3109 3015 3172 domo

559 3212 1103 3293 GubernatoriS,
1134 3220 1345 3293 prout
1372 3211 1449 3276 P.
1482 3213 1852 3277 Bobadilla
1882 3213 2121 3277 facere
2150 3213 2443 3290 solebat,
2479 3215 2595 3278 vel
2632 3215 2704 3278 in
2740 3215 3017 3294 schola,

553 3337 722 3384 eam
749 3330 938 3384 esset
963 3322 1474 3401 praelecturus.
2108 3336 2113 3340 ·

683 3427 784 3490 83.
871 3425 1172 3490 Curavit
1198 3425 1276 3490 P.
1325 3425 1680 3490 Oliverius
1723 3436 1801 3490 ut
1843 3427 2032 3491 idem
2061 3427 2517 3493 Gubernator
2558 3431 2923 3496 canonicis
2950 3441 3021 3495 et

567 3533 724 3598 aliis
761 3532 1252 3598 sacerdotibus
1300 3542 1576 3613 tempus
1619 3533 2069 3616 relinqueret,
2125 3543 2203 3598 ut
2250 3535 2650 3616 spiritualia
2680 3537 3021 3602 exercitia

555 3640 923 3720 suscipere
950 3647 1264 3720 possent,
1295 3648 1368 3701 et
1395 3639 1709 3703 omnium
1755 3641 2065 3721 primum
2104 3641 2379 3706 Doctor
2415 3643 2710 3708 Fulvius
2748 3641 3023 3708 Andro-

557 3747 703 3809 tius
755 3746 910 3827 (qui
956 3755 1208 3828 postea
1255 3744 1689 3811 Societatem
1736 3757 1845 3811 est
1895 3748 2300 3828 ingressus)
2353 3767 2437 3814 ea
2498 3750 2811 3832 suscepit
2862 3767 3026 3814 cum

553 3853 871 3933 quodam
901 3852 1042 3916 alio
1072 3853 1419 3916 canonico
1443 3849 1488 3916 ³.
1521 3852 1924 3918 Curabatur
1953 3864 2191 3919 tamen
2246 3863 2323 3919 ut
2362 3873 2506 3919 non
2544 3857 2751 3938 quasi
2792 3858 3026 3922 coacti

643 4097 662 4132 ¹
719 4097 844 4152 quia
863 4107 1056 4141 novum
1075 4097 1272 4152 aliquid
1292 4096 1342 4141 in
1364 4107 1428 4140 ea
1448 4095 1598 4140 domo
1617 4095 1882 4141 aedificari
1904 4107 2031 4152 opus
2052 4104 2185 4142 erat.

643 4169 666 4200 ⁸
722 4167 834 4223 Sic;
856 4169 1056 4212 rectius
1073 4167 1298 4212 fortasse
1319 4167 1509 4221 quovis
1527 4169 1668 4210 atrio
1688 4170 1783 4210 aut
1804 4169 1943 4221 quod
1963 4169 2100 4212 atrii
2117 4169 2291 4213 locum
2314 4171 2498 4214 tenere
2513 4173 2714 4226 posset.

643 4241 668 4274 ⁸
721 4239 1062 4286 “Necessaria
1077 4239 1146 4282 ad
1163 4239 1328 4283 vitam
1346 4239 1742 4283 sustentandam
1759 4239 2293 4285 subministrabantur
2313 4253 2345 4286 a
2365 4242 2615 4287 ministris
2626 4254 2810 4288 sacrae
2830 4244 3027 4295 domus.

555 4327 632 4358 fx
649 4313 1012 4369 promptuario
1032 4311 1302 4366 communi,
1319 4317 1371 4355 et
1391 4317 1538 4356 certa
1559 4321 1760 4356 summa
1777 4314 2026 4367 pecuniae
2048 4313 2263 4358 decreta
2286 4315 2353 4358 ad
2373 4314 2505 4368 alios
2524 4320 2731 4360 nostros
2744 4327 2867 4361 usne
2888 4317 3029 4370 fuit...

556 4385 639 4432 ld.
657 4387 777 4430 ibid.

647 4463 672 4492 ⁴
725 4457 808 4500 “Si
831 4457 952 4501 sara
971 4456 1181 4510 leggere
1201 4466 1303 4499 nnn
1322 4466 1353 4499 ο
1375 4455 1472 4499 dne
1489 4454 1672 4499 lezioni
1695 4457 1744 4500 di
1766 4457 1874 4500 ensi
1907 4457 1958 4500 di
1988 4459 2253 4503 coscienza
2277 4471 2310 4504 a
2342 4459 2407 4504 M.
2440 4461 2725 4515 corneum„
2758 4460 2947 4505 cartas
2965 4462 3032 4505 de

571 4529 682 4574 San
705 4529 954 4582 Ignacio,
974 4534 1011 4571 t.
1032 4539 1086 4572 xv
1101 4559 1113 4582 ‚
1133 4538 1252 4582 pag.
1269 4525 1366 4571 ⁴86.

647 4599 672 4634 ⁸
725 4601 897 4646 “Inter
918 4600 1192 4645 canonicos
1211 4605 1328 4644 erat
1349 4599 1555 4654 qnidam
1575 4599 1777 4644 nornine
1798 4599 2018 4646 Fulvius
2044 4603 2342 4658 Antii-otius,
2362 4603 2402 4650 1.
2420 4603 2489 4648 V.
2510 4603 2729 4660 Doctor,
2752 4606 2838 4660 qni
2858 4605 3031 4650 fuerat

563 4674 816 4719 'Vicat-ins
835 4673 1109 4718 Generalis
1129 4671 1370 4726 Episcopi
1392 4671 1678 4728 Camerini,
1701 4672 1784 4717 vir
1803 4683 2024 4728 magnae
2043 4675 2383 4721 authoritatis
2416 4682 2469 4721 et
2502 4683 2770 4732 spectatae
2803 4677 3033 4722 virtutis.

573 4745 674 4791 Hic
693 4747 773 4791 ita
791 4753 974 4802 captus
993 4750 1074 4789 est
1094 4755 1270 4788 amore
1291 4742 1573 4788 Societatis
1593 4755 1658 4788 ex
1687 4746 2054 4790 consuetudine
2090 4757 2204 4792 cum
2237 4749 2355 4804 ipsa
2388 4755 2685 4802 contracta,
2716 4756 2774 4793 nt
2809 4751 3034 4793 secundo

823 4833 900 4892 T.
930 4851 1012 4892 w.
2712 4855 2751 4908 4
