3742 5392
1612 502 1925 561 AxN.155³
2886 506 3001 564 365

527 646 1171 727 Caesaraugustae,
1204 658 1274 711 et
1302 648 1521 711 verbo
1561 647 1695 711 Dei
1735 649 2103 712 civitatem
2141 666 2301 711 eam
2346 659 2695 728 pasceret.
2740 650 2993 731 Coepit

526 770 703 834 ergo
733 756 1167 834 concionari,
1201 765 1270 819 et
1300 756 1372 819 in
1401 756 1660 835 templo
1702 754 1854 817 B.⁸e
1892 755 2185 835 Mariae,
2234 773 2447 836 quam
2475 756 2590 820 del
2621 756 2839 820 Pz'lar
2869 776 2991 821 vo—

529 869 697 925 cant
729 860 772 940 ¹,
805 860 1220 942 Pro-regem
1249 863 1494 927 habuit
1520 863 1917 927 auditorem
1940 880 2102 927 cum
2124 864 2463 945 primaria
2487 865 2853 929 nobilitate
2880 884 2997 929 ur—

528 967 660 1047 bis,
705 977 775 1031 et
802 969 1040 1033 multis
1077 970 1528 1050 popularium
1558 969 1883 1033 millibus,
1918 969 2418 1035 Confessiones
2446 972 2662 1035 etiam
2705 981 2775 1035 et
2802 990 2997 1037 com—

529 1076 905 1142 muniones
933 1077 1139 1141 solito
1166 1075 1684 1158 frequentiores
1713 1085 1936 1156 erant;
1976 1087 2045 1141 et
2074 1095 2235 1141 cum
2256 1078 2357 1141 ita
2384 1078 2748 1143 hominum
2772 1080 2993 1144 animi

530 1183 710 1247 bene
737 1200 912 1263 erga
942 1182 1368 1249 Societatem
1399 1183 1633 1249 affecti
1660 1184 2096 1264 viderentur,
2131 1199 2347 1264 agere
2373 1187 2606 1266 coepit
2628 1186 2703 1250 P.
2732 1186 2990 1252 Strada

531 1288 1005 1355 Provincialis
1056 1292 1142 1355 de
1193 1308 1383 1355 novo
1435 1292 1670 1373 aliquo
1709 1293 1867 1356 loco
1924 1291 2016 1356 ad
2054 1292 2563 1357 instituendum
2601 1293 2995 1373 Collegium

533 1397 882 1477 eligendo:
909 1399 970 1462 is
993 1399 1201 1477 enim,
1226 1416 1436 1480 quem
1457 1400 1668 1478 paulo
1696 1408 1860 1463 ante
1871 1396 2020 1479 jam
2042 1409 2355 1480 emptum
2376 1400 2593 1464 fuisse
2616 1401 2921 1465 diximus
2944 1400 2996 1480 ⁸,

537 1504 841 1584 exiguus
869 1513 940 1568 et
967 1523 1220 1586 parum
1251 1506 1668 1570 commodus
1695 1506 2093 1571 videbatur.

651 1610 795 1675 776.
883 1611 1228 1692 Quamvis
1250 1623 1485 1677 autem
1505 1614 1871 1693 cogitabat
1891 1613 2078 1677 idem
2101 1613 2311 1678 Pater
2334 1615 2463 1678 sub
2480 1615 2759 1679 initium
2782 1614 2993 1679 Octo-

538 1718 687 1782 bris
724 1718 1252 1783 Barchinonam
1290 1736 1588 1799 pergere
1627 1729 1698 1783 et
1733 1721 2062 1801 hyemem
2106 1720 2365 1784 ibidem
2413 1722 2738 1802 exigere,
2786 1731 2856 1786 et
2894 1741 2999 1787 se-

538 1835 921 1906 quuturam
950 1827 1573 1907 quadragesimam
1599 1827 2000 1906 Valentiae,
2032 1846 2175 1892 non
2205 1837 2441 1892 tamen
2472 1829 2543 1893 id
2574 1830 2673 1892 ita
2696 1828 2849 1893 fieri
2876 1847 2995 1910 po·

542 1931 694 2009 tuit;
724 1950 890 1997 nam
914 1931 1750 2013 Caesaraugustanorum
1770 1934 2057 1998 devotio
2080 1944 2149 1999 et
2178 1952 2415 1998 rerum
2446 1936 2743 2015 Collegii
2774 1936 3000 1999 nostri

541 2040 936 2103 necessitas
966 2049 1185 2103 toturn
1217 2040 1405 2104 hunc
1435 2058 1698 2105 annum
1727 2040 2346 2121 Caesaraugustae
2370 2043 2600 2123 ipsum
2630 2053 2697 2107 et
2728 2042 2801 2107 in
2830 2043 2997 2107 vici-

539 2146 654 2209 nis
681 2146 862 2209 locis
892 2146 1210 2227 detinuit3
1243 2158 1312 2211 et
1342 2149 1669 2229 quamvis
1707 2157 1950 2212 aestus
1984 2150 2324 2212 molestus
2363 2149 2500 2230 ipsi
2540 2159 2727 2213 esset
2764 2168 2851 2213 ac
2880 2168 3004 2231 pa-

537 2271 698 2317 rum
746 2254 1075 2334 salubris,
1122 2273 1263 2318 non
1306 2256 1532 2336 potuit
1582 2265 1821 2320 tamen
1865 2255 2117 2319 crebro
2145 2274 2289 2321 non
2340 2257 2786 2336 concionari,
2839 2275 3000 2321 cum

539 2362 766 2425 variis
804 2378 897 2424 ex
937 2362 1114 2425 locis
1156 2362 1522 2426 hominum
1568 2362 1853 2426 devotio
1886 2362 2409 2443 quodammodo
2438 2364 2669 2445 ipsum
2700 2366 3005 2445 compel-

545 2470 745 2533 leret.

659 2576 803 2639 777.
891 2576 1115 2640 Erant
1159 2584 1395 2639 autem
1433 2594 1525 2641 ex
1565 2578 1829 2641 nostris
1871 2576 1945 2640 id
1990 2578 2331 2658 temporis
2382 2578 3007 2658 Caesaraugustae

541 2684 851 2765 quinque
879 2684 1288 2747 sacerdotes
1319 2692 1387 2747 et
1416 2692 1561 2747 tres
1591 2684 1710 2748 alii
1749 2684 2037 2763 fratreS,
2070 2685 2191 2765 qui
2218 2684 2293 2748 in
2335 2685 2549 2751 rebus
2592 2683 3005 2749 domesticis

547 2790 857 2855 Domino
888 2791 1370 2855 inserviebant
1398 2789 1443 2854 ⁸.

659 2896 804 2961 778.
890 2896 1472 2978 Conquerebatur
1523 2909 1758 2963 autem
1809 2897 1887 2962 P.
1940 2897 2199 2963 Strada
2239 2900 2431 2980 quod
2473 2917 2635 2964 cum
2684 2910 3007 2981 speraret

544 3006 852 3085 quietem
880 3013 951 3069 et
981 3006 1500 3069 recollectionis
1536 3015 1817 3086 tempus
1856 3006 2162 3088 aliquod,
2196 3016 2273 3070 ut
2314 3008 2801 3087 postulaverat
2841 3024 2884 3069 a
2925 3006 3009 3070 P.

541 3111 844 3191 IgnatiO,
876 3112 1278 3191 geminatus
1320 3111 1456 3192 ipsi
1483 3112 1682 3175 labor
1710 3111 1984 3192 fuisset;
2015 3128 2182 3176 nam
2212 3121 2497 3193 praeter
2540 3112 3005 3193 praedicatio—

546 3218 660 3282 nis
699 3217 1027 3298 officium,
1077 3235 1250 3282 cura
1288 3218 1501 3283 etiam
1541 3218 2012 3283 Provincialis
2062 3220 2393 3300 imposita
2438 3220 2574 3302 ipsi
2625 3219 2885 3301 fuerat,
2943 3232 3010 3284 et

543 3335 1046 3407 praeterquam
1074 3324 1262 3406 quod
1291 3343 1732 3407 consequens
1772 3328 1990 3391 multa
2020 3327 2273 3391 itinera
2313 3327 2733 3392 conficiendi
2773 3346 3016 3392 neces-

545 3432 722 3497 sitas
749 3431 886 3513 ipsi
915 3440 1068 3496 erat
1094 3432 1303 3497 valde
1335 3433 1810 3511 incommoda,
1834 3432 2199 3514 jndicabat
2237 3435 2391 3515 ipse
2420 3434 2883 3516 praedicandi
2912 3436 3015 3499 of-

545 3538 786 3604 ficium
814 3539 1110 3603 liberum
1139 3539 1229 3603 ab
1259 3539 1416 3603 aliis
1444 3540 2028 3620 occupationibus
2057 3551 2128 3605 et
2156 3541 2348 3607 curis
2377 3542 2735 3606 hominem
2770 3551 3009 3623 postu·

629 3816 646 3848 ἱ
705 3816 815 3861 Hoc
834 3816 1140 3872 primarium
1160 3820 1240 3859 est
1261 3816 1404 3859 urbis
1424 3813 1949 3871 caesaraugustanae
1970 3818 2234 3873 templum,
2254 3818 2411 3863 immo
2428 3818 2587 3865 totins
2606 3818 2907 3875 Hispaniae.

628 3890 652 3921 ⁸
707 3888 902 3945 Supra.
923 3900 974 3933 n.
1003 3887 1098 3933 770.
2826 3928 2833 3935 .

625 3962 650 3993 ⁵
705 3960 936 4006 Duorum
964 3966 1168 4005 tantum
1189 3961 1406 4005 Patrum
1426 3966 1480 4003 et
1499 3960 1648 4004 unlus
1668 3960 1851 4005 fratria
1873 3960 2189 4017 coadjutoris
2208 3962 2442 4006 meminit
2464 3962 2520 4006 P.
2545 3962 2718 4006 Araoz
2749 3963 2801 4007 in
2820 3962 3023 4007 Memo-

547 4033 659 4076 ria!
675 4033 744 4077 de
764 4032 844 4076 Ios
863 4043 965 4087 que
983 4032 1200 4076 residen
1224 4043 1290 4076 en
1311 4030 1610 4085 Zaragoua,
1629 4031 1761 4086 quod
1781 4041 1957 4075 mense
1978 4030 2265 4077 Februario
2286 4033 2441 4088 hujus
2460 4034 2584 4079 anni
2606 4034 2711 4077 1554
2729 4034 3014 4079 confecisse

544 4103 774 4157 videtur,
795 4104 893 4148 hoc
923 4104 1086 4149 modoz

627 4176 721 4221 “El
742 4176 802 4220 P.
825 4174 1172 4230 [Franciacus]
1205 4175 1383 4231 Rojaa.

625 4247 721 4303 ,ΕΙ
740 4247 796 4291 P.
818 4248 1153 4304 [Alphonsua]
1176 4246 1390 4292 Roman.
1411 4244 1483 4291 Es
1501 4246 1791 4301 canonista;
1807 4257 1864 4291 es
1885 4247 1948 4291 de
1967 4247 2023 4291 la
2033 4245 2254 4292 diocesis
2274 4248 2335 4292 de
2352 4246 2562 4303 Toled03
2578 4253 2678 4306 oyo
2696 4256 2859 4304 artes;
2877 4261 2935 4293 es
2956 4250 3023 4293 de

546 4320 681 4364 edad
699 4320 764 4364 de
785 4320 981 4364 treinta
999 4322 1152 4375 anos3
1171 4318 1240 4363 ha
1261 4324 1443 4364 cnatro
1464 4322 1494 4362 o
1513 4319 1660 4363 cinco
1686 4320 1814 4363 anos
1833 4329 1931 4373 que
1954 4320 2071 4363 eata
2090 4330 2155 4363 en
2182 4320 2236 4364 la
2256 4319 2559 4375 Compania.

628 4389 722 4445 ..El
742 4392 991 4435 hermano
1011 4390 1146 4444 Juan
1464 4420 1477 4441 .
1492 4390 1630 4445 lego,
1653 4388 1715 4434 de
1737 4390 1870 4433 edad
1891 4388 1953 4433 de
1976 4401 2130 4435 cerea
2150 4390 2214 4435 de
2234 4391 2548 4436 veinticinco
2568 4395 2697 4437 anos
2708 4404 2722 4447 ς
2744 4392 2813 4435 ha
2832 4400 3023 4436 cuatro

547 4466 578 4507 ο
598 4463 743 4508 cinco
760 4466 891 4507 anos
911 4474 1008 4517 que
1028 4464 1146 4506 esta
1166 4472 1229 4506 en
1252 4463 1304 4507 la
1326 4461 1630 4517 Compania3
1651 4472 1708 4505 es
1727 4462 1790 4505 de
1810 4462 1863 4505 la
1884 4462 2105 4507 diocesis
2125 4461 2187 4507 de
2208 4462 2503 4517 Palencia...

629 4534 727 4580 His
744 4535 880 4579 forte
901 4541 1209 4579 annumerat
1229 4534 1488 4578 Polancns
1503 4534 1718 4578 Patrem
1733 4532 1930 4578 strada
1947 4566 1958 4588 ‚
1986 4534 2073 4588 qni
2104 4540 2270 4579 totum
2289 4535 2424 4579 hunc
2448 4546 2639 4580 annum
2655 4534 3016 4590 Caesaraugu-

546 4614 664 4652 atae
684 4608 878 4661 exegit,
898 4608 982 4649 vel
1015 4606 1070 4649 P.
1109 4605 1473 4650 Baithaaarem
1506 4604 1681 4660 Pinaa,
1712 4605 1816 4660 qui,
1846 4604 2096 4650 Valentia
2124 4607 2224 4651 hoc
2252 4614 2501 4652 autumno
2537 4604 3017 4662 Caesaraugustam

547 4679 762 4733 missua,
784 4677 854 4723 ibi
881 4678 1048 4721 sacris
1075 4676 1313 4722 {uitiatus
1331 4682 1412 4721 eat
1441 4681 1495 4720 et
1526 4676 1748 4731 primum
1770 4676 1893 4721 fecit
1922 4688 2128 4722 sacrum
2159 4684 2213 4722 et
2244 4678 2295 4722 in
2328 4678 2703 4724 confessionum
2732 4677 3025 4723 ministerio

549 4751 684 4797 alios
703 4751 888 4805 iuvare
909 4749 1118 4804 incepit.
1140 4747 1274 4793 Vide
1295 4748 1456 4803 infra,
1479 4758 1527 4792 n.
1549 4746 1646 4792 798.
