3742 5392
780 506 892 565 468
1701 504 1955 565 Canos.
1999 506 2150 564 Soc.
2193 506 2333 579 Jas.

781 654 1056 717 litteras
1086 652 1416 732 docebat;
1449 662 1519 717 et
1550 669 1715 717 cum
1740 652 2106 717 recederet
2136 652 2211 715 Ρ.
2255 652 2615 717 Gonzalez
2654 671 2747 717 ex
2794 656 2933 719 hoc
2983 660 3254 739 oppido

782 772 858 823 ut
887 760 1296 824 Cordubam
1323 760 1586 823 rediret
1617 760 1826 841 (quod
1859 777 2003 823 non
2032 760 2185 823 sine
2208 760 2447 840 aliqua
2472 762 3002 841 perturbatione
3026 764 3246 828 domi·

781 885 1031 932 norum
1064 869 1340 932 illorum
1373 866 1556 945 fuit),
1593 867 1875 948 reliquit
1904 866 1980 931 P.
2014 867 2304 931 Avilam
2333 883 2494 930 cum
2524 866 2600 931 Ρ.
2640 866 2939 933 Pertusa
2976 887 3062 933 ac
3103 870 3245 935 fra-

779 984 888 1039 tre
916 974 1193 1039 Didaco
1223 975 1491 1055 Lopez,
1545 990 1724 1055 quos
1769 976 1986 1037 etiam
2036 974 2388 1037 admissus
2430 972 2577 1053 jam
2624 974 2915 1039 Marcus
2953 978 3243 1041 comita-

777 1092 894 1146 tus
925 1092 1059 1145 est.

897 1190 1037 1253 999.
1125 1190 1203 1254 In
1233 1188 1495 1270 oppido
1521 1188 1780 1268 Xerez,
1805 1188 1928 1251 ubi
1951 1189 2037 1252 de
2062 1187 2379 1268 Collegio
2403 1188 2835 1253 instituendo
2858 1192 3240 1273 aliquando

777 1307 1015 1361 actum
1045 1307 1201 1361 erat
1233 1295 1287 1375 ¹,
1322 1314 1466 1364 non
1497 1294 1881 1359 admodum
1920 1295 2112 1358 bona
2151 1295 2609 1376 praeparatio
2658 1296 2748 1359 ad
2790 1295 3091 1377 Collegii
3142 1300 3255 1363 in·-

773 1397 1212 1459 stitutionem
1242 1395 1534 1458 inventa
1573 1402 1719 1473 est;
1764 1410 1933 1456 nam
1978 1392 2237 1456 civitas
2278 1393 2453 1458 nihil
2494 1394 2940 1475 conferebat,
2988 1407 3058 1460 et
3098 1398 3240 1463 alia

771 1503 1038 1567 auxilia
1069 1505 1186 1567 vel
1213 1503 1458 1566 tenuia
1485 1509 1692 1565 erant
1719 1549 1733 1579 ,
1765 1503 1884 1564 vel
1912 1501 2187 1565 incerta
2215 1502 2461 1581 valde,
2506 1512 2577 1566 et
2611 1501 2688 1566 Ρ.
2732 1501 3241 1585 cristophorus

771 1610 858 1675 de
887 1609 1230 1674 Mendoza
1259 1626 1390 1673 nec
1417 1608 1516 1671 ibi
1544 1625 1675 1671 nec
1719 1607 2083 1689 Lebrijae,
2128 1608 2246 1673 ubi
2282 1608 2552 1688 suerat,
2600 1612 2899 1675 multum
2936 1623 3237 1676 auxerat

770 1719 1226 1783 devotionem
1255 1733 1431 1797 erga
1461 1715 1893 1781 Societatem
1927 1715 1975 1781 ².

896 1825 1072 1891 1000.
1159 1824 1238 1890 In
1276 1826 1566 1890 civitate
1606 1824 1841 1889 Baeza
1882 1825 2230 1904 (Biatiam
2282 1826 2449 1889 olim
2486 1826 2868 1905 vocabant)
2900 1826 3240 1893 offerebat

773 1934 962 2014 Mag.
999 1933 1216 1997 Avila
1249 1932 1645 2013 Collegium
1673 1930 1881 2012 illud,
1916 1932 2002 1996 de
2031 1950 2173 2014 quo
2204 1933 2383 1997 alias
2412 1934 2677 1997 mentio
2704 1932 2901 1997 facta
2928 1944 3035 1999 est
3074 1934 3122 2017 ⁸3
3168 1947 3237 2000 et

770 2042 1102 2123 quamvis
1130 2040 1269 2104 duo
1297 2049 1535 2105 essent
1565 2038 1716 2119 ejus
1745 2040 2064 2119 patroni,
2097 2041 2249 2120 ipse
2279 2040 2551 2104 scilicet
2578 2040 2771 2119 Mag.
2813 2041 3030 2105 Avila
3074 2060 3239 2107 cum

771 2149 912 2211 alio
943 2148 1252 2229 quodam
1279 2145 1305 2177 ⁴
1321 2196 1336 2227 ,
1371 2146 1557 2211 illius
1584 2146 1924 2211 facultate
1949 2156 2017 2211 et
2040 2164 2391 2210 consensu
2415 2147 2692 2226 habito,
2718 2146 3057 2213 Societati
3080 2148 3233 2213 Col-

773 2258 1038 2337 legium
1066 2254 1428 2319 offerebat.
1460 2253 1662 2318 Haec
1689 2266 1932 2319 autem
1961 2263 2170 2318 erant
2208 2251 2359 2335 ejus
2398 2272 2653 2319 onera:
2695 2265 2843 2319 tres
2880 2272 3235 2335 gramma·

767 2363 946 2427 tices
973 2373 1475 2442 praeceptores
1505 2362 1937 2425 constituere
1960 2410 1975 2439 ,
2009 2368 2342 2442 quartum
2364 2362 2886 2442 philosophiae,
2914 2365 3233 2445 quintum

765 2479 836 2533 et
859 2480 1138 2535 sextum
1158 2469 1562 2547 theologiae
1585 2467 2082 2547 scholasticae,
2109 2468 2489 2549 septimum
2512 2478 2751 2533 autem
2774 2487 3027 2534 sacrae
3050 2470 3231 2536 Scri-

765 2586 1038 2658 pturae;
1071 2586 1376 2659 quatuor
1398 2587 1796 2657 praeterea,
1822 2576 1947 2655 qui
1974 2592 2236 2655 pueros
2258 2576 2499 2655 legere
2524 2576 2888 2657 docerent,
2920 2587 2991 2641 et
3014 2596 3252 2643 unum.

762 2688 884 2766 qui
914 2686 1250 2763 scribere,
1283 2682 1760 2748 constituendi
1787 2692 2029 2762 erant;
2059 2682 2333 2748 reditus
2360 2683 2511 2748 fere
2554 2686 2745 2749 mille
2783 2686 3224 2751 ducatorum:

759 2794 1010 2859 domus
1057 2792 1575 2856 instauratione
1614 2791 1897 2870 egebat.
1947 2789 2191 2871 Itaque
2231 2808 2375 2855 non
2418 2792 2793 2857 videbatur
2830 2792 3229 2874 Collegium

758 2964 1070 3019 inspiraclou
1091 2968 1183 3007 tan
1199 2963 1369 3007 fuerte
1387 2994 1398 3013 ,
1419 2972 1516 3016 que
1537 2971 1592 3005 se
1614 2961 1904 3005 determino
1920 2964 1953 3005 a
1974 2960 2174 3017 dejarlo
2196 2960 2317 3005 todo
2336 2974 2372 3017 y
2388 2964 2420 3004 a
2440 2962 2629 3005 bascat·
2648 2973 2741 3016 por
2762 2974 2851 3007 aas
2868 2964 2980 3016 pies
2999 2963 3046 3007 el
3070 2975 3231 3008 reme·

753 3038 840 3083 dio
871 3040 904 3081 a
931 3048 991 3081 su
1021 3038 1188 3087 alma,
1209 3036 1262 3079 la
1283 3032 1494 3088 quietud
1513 3036 1546 3077 a
1577 3044 1639 3077 au
1670 3032 1986 3077 conciencia.
2008 3032 2201 3076 vitiose
2222 3036 2256 3077 a
2276 3032 2475 3077 Seviila
2505 3034 2774 3088 sig-aiendo
2793 3037 2825 3077 a
2846 3035 2894 3078 el
2924 3034 3093 3080 Padre
3122 3035 3229 3081 San

763 3109 1068 3159 Francisco;
1088 3107 1276 3151 echone
1297 3110 1330 3150 a
1349 3117 1440 3149 sus
1472 3105 1580 3159 pies
1611 3104 1907 3159 pidiendole
1928 3106 1983 3149 la
2003 3104 2301 3159 Compaflia.
2318 3104 2400 3148 En
2420 3106 2523 3149 ella
2544 3106 2593 3148 le
2625 3105 2819 3151 recibid
2840 3108 2891 3150 el
2918 3106 3103 3161 Saut03
3124 3121 3159 3164 y
3181 3109 3228 3151 el

755 3184 890 3225 buen
911 3181 1160 3224 hermano
1179 3181 1229 3223 ie
1249 3182 1386 3233 pago
1409 3178 1460 3221 la
1481 3179 1649 3221 buena
1668 3177 1798 3220 obra
1818 3187 1917 3220 con
1937 3178 2304 3230 acompaflarle
2325 3190 2361 3233 y
2381 3178 2622 3230 sei-virle,
2642 3178 2720 3221 sin
2741 3189 2796 3222 ae
2818 3186 3036 3233 apartar
3053 3180 3225 3234 Jamas

755 3256 818 3299 de
837 3265 899 3299 su
919 3254 1054 3305 lado,
1076 3263 1140 3295 en
1158 3258 1347 3295 cuanto
1367 3248 1512 3293 vivio
1533 3252 1633 3293 san
1655 3246 1939 3292 Francia-o
1960 3248 2023 3291 de
2045 3248 2221 3303 Beria.
2242 3246 2372 3292 Este
2390 3260 2449 3291 ea
2470 3250 2518 3292 el
2546 3249 2681 3292 buen
2702 3248 2964 3294 Hermano
2996 3248 3224 3295 Melchor

753 3326 983 3381 Mar-con
1002 3334 1224 3381 persona
1245 3326 1278 3366 a
1305 3322 1473 3376 quien,
1495 3331 1698 3374 aurique
1720 3320 1927 3364 novicio
1946 3325 2190 3363 entonces
2204 3353 2216 3371 .
2238 3324 2467 3375 encargo
2486 3326 2698 3365 nuestro
2734 3320 2896 3365 Santo
2928 3322 3227 3375 Patriarca,

752 3410 850 3454 que
873 3406 1073 3442 tuviese
1097 3395 1388 3451 particular
1408 3392 1628 3437 cuidado
1648 3403 1743 3435 con
1767 3392 1814 3435 el
1835 3390 2295 3436 Bienavenmrado
2318 3391 2487 3435 Padre
2509 3391 2793 3437 Francisco
2814 3404 2877 3435 en
2898 3394 2947 3437 lo
2968 3404 3065 3448 que
3085 3400 3227 3437 toea-

751 3482 806 3515 se
821 3474 855 3515 a
874 3472 927 3514 la
947 3469 1097 3513 salud
1117 3480 1152 3525 y
1173 3466 1513 3511 tratamiento
1533 3464 1596 3507 de
1613 3474 1676 3507 su
1697 3474 1949 3517 persona:
1968 3476 2006 3520 y
2024 3464 2076 3507 al
2098 3462 2267 3507 Padre
2290 3464 2478 3507 mando
2499 3475 2596 3518 que
2618 3474 2680 3507 en
2702 3472 2818 3508 esta
2838 3470 3005 3517 parte.
3024 3475 3170 3508 como
3193 3468 3227 3508 a

751 3542 989 3598 superior
1022 3551 1152 3596 suyo
1183 3541 1228 3582 ie
1252 3536 1567 3582 obedeciese.
1589 3534 1700 3579 Era
1735 3541 1827 3579 tan
1861 3535 2135 3578 fervoroso
2172 3534 2331 3591 Borja
2364 3546 2429 3579 en
2462 3547 2552 3580 sus
2583 3535 2907 3591 penitenciae
2938 3548 2973 3593 y
3002 3536 3222 3591 rigores,

751 3615 892 3659 cruel
911 3626 946 3671 y
965 3616 1216 3668 perpetuo
1236 3609 1472 3662 enemigo
1486 3608 1550 3652 de
1569 3618 1630 3651 su
1651 3618 1826 3661 carne,
1846 3618 1944 3661 que
1961 3618 2027 3651 uo
2048 3607 2249 3651 mii-aba
2269 3618 2367 3662 por
2387 3607 2446 3660 si;
2466 3620 2503 3663 y
2518 3610 2597 3651 asi
2620 3608 2848 3652 necesito
2864 3608 2926 3651 de
2947 3614 3057 3651 este
3079 3608 3223 3653 freno

751 3697 881 3741 para
901 3696 965 3729 no
985 3684 1174 3741 perdet·
1193 3694 1257 3727 en
1277 3691 1433 3735 pocos
1453 3680 1567 3724 dias
1587 3680 1640 3723 la
1659 3678 1826 3723 aalud.
1850 3678 2015 3731 Quien
2033 3677 2259 3734 quisiere
2282 3690 2377 3723 ver
2397 3680 2475 3723 los
2494 3690 2645 3724 raros
2665 3680 2914 3735 ejemplos
2928 3712 2939 3733 ,
2960 3692 3059 3735 que
3080 3681 3143 3725 de
3163 3693 3223 3726 su

750 3758 1054 3803 obediencia
1074 3757 1126 3801 al
1148 3754 1410 3799 Hei-mano
1429 3751 1634 3797 Max-cos
1649 3784 1660 3805 ,
1682 3751 1768 3795 dio
1791 3750 1898 3795 San
1918 3749 2197 3795 Francisco
2218 3764 2253 3807 y
2272 3762 2420 3796 como
2442 3754 2594 3795 sobre
2616 3752 2661 3795 el
2684 3762 2783 3795 con
2808 3758 2964 3796 santa
2984 3754 3223 3798 sencillez

747 3829 1036 3886 ejercitaba
1053 3839 1113 3873 aa
1135 3826 1351 3881 imperio
1372 3830 1483 3869 este
1505 3826 1639 3867 buen
1672 3822 1943 3877 hermano;
1968 3834 2071 3867 νει
2091 3826 2124 3867 a
2143 3824 2191 3866 el
2213 3823 2384 3867 Padi-e
2405 3822 2573 3867 Pedro
2592 3824 2653 3868 de
2678 3822 3044 3881 Rivadeneyra
3074 3835 3139 3868 en
3170 3828 3222 3872 la

747 3902 872 3950 vida
887 3902 953 3945 de
971 3900 1075 3944 San
1091 3898 1390 3944 Francisco.
1407 3896 1608 3940 caando
1623 3896 1764 3949 nega
1778 3897 1811 3938 a
1827 3902 2003 3939 tratar
2018 3896 2081 3940 de
2098 3906 2159 3939 au
2174 3895 2409 3948 perfecta
2426 3895 2743 3949 obediencia,
2756 3895 2986 3947 libro,⁴.⁰
2999 3896 3221 3952 cap.3.·„

746 3974 1076 4023 sunnam
1091 4005 1102 4025 ,
1126 3974 1159 4016 Ι.
1181 3980 1243 4015 c..
1263 3980 1381 4022 cap.
1409 3968 1472 4011 18.

825 4047 842 4079 ¹
900 4044 1036 4091 Vide
1055 4054 1229 4098 supra.
1253 4049 1288 4085 t.
1309 4052 1362 4092 11,
1383 4050 1503 4094 pag.
1529 4040 1620 4093 129,
1642 4050 1725 4083 an.
1751 4038 1875 4091 15w,
1897 4050 1946 4082 n.
1966 4038 2064 4093 314,
2086 4044 2139 4081 et
2162 4044 2197 4081 t.
2219 4049 2297 4089 ιιι.
2318 4050 2425 4093 pag
2454 4038 2552 4092 366,
2575 4050 2620 4082 n.
2639 4038 2736 4082 md.

820 4119 844 4153 2
898 4117 1030 4170 Quid
1051 4116 1180 4159 haec
1202 4113 1416 4158 Polanci
1437 4120 1701 4167 postrema
1719 4110 1982 4155 sententia
1999 4111 2278 4164 portendat
2293 4112 2563 4155 nescimus.
2584 4109 2907 4166 Conquestus
2928 4124 3083 4167 saepe
3100 4122 3217 4157 erat

739 4194 903 4236 bonas
917 4188 972 4232 P.
989 4188 1234 4232 Mendoza
1250 4185 1384 4239 quod
1399 4186 1539 4229 solas
1557 4184 1769 4228 nimium
1785 4182 1974 4238 diuque
1992 4184 2206 4226 relictus
2222 4190 2339 4227 erat
2356 4188 2411 4226 et
2425 4192 2482 4227 ut
2502 4184 2549 4227 ei
2566 4185 2969 4229 consolationem
2992 4185 3219 4239 aliquam

737 4262 932 4307 litteris
951 4262 1138 4304 saitem
1160 4258 1332 4303 missis
1349 4256 1595 4300 afferrent
1616 4254 1860 4299 hortatus
1878 4260 1957 4297 est
1973 4265 2129 4308 saepe
2150 4260 2357 4300 nostros
2377 4254 2628 4310 ignatius,
2645 4263 2704 4300 ut
2724 4255 3051 4301 videbituriu
3066 4256 3215 4299 Nova

740 4334 894 4379 Serie
913 4333 1228 4376 litterarum
1253 4328 1444 4373 Sancti
1463 4326 1691 4381 Ignattt.

819 4406 842 4435 ³
897 4404 1032 4449 Vide
1051 4412 1209 4457 supra
1232 4408 1269 4445 t.
1291 4412 1365 4453 ιιι.
1387 4411 1508 4454 pag.
1528 4400 1626 4449 331.
1651 4410 1733 4442 nn.
1759 4398 1842 4443 737
1866 4404 1919 4442 et
1939 4398 2039 4442 738.
2086 4444 2094 4455 ‚

815 4479 841 4511 ⁴
894 4477 1046 4521 Alius
1069 4475 1151 4518 hic
1172 4473 1330 4517 fuisse
1350 4473 1560 4516 videtur
1583 4472 1867 4515 Rodericus
1886 4470 2078 4525 Lopez,
2100 4471 2185 4525 qai
2208 4468 2403 4515 Romae
2424 4472 2511 4516 din
2532 4472 2705 4516 suerat
2726 4472 3001 4527 “capellan
3016 4486 3051 4529 y
3066 4472 3214 4517 fami-

735 4552 836 4595 liar
857 4548 920 4592 de
943 4547 1104 4590 Paulo
1129 4544 1217 4596 111,
1238 4543 1488 4588 Pontifice
1511 4543 1788 4595 Romam...
1808 4540 2005 4589 Mufloz.
2032 4540 2165 4585 Vida
2187 4543 2275 4585 del
2302 4540 2597 4587 Venerable
2614 4543 2794 4587 Padre
2806 4544 3044 4589 Mae-sero
3060 4543 3213 4597 Juan

734 4622 801 4665 de
822 4620 1000 4668 Avila.
1021 4628 1136 4671 cap.
1152 4628 1239 4659 xx.
1262 4614 1358 4659 Hic
1379 4621 1554 4657 autem
1575 4625 1702 4657 vere
1721 4614 1920 4667 primus
1946 4614 2085 4657 illius
2106 4612 2324 4667 Collegii
2340 4646 2352 4667 ,
2370 4614 2504 4668 quod
2524 4616 2679 4668 paulo
2698 4622 2815 4669 post
2832 4616 2933 4661 Uni
2944 4616 3217 4660 versitatis

728 4692 929 4746 juribus
949 4695 1190 4733 ornatum
1209 4686 1304 4730 fuit
1318 4719 1331 4740 ,
1351 4686 1624 4730 institutor
1645 4686 1746 4729 dici
1767 4686 1949 4739 debet;
1970 4686 2235 4738 quamvis,
2257 4692 2315 4729 ut
2337 4687 2471 4739 quod
2494 4686 2791 4732 instituerat
2816 4690 2985 4743 magis
3007 4698 3213 4742 promo·

735 4771 885 4808 vetet
917 4760 1172 4805 industria
1192 4766 1245 4802 et
1278 4758 1595 4802 auctoritate
1617 4756 1858 4811 Magistri
1881 4756 2071 4801 Avilae
2094 4768 2217 4802 usus
2238 4763 2335 4802 est.
