3742 5392
1679 521 1806 580 ΑΝ.
1854 520 1994 579 1554
2964 515 3075 576 539

597 671 734 734 hoc
761 669 1164 746 contulerit,
1199 679 1268 733 et
1297 677 1496 732 tanta
1526 669 1877 732 charitate
1918 667 2249 730 utebatur
2280 664 2537 729 civitas
2576 664 2649 728 in
2681 663 3070 743 largiendis

597 777 816 844 etiam
844 777 1002 856 illis,
1029 793 1211 857 quae
1241 775 1334 840 ad
1363 775 1955 839 sustentationem
1985 791 2163 854 opus
2185 781 2421 850 erant,
2454 781 2531 836 ut
2555 786 3069 852 conquereren-

598 893 715 948 tur
743 884 967 947 nostri
998 882 1450 946 occasionem
1479 882 1614 945 sibi
1644 881 2057 960 ademptam
2095 889 2618 961 paupertatem,
2666 895 2879 959 quam
2911 894 3069 957 pro-

603 989 773 1056 fessi
801 985 1037 1064 erant,
1073 989 1421 1053 sentiendi
1455 987 1496 1052 ¹.

729 1096 905 1160 1154.
990 1097 1066 1160 In
1098 1096 1340 1177 templi
1385 1104 1620 1159 autem
1653 1112 1858 1159 usum
1902 1096 2123 1158 multa
2163 1103 2579 1158 ornamenta
2629 1103 2699 1156 et
2750 1092 3068 1173 pretiosa

605 1205 1078 1283 donabantur,
1114 1213 1187 1267 ut
1218 1203 1574 1281 frontalia,
1609 1202 1930 1266 cortinae
1952 1203 2069 1264 vel
2094 1201 2309 1282 panni
2330 1199 2543 1265 serici
2564 1200 2930 1262 variorum
2956 1214 3067 1261 co-

603 1314 854 1390 lorum,
889 1320 966 1374 ut
996 1309 1394 1390 huJusmodi
1432 1317 1850 1374 ornamenta
1892 1307 2436 1383 conficerentur;
2472 1317 2543 1370 et
2572 1323 2733 1370 cum
2779 1305 3089 1386 quidam·

604 1419 886 1482 aedituo
916 1417 1008 1481 ad
1037 1434 1286 1481 cereos
1307 1415 1643 1480 emendos
1667 1417 1936 1496 aliquot
1960 1432 2219 1478 aureos
2240 1414 2573 1492 dedisset,
2597 1413 3074 1492 interrogavit

606 1532 870 1604 quanta
912 1525 1214 1606 pecunia
1260 1523 1560 1604 singulis
1597 1523 1959 1586 mensibus
1994 1523 2067 1584 in
2097 1522 2200 1584 eis
2229 1521 2768 1602 expenderetur,
2811 1519 3071 1599 signifi·

607 1651 781 1696 cans
831 1632 1020 1713 quod
1077 1649 1222 1695 non
1277 1631 1530 1694 domus
1581 1639 1871 1693 nostrae
1932 1629 2264 1709 expensis
2312 1627 2437 1691 sed
2486 1628 2788 1692 aliorum
2837 1635 3079 1690 essent

610 1739 921 1819 emendi;
973 1740 1192 1802 multa
1245 1738 1460 1802 etiam
1512 1737 1604 1801 ad
1650 1739 1924 1801 victum
1962 1745 2085 1800 aut
2133 1735 2673 1800 valetudinariis
2722 1735 3073 1816 apposita,

609 1847 894 1929 quando
947 1846 1173 1910 nostri
1223 1846 1590 1924 valebant,
1633 1862 1773 1908 non
1817 1844 2406 1922 admittebantur,
2454 1843 2620 1924 quia
2662 1843 3077 1906 delicatiora

615 1964 818 2018 erant
858 1971 1070 2035 quam
1116 1963 1192 2018 ut
1235 1953 1430 2016 sanis
1473 1950 1887 2015 viderentur
1926 1951 2341 2029 convenire;
2386 1950 2574 2015 mille
2614 1950 2958 2014 ducentos
3006 1958 3078 2012 et

611 2061 1126 2143 quinquaginta
1179 2077 1436 2123 aureos
1479 2059 1552 2123 in
1599 2059 1977 2122 domiciliis
2026 2057 2538 2121 concinnandis
2587 2055 2889 2138 expendi
2939 2057 3075 2121 hoc

613 2186 804 2232 anno
835 2167 1175 2248 oportuit,
1208 2167 1331 2229 sed
1361 2167 1515 2230 sine
1555 2165 1696 2227 ullo
1725 2181 1893 2228 aere
1924 2164 2156 2227 alieno
2202 2165 2448 2228 relicta
2478 2165 2730 2227 domus
2767 2172 2905 2243 est;
2946 2164 3077 2227 fuit

618 2293 831 2356 unuS,
875 2274 996 2355 qui
1045 2275 1570 2353 eleemosynam
1625 2275 2105 2334 trecentorum
2156 2280 2225 2334 et
2267 2273 2719 2352 septuaginta
2769 2272 3079 2353 quinque

601 2399 994 2446 aureorum
1032 2381 1258 2459 dedit,
1292 2388 1362 2442 et
1400 2378 1810 2460 propediem
1849 2380 2188 2459 templum
2227 2396 2491 2442 novum
2530 2388 2599 2442 et
2631 2380 2944 2460 amplum
2980 2378 3080 2440 in-

617 2490 882 2552 choare
911 2488 1358 2567 cogitabant,
1392 2495 1462 2549 et
1493 2487 1579 2549 de
1609 2485 2091 2549 fundamentis
2113 2483 2463 2564 jaciendis
2485 2484 2634 2565 Jam
2663 2486 2994 2566 agebant.

743 2594 918 2658 1155.
1008 2593 1288 2658 Accidit
1313 2601 1548 2656 autem
1572 2602 1648 2656 ut
1672 2592 1961 2672 quidam
1984 2591 2346 2670 sacerdOS,
2372 2592 2493 2672 qui
2514 2594 2898 2672 benignam
2923 2609 3081 2656 esse

616 2703 981 2767 civitatem
1011 2717 1185 2780 erga
1226 2718 1356 2764 nos
1407 2700 1878 2778 intellexerat,
1932 2700 2425 2780 eleemosynas
2466 2701 2617 2781 ipse
2646 2707 2916 2781 peteret
2961 2698 3083 2762 fin-

617 2827 796 2890 gens
824 2809 912 2873 de
943 2807 1299 2872 Societate
1338 2824 1414 2870 se
1443 2823 1633 2887 esse;
1667 2807 1790 2870 sed
1823 2807 2110 2887 quidam
2152 2825 2243 2870 ex
2287 2807 2435 2886 hiS‚
2477 2808 2597 2888 qui
2640 2807 3085 2870 familiariter

618 2934 779 2980 cum
808 2915 1071 2979 nostris
1101 2914 1412 2994 agebant
1431 2963 1446 2992 ,
1478 2930 1641 2977 cum
1669 2911 1742 2976 id
1768 2913 2096 2993 vidisset,
2142 2914 2215 2977 in
2254 2931 2619 2978 carcerem
2656 2931 2821 2978 eum
2864 2911 3082 2992 conji-

620 3023 948 3088 ciendum
979 3021 1280 3100 curavit,
1314 3029 1384 3083 et
1413 3021 1576 3084 inde
1598 3020 1673 3082 in
1697 3021 1985 3083 exilium
2010 3021 2270 3084 missus
2293 3029 2400 3084 est
2424 3037 2549 3100 per
2577 3037 2841 3084 annum
2871 3021 3081 3082 male·

621 3131 790 3194 facti
821 3145 1088 3210 poenas
1108 3126 1429 3192 daturus.

751 3235 924 3300 1156.
1011 3236 1126 3299 Ab
1155 3234 1353 3298 India
1382 3235 1524 3299 hoc
1561 3252 1750 3298 anno
1780 3236 2017 3299 nullae
2044 3235 2323 3299 litterae
2348 3237 2419 3299 in
2460 3234 2902 3298 Lusitaniam
2932 3250 3084 3313 per-

623 3353 998 3422 venerant,
1034 3343 1200 3422 quia
1229 3360 1362 3406 nec
1391 3359 1614 3406 naves
1643 3358 1729 3404 eo
1760 3342 2214 3422 appulerant:
2248 3351 2495 3422 postea
2517 3393 2531 3418 ,
2568 3340 2722 3405 Deo
2750 3340 3083 3422 propitio,

624 3459 1123 3534 pervenerunt:
1160 3449 1358 3512 multi
1389 3459 1626 3512 autem
1655 3449 1985 3511 inlocum
2007 3464 2279 3522 eorum,
2314 3449 2433 3529 qui
2462 3467 2501 3511 e
2532 3448 2721 3511 vivis
2749 3447 3087 3510 discesse-

625 3567 810 3634 rant,
845 3556 1200 3638 proficisci
1227 3557 1302 3619 in
1331 3555 1608 3620 Indiam
1635 3556 2015 3635 cupiebant
2044 3554 2090 3615 ³.

753 3664 928 3728 1157.
1015 3663 1092 3727 P.
1128 3662 1538 3728 Gonsalvus
1565 3661 1653 3726 de
1683 3661 2021 3742 Silveira,
2062 3673 2273 3744 prout
2304 3663 2631 3743 superius
2659 3661 2746 3724 de
2778 3661 2854 3724 P.
2888 3661 3091 3740 Igna-

627 3775 725 3838 tio
750 3775 836 3836 de
861 3771 1200 3836 Acebedo
1223 3770 1530 3834 diximus
1553 3768 1599 3848 ⁸,
1627 3771 1886 3834 mirum
1907 3771 2389 3834 testimonium
2412 3769 2643 3833 reddit
2667 3770 2752 3832 de
2778 3767 2853 3830 P.
2880 3767 3091 3831 Nata—

627 3881 712 3944 lis
743 3879 1160 3956 ministeriO,
1195 3877 1380 3958 quod
1413 3894 1695 3957 semper
1723 3876 1913 3940 idem
1942 3887 2009 3940 et
2038 3877 2558 3956 quodammodo
2598 3876 2979 3939 immobilis
3017 3875 3093 3938 in

628 3996 881 4052 sancta
916 3985 1316 4066 gravitate,
1362 3984 1745 4063 charitate,
1790 3984 2201 4064 prudentia,
2244 3985 2491 4048 humili
2532 3983 2889 4062 libertate,
2932 3998 3092 4060 pro-

629 4095 797 4158 vida
825 4091 1395 4172 longanimitate,
1430 4100 1500 4154 et
1533 4091 1673 4154 alia
1701 4092 1917 4155 etiam
1948 4090 2221 4172 majora
2251 4089 2487 4170 refert,
2522 4099 2592 4153 et
2622 4091 2695 4152 in
2725 4088 3093 4170 Praeposi-

631 4211 779 4264 tum
807 4199 1330 4264 Provincialem
1359 4215 1516 4260 eum
1551 4199 1862 4278 postulat
1892 4193 1937 4260 ⁴.
1973 4195 2057 4259 P.
2100 4197 2451 4261 Antonius
2482 4198 2569 4260 de
2600 4197 2928 4277 Quadros
2956 4197 3094 4258 hoc

712 4481 728 4512 ¹
787 4478 922 4521 Vide
946 4477 1096 4531 infra,
1117 4489 1166 4520 n.
1193 4477 1312 4520 1¹88.

711 4551 734 4582 ἱ
787 4549 920 4594 Vide
943 4549 1094 4602 infra,
1115 4561 1165 4592 n.
1191 4548 1311 4592 1203.

709 4622 734 4653 ⁸
787 4619 920 4665 Vide
941 4632 1116 4676 supra,
1135 4631 1254 4675 pag.
1277 4619 1374 4672 531,
1395 4631 1445 4663 u.
1469 4619 1589 4664 1¹33.

709 4696 734 4727 ⁴
787 4693 912 4738 “Del
943 4693 1142 4748 quedar
1170 4703 1264 4747 por
1285 4693 1391 4736 alla
1416 4691 1567 4737 Mtro.
1585 4691 1752 4736 Nadal
1770 4726 1780 4744 .
1801 4693 2059 4748 ayudaria
2092 4693 2171 4736 sin
2192 4693 2329 4737 duda
2360 4703 2491 4747 para
2520 4692 2743 4745 algunas
2773 4699 2950 4741 cosas;
2971 4699 3098 4743 pero

631 4765 866 4810 mirando
885 4766 933 4808 el
963 4764 1080 4808 bien
1099 4764 1366 4808 universal
1389 4775 1420 4817 y
1441 4775 1503 4807 en
1523 4775 1660 4818 gran
1689 4773 1841 4818 parte
1878 4766 1927 4808 lo
1958 4765 2020 4808 de
2041 4765 2149 4808 alla
2163 4797 2174 4818 ,
2196 4765 2445 4809 conviene
2466 4775 2563 4818 que
2586 4771 2803 4816 natm„
2822 4759 3099 4812 Polaticus,
