3742 5392
1663 457 1790 516 Aa.
1835 457 1975 516 1554
2980 455 3056 515 23

575 603 851 668 Romae
881 605 1200 684 petebat;
1231 602 1356 668 sed
1386 603 1553 684 quia
1580 602 1921 666 sacerdos
1949 610 2018 666 et
2048 619 2302 682 parum
2332 600 2649 666 eruditus
2677 609 2856 681 erat,
2888 602 3052 665 mis·

576 729 698 775 sus
727 711 856 774 fuit
885 710 1137 791 Tybur
1164 720 1244 775 ut
1266 709 1339 774 P.
1375 710 1826 774 Desiderium
1855 710 1927 773 in
1958 710 2222 774 scholis
2252 707 2571 789 juvaret,
2618 718 2696 773 ut
2732 709 2832 772 ita
2871 709 3049 789 peri-

575 821 812 884 culum
840 817 1040 882 fieret
1071 836 1164 881 an
1203 819 1296 881 ad
1333 805 1762 883 Societatem
1803 817 2099 880 idoneus
2136 816 2415 880 futurus
2457 825 2678 894 esset;
2725 817 2842 879 ille
2871 833 3051 879 vero

578 943 744 989 cum
768 925 1176 1006 aliquandiu
1201 925 1609 1005 diligentem
1632 941 1923 1005 operam
1950 924 2193 1004 pueris
2215 933 2556 987 navasset
2579 971 2593 1000 ‚
2622 931 2793 986 vota
2816 921 3048 987 Socie-

577 1033 746 1096 tatis
777 1043 1027 1113 sponte
1057 1049 1190 1097 sua
1212 1032 1444 1097 emisit
1460 1083 1474 1112 ,
1494 1042 1563 1096 et
1585 1033 1686 1096 ita
1709 1041 2025 1096 retentus
2048 1031 2305 1094 ibidem
2331 1032 2587 1094 multos
2611 1047 2861 1108 aanS,
2890 1029 3050 1093 Deo

579 1142 656 1204 in
681 1139 1036 1204 Societate
1053 1139 1342 1222 Tybure
1363 1140 1758 1214 inservivit;
1788 1148 1858 1202 et
1878 1156 2041 1202 cum
2066 1138 2331 1218 optima
2350 1137 2840 1202 aedificatione
2862 1136 3054 1200 domi

579 1257 651 1312 et
669 1247 844 1312 foris
873 1265 949 1311 se
981 1249 1225 1327 gessit.
1251 1247 1533 1312 Tertius
1554 1257 1709 1311 erat
1734 1247 2089 1311 Antonius
2113 1245 2199 1309 de
2222 1244 2523 1309 Robore.
2552 1245 2639 1308 Et
2663 1245 2761 1307 ita
2785 1245 3055 1325 primos

579 1371 860 1418 menses
888 1353 1097 1434 hujus
1128 1355 1296 1418 anni
1319 1363 1464 1418 tres
1484 1352 1854 1418 dumtaxat
1878 1353 1952 1417 in
1969 1370 2053 1416 eo
2078 1352 2451 1432 collegiolo
2477 1350 2784 1429 fuerunt,
2813 1368 3052 1431 quam-

579 1461 693 1523 vis
747 1460 972 1524 Roma
1025 1461 1526 1525 valetudinarii
1574 1469 1643 1525 et
1693 1460 1814 1541 qui
1862 1479 1953 1524 ex
2004 1458 2271 1523 morbis
2320 1458 2916 1522 convalescebant
2966 1474 3053 1520 eo

578 1568 908 1632 sanitatis
935 1569 1168 1648 gratia
1200 1569 1666 1632 mitterentur.
1694 1568 1873 1632 Cum
1902 1577 2139 1630 autem
2160 1565 2456 1647 Neapoli
2481 1576 2827 1630 evocatus
2866 1575 3053 1629 esset

577 1675 656 1738 P.
689 1674 1020 1739 Andreas
1049 1676 1137 1738 de
1167 1675 1472 1754 OviedO,
1501 1675 1594 1739 ad
1621 1675 2123 1754 Aethiopicam
2146 1673 2556 1737 missionem
2579 1673 2976 1736 destinatus
3004 1671 3047 1754 ¹,

583 1781 753 1845 dum
797 1799 914 1846 res
955 1781 1046 1844 ad
1096 1783 1290 1845 illam
1339 1781 1860 1862 expeditionem
1910 1781 2357 1844 necessariae
2404 1778 2676 1843 Romae
2728 1777 3047 1842 conficie-

583 1889 873 1969 bantur,
906 1888 1185 1968 Tybur,
1221 1888 1339 1952 ubi
1367 1886 1746 1969 aliquando
1777 1905 1939 1950 cum
1978 1903 2241 1967 magna
2275 1886 2769 1950 aedificatione
2808 1903 3053 1950 versa·

583 2007 702 2058 tus
732 2005 886 2058 erat
916 1995 960 2073 ¹,
996 1997 1255 2059 missus
1284 2006 1391 2059 est
1412 2045 1426 2074 ,
1460 1996 1581 2059 ubi
1603 2003 1950 2058 aestatem
1978 1992 2183 2074 hujus
2212 1995 2381 2057 anni
2404 1994 2667 2072 exegit.

708 2103 811 2164 27.
897 2102 1071 2198 Erat
1099 2102 1386 2182 Tybure
1416 2103 1552 2166 hoc
1601 2111 1921 2181 tempore
1970 2101 2059 2164 D.
2114 2101 2539 2166 Laurentius
2588 2100 2674 2164 de
2720 2099 3055 2180 Caste110,

593 2209 703 2272 vir
736 2210 1019 2290 pietatis
1052 2210 1384 2290 operibus
1428 2209 1736 2286 dedituS‚
1790 2218 1859 2271 et
1910 2219 2200 2289 propter
2249 2208 2369 2271 illa
2419 2206 2492 2271 P.
2529 2206 2805 2286 Ignatio
2846 2208 3059 2270 valde

595 2317 872 2380 amicus
899 2315 944 2376 ⁸.
989 2316 1168 2380 Cum
1205 2316 1321 2379 hic
1371 2317 1659 2379 domum
1707 2315 1993 2396 Tybure
2042 2316 2367 2393 haberet,
2420 2314 2955 2394 significaverat
2993 2313 3060 2378 ei

589 2421 670 2486 P.
707 2421 1023 2502 Ignatius
1054 2440 1206 2486 rem
1233 2423 1605 2503 perutilem
1646 2420 1738 2506 ad
1778 2422 2215 2502 spiritualem
2244 2422 2629 2485 multorum
2667 2421 3059 2501 profectum

586 2530 944 2594 facturum
971 2547 1158 2606 esse,
1193 2531 1253 2592 si
1283 2531 1570 2593 domum
1599 2527 1939 2593 Societati
1968 2539 2233 2592 emeret
2255 2576 2270 2607 ,
2301 2530 2467 2609 quia
2499 2529 2571 2592 in
2602 2529 3057 2592 conductitiis

585 2646 882 2702 eatenus
931 2637 1408 2700 habitaverat.
1468 2635 1648 2700 Cum
1694 2653 1869 2716 ergo
1919 2635 1995 2698 P.
2049 2635 2380 2699 Andreas
2429 2634 2672 2715 Tybur
2723 2636 2951 2715 venit,
2987 2645 3057 2700 et

585 2743 675 2807 D.
711 2742 1175 2808 Laurentium
1201 2744 1486 2806 nomine
1516 2741 1594 2806 P.
1637 2742 1896 2822 Ignatii
1926 2743 2299 2816 inviseret,
2334 2743 2576 2806 statim
2606 2742 2720 2804 ille
2747 2741 3057 2806 fructum

585 2849 1061 2914 instituendae
1083 2849 1473 2930 juventutis
1503 2850 1738 2930 coepit
1775 2849 2091 2925 laudare,
2145 2858 2213 2912 et
2260 2848 2333 2911 P.
2376 2833 2824 2913 Desiderium
2852 2847 3067 2912 valde

588 2957 1121 3034 commendare,
1156 2957 1482 3037 quamvis
1511 2965 1801 3036 propter
1825 2956 2210 3036 quamdam
2245 2955 2319 3019 in
2357 2955 2895 3036 pronunciando
2936 2954 3064 3018 dif-

585 3064 978 3127 ficultatem
1009 3066 1534 3143 (praeterquam
1556 3063 1744 3144 quod
1774 3063 2061 3126 natione
2083 3062 2567 3141 Lotharingus
2588 3080 2731 3126 non
2753 3061 3068 3142 perfecte

585 3171 904 3234 italicum
953 3170 1216 3234 idioma
1267 3170 1630 3248 callebat),
1681 3169 1901 3232 alium
1950 3169 2070 3248 qui
2111 3167 2493 3249 perfectius
2536 3187 2581 3230 a
2621 3169 3069 3233 scholasticis

593 3277 1138 3357 intelligeretur,
1173 3288 1240 3341 et
1264 3278 1384 3358 qui
1413 3277 1506 3340 ad
1536 3287 1776 3357 partes
1803 3275 2291 3338 conciliandas
2322 3276 2506 3339 inter
2540 3277 2736 3339 cives
2772 3277 3073 3340 idoneus

593 3395 784 3448 esset
814 3383 858 3462 ⁴,
892 3384 1138 3464 Tybur
1167 3383 1584 3447 mittendum
1609 3383 1964 3446 censebat.
1993 3380 2135 3446 Sed
2158 3383 2401 3462 etipse
2426 3381 2501 3446 P.
2535 3383 2867 3446 Andreas
2888 3400 3073 3446 onus

590 3508 820 3571 grave
848 3491 1302 3554 existimabat
1341 3491 1630 3553 scholae
1653 3498 1723 3554 et
1753 3489 2072 3552 Rectoris
2105 3487 2335 3552 officio
2384 3491 2592 3553 simul
2623 3490 3067 3569 satisfacere,

593 3616 789 3678 cum,
821 3609 1105 3678 praeter
1135 3599 1314 3660 haec
1345 3596 1482 3661 duo
1507 3597 1746 3660 munia
1770 3606 1840 3659 et
1869 3597 2249 3660 conciones
2282 3596 2367 3659 de
2399 3597 2787 3660 christiana
2814 3597 3069 3661 doctri-

595 3723 690 3768 na
714 3705 1082 3768 habendae
1112 3713 1183 3767 et
1213 3703 1697 3768 confessiones
1729 3703 2114 3766 multorum
2144 3704 2234 3766 ab
2264 3703 2517 3766 eodem
2547 3704 2941 3768 audiendae
2971 3704 3071 3768 fo-

595 3823 778 3890 rent;
812 3822 882 3874 et
909 3812 1278 3874 minimum
1308 3811 1614 3891 quinque
1643 3826 1993 3891 personas
2030 3810 2321 3872 stabiles
2352 3827 2433 3872 eo
2473 3811 2547 3873 in
2584 3811 2885 3890 collegio
2916 3829 3075 3875 esse

599 3919 856 3982 debere
888 3919 1370 3981 arbitrabatur
1392 3967 1406 3994 ,
1439 3934 1738 3997 quorum
1770 3917 1907 3980 duo
1948 3927 2448 3996 praeceptores
2471 3966 2485 3994 ,
2528 3917 2818 3980 totidem
2864 3918 3069 3982 coad-

593 4023 871 4104 jutores
892 4035 1129 4089 essent
1147 4073 1162 4104 ,
1189 4041 1352 4088 cum
1372 4025 1588 4088 nimio
1610 4033 2054 4105 premeretur
2077 4023 2321 4086 labore
2345 4022 2731 4104 AntoniuS,
2759 4025 2877 4106 qui
2903 4037 3073 4089 tunc

696 4265 714 4297 ¹
773 4263 908 4308 Vide
929 4265 1082 4320 infra,
1103 4277 1153 4309 n.
1173 4266 1272 4311 396.

686 4335 710 4368 ⁸
766 4337 920 4380 Anno
942 4337 1142 4381 scilicet
1168 4339 1289 4382 1551.
1309 4337 1442 4382 Vide
1464 4349 1638 4393 supra.
1659 4344 1694 4380 t.
1719 4348 1770 4390 11,
1793 4349 1911 4391 pag.
1934 4336 2025 4388 166.
2049 4347 2133 4380 an.
2162 4337 2278 4388 2551.
2301 4349 2347 4380 n.
2368 4337 2412 4380 8.

685 4409 708 4441 ³
764 4407 862 4452 Hic
883 4409 970 4452 ille
992 4420 1105 4452 esse
1125 4409 1351 4462 videtur,
1373 4421 1524 4464 quem
1547 4410 1852 4462 Onus-mm,
1875 4409 1908 4451 1.
1931 4419 1991 4454 c..
2012 4419 2057 4450 n.
2085 4407 2159 4460 19,
2194 4407 2557 4452 Laurentium
2589 4410 2655 4452 de
2690 4409 2952 4454 Va'n'libus
2980 4423 3070 4465 ap·

605 4481 787 4534 pellat.
809 4481 1096 4535 “sacci-dos,
1127 4481 1302 4535 patria
1334 4481 1640 4535 Tiphernas,
1664 4481 1748 4534 qui
1779 4489 1995 4534 propter
2018 4480 2207 4524 eximia
2242 4481 2453 4533 pietatis
2483 4481 2649 4524 officia
2678 4493 2926 4535 percarus
2955 4489 3075 4526 erat

605 4551 1046 4606 laniem-Vide
1067 4553 1226 4596 etiam
1251 4553 1440 4596 Canas
1455 4554 1519 4595 de
1542 4553 1653 4595 San
1675 4551 1910 4602 Ignacto,
1931 4558 1965 4596 t.
1990 4562 2061 4604 xv,
2084 4563 2205 4606 pag.
2224 4553 2320 4596 207.

689 4625 712 4656 ⁴
767 4622 900 4667 Vide
921 4635 1096 4678 supra,
1117 4636 1238 4678 pag.
1261 4625 1330 4677 22,
1351 4636 1401 4668 n.
1422 4625 1504 4678 25,
1540 4625 1624 4668 ubi
1659 4623 1934 4677 penuriae,
1971 4633 2124 4677 quam
2156 4624 2319 4668 nostri
2353 4624 2435 4668 his
2470 4624 2647 4677 primis
2680 4626 2830 4669 annis
2863 4624 3075 4681 Tybure

607 4695 748 4749 passi
769 4701 904 4748 sunt,
921 4696 974 4738 in
995 4707 1154 4739 causa
1179 4696 1330 4739 ruisse
1353 4697 1543 4740 dicitur
1564 4707 1753 4738 vae-eas
1774 4695 2017 4738 civitatis
2038 4695 2380 4748 inc'em'ce'tiaS,
2400 4695 2543 4745 lites,
2563 4703 2661 4740 etc.
