3742 5392
727 490 838 549 368
1651 488 1903 547 Cimon.
1949 489 2100 547 Soc.
2142 488 2280 561 με.

726 634 914 698 unde
944 644 1011 697 et
1049 636 1123 697 in
1151 634 1412 715 pietate
1454 645 1522 697 et
1563 635 1636 697 in
1673 634 1935 697 affectu
1974 634 2191 697 etiam
2230 648 2402 712 erga
2445 632 2840 712 Collegium
2869 631 3197 694 homines

727 758 1052 805 crescere
1082 742 1558 820 existimabat;
1591 751 1663 804 et
1691 742 1790 805 ita
1821 751 1999 819 erat,
2034 751 2111 803 ut
2140 738 2476 803 credibile
2506 749 2613 802 est
2648 738 2687 801 ¹.

849 846 989 911 784.
1075 848 1326 912 Invisit
1355 857 1641 913 nostros
1671 849 1740 911 in
1772 866 1904 911 sua
1935 847 2361 911 domuncula
2393 845 2742 910 conducta
2785 844 3105 921 Pro-rex,
3148 865 3195 907 a

725 972 864 1035 quo
895 956 1169 1018 litteras
1200 956 1590 1043 postulavit
1624 954 1698 1019 P.
1732 953 1993 1018 Strada
2026 954 2117 1018 ad
2145 952 2577 1034 Episcopum
2616 952 3190 1033 Segurbiensem,

726 1062 980 1141 quibus
1009 1062 1073 1124 ei
1101 1064 1380 1142 gratias
1410 1072 1658 1142 ageret
1687 1062 1773 1126 de
1805 1062 2111 1141 auxiliiS,
2148 1078 2329 1141 quae
2352 1060 2693 1125 Societati
2715 1061 3087 1136 obtulerat,
3116 1071 3185 1123 et

723 1169 816 1231 ad
843 1186 1306 1249 progressum
1335 1186 1497 1233 eum
1526 1170 1894 1245 animaret;
1930 1169 2119 1250 quod
2162 1168 2621 1233 libentissime
2654 1168 2952 1232 Pro-rex
2992 1184 3195 1247 prae—

724 1276 925 1339 stitit.
959 1275 1411 1340 Convenerat
1439 1286 1679 1339 autem
1706 1276 1822 1339 hie
1855 1276 2255 1356 Episcopus
2279 1275 2651 1339 Valentiae
2682 1292 2843 1338 cum
2865 1275 2941 1339 P.
2968 1274 3175 1338 Nata-

726 1384 798 1461 li,
833 1393 908 1446 ut
937 1383 1104 1446 dum
1134 1383 1284 1463 ipse
1315 1382 1338 1413 ³
1379 1384 1450 1446 in
1489 1401 1692 1446 suam
1723 1382 1746 1412 ³
1777 1384 2141 1446 civitatem
2180 1381 2639 1461 Albarracin,
2684 1382 2936 1446 itinere
2974 1382 3189 1444 trium

721 1488 996 1552 dierum
1039 1488 1618 1569 Caesaraugusta
1658 1490 2062 1565 distantem,
2106 1507 2183 1553 se
2225 1488 2668 1565 contulisset,
2718 1505 2802 1551 eo
2844 1488 3057 1551 etiam
3106 1488 3190 1549 P.

719 1593 980 1659 Strada
1011 1613 1087 1659 se
1117 1595 1474 1659 conferret
1507 1592 1552 1659 ⁴.

843 1701 984 1765 785.
1074 1702 1281 1767 Prius
1310 1712 1548 1766 tamen
1587 1703 1812 1766 nostri
1855 1704 2255 1782 migrarunt
2296 1704 2387 1767 ad
2427 1704 2807 1783 primarias
2840 1702 3189 1783 quasdam

724 1809 938 1873 aedes
978 1810 1234 1873 nobilis
1275 1810 1436 1887 viri,
1483 1810 1602 1891 qui
1645 1810 2181 1891 protonotarius
2230 1820 2385 1873 erat
2435 1810 2637 1891 regni
2683 1809 3096 1888 Aragoniae
3135 1808 3181 1883 ⁵;

721 1932 885 1979 cum
935 1916 1121 1979 enim
1170 1934 1332 1979 eum
1383 1917 1582 1995 regia
1634 1917 2025 1981 auctoritas
2067 1916 2157 1980 ad
2208 1918 2482 1981 curiam
2519 1926 2891 1980 evocasset
2934 1926 3011 1980 ut
3058 1932 3188 1995 per

716 2023 1097 2086 triennium
1126 2023 1223 2086 ibi
1253 2022 1626 2097 resideret,
1662 2040 1964 2105 cumque
1991 2023 2107 2087 ille
2136 2040 2341 2086 suam
2368 2040 2664 2086 uxorem
2708 2033 2779 2086 et
2808 2032 3031 2085 totam
3060 2021 3181 2085 do·

717 2146 912 2192 mum
954 2146 1038 2191 eo
1077 2129 1588 2209 transtulisset,
1637 2130 1922 2193 domum
1964 2146 2169 2193 suam
2208 2128 2524 2209 Collegio
2566 2129 2847 2208 obtulit,
2900 2139 2977 2191 ut
3019 2144 3177 2191 eam

715 2234 1090 2313 habitaret,
1126 2235 1355 2298 donec
1395 2237 1756 2315 propriam
1801 2235 2317 2300 aedificassent:
2360 2253 2492 2299 nec
2531 2238 2761 2299 solum
2798 2236 2961 2299 inde
2990 2252 3181 2298 com-

717 2342 1044 2419 moditaS,
1076 2341 1202 2405 sed
1233 2353 1299 2405 et
1331 2344 1748 2421 auctoritas,
1790 2352 1860 2405 et
1901 2341 2320 2407 habitationi
2358 2352 2427 2407 et
2468 2342 2877 2409 ministeriis
2918 2342 3185 2406 nostris

715 2448 1123 2527 accedebat;
1157 2448 1440 2512 ineunte
1471 2466 1644 2529 ergo
1674 2448 2072 2529 Septembri
2100 2468 2187 2513 eo
2219 2450 2443 2513 nostri
2472 2450 3056 2527 commigrarunt.

835 2552 975 2617 786.
1063 2553 1466 2634 Pergebant
1497 2565 1732 2619 autem
1761 2556 1989 2619 nostri
2030 2572 2159 2636 pro
2190 2573 2319 2619 suo
2356 2573 2557 2620 more
2596 2556 2670 2619 in
2698 2565 3176 2621 sacramento-

712 2679 871 2725 rum
893 2661 1243 2742 frequenti
1265 2660 1899 2742 administratione,
1926 2671 1996 2726 et
2019 2665 2398 2726 multorum
2428 2662 2803 2727 conversio
2835 2661 2928 2725 ad
2948 2661 3181 2726 Deum

715 2768 1318 2833 confessariorum
1347 2770 1623 2832 animos
1649 2785 1911 2850 magna
1937 2770 2422 2833 consolatione
2445 2769 2814 2833 afficiebat.
2839 2768 3177 2833 Elabora-

714 2884 923 2939 verat
951 2884 1187 2940 autem
1215 2875 1284 2939 in
1318 2876 1454 2939 hac
1485 2876 1695 2939 vinea
1732 2876 2126 2956 perutiliter
2164 2874 2240 2939 P.
2282 2875 2695 2957 Alphonsus
2724 2874 3023 2955 Romam
3050 2875 3179 2937 sed

711 2992 780 3044 et
831 2982 907 3045 P.
961 2982 1390 3047 Franciscus
1437 2982 1525 3046 de
1573 2977 1789 3063 Rnjas
1840 2984 1914 3046 in
1964 2983 2249 3064 pietatis
2300 2983 2633 3064 operibus
2680 2982 3057 3062 diligenter
3100 2999 3182 3045 se

714 3089 1114 3168 exercebat,
1149 3102 1219 3152 et
1249 3098 1544 3171 uterque
1573 3090 1660 3153 de
1689 3091 1887 3154 sanis
1914 3100 1985 3153 et
2014 3090 2572 3170 aegrotantibuS,
2606 3098 2675 3153 et
2705 3088 3059 3153 interdum
3088 3089 3181 3153 de

711 3194 1195 3275 morientibuS,
1219 3196 1657 3260 benemereti
1678 3214 1823 3259 non
1845 3196 2245 3261 cessabant:
2271 3206 2650 3277 postquam
2672 3207 2907 3260 autem
2930 3196 3005 3259 P.
3040 3194 3175 3261 Na·

711 3302 895 3379 taIiS,
929 3301 1141 3385 Junio
1183 3319 1446 3380 mense,
1490 3312 1557 3366 et
1601 3302 1674 3365 P.
1721 3302 1982 3367 Strada
2020 3302 2491 3367 Provincialis
2521 3320 2684 3366 cum
2727 3302 2927 3368 socio
2966 3300 3181 3366 Patre

709 3408 874 3471 55²0
895 3408 1146 3473 Crucis
1175 3426 1262 3471 ac
1292 3408 1367 3470 P.
1402 3409 1743 3473 Tablares
1766 3409 2417 3490 Caesaraugustam
2440 3410 2637 3473 venit
2664 3406 2711 3488 ⁰,
2746 3410 3000 3473 mirum
3033 3426 3175 3472 non

603 3656 606 3661 ·
709 3650 949 3703 nubatur,
970 3658 1153 3693 nomen
1176 3649 1273 3691 hoe
1304 3650 1371 3693 ab
1391 3648 1537 3693 initio
1567 3648 1784 3695 inditum
1805 3656 1913 3693 est:
1944 3648 2103 3693 Urbis
2123 3652 2175 3693 et
2198 3648 2356 3695 Orbis
2374 3650 2567 3693 domus
2586 3648 2949 3705 infirmorum.
2966 3648 3176 3702 Mmoz,

707 3718 1051 3764 Diccionario
1070 3719 1366 3776 geogrdfico
1375 3731 1414 3775 y
1435 3720 1749 3765 estadish‘co
1770 3721 1836 3765 de
1855 3720 2102 3777 Espaaa,
2123 3728 2161 3765 t.
2182 3732 2291 3773 xvi,
2315 3732 2435 3777 pag.
2454 3720 2551 3765 608.

787 3790 806 3823 ⁸
863 3788 1006 3843 Quae
1027 3790 1121 3834 nub
1141 3790 1221 3834 hia
1241 3802 1325 3835 nn.
1343 3790 1525 3835 780-783
1543 3792 1889 3847 continentur,
1909 3792 2184 3848 desumpta
2204 3800 2325 3837 sunt
2350 3804 2418 3836 ex
2448 3792 2641 3837 litteris
2662 3792 2842 3837 Patri·
2862 3792 3055 3839 Stradn
3084 3794 3173 3839 da-

706 3863 775 3906 tis
793 3861 822 3906 2
837 3860 960 3914 julii
976 3894 988 3915 ,
1007 3861 1036 3904 4
1053 3867 1108 3906 et
1133 3860 1182 3905 16
1201 3862 1426 3917 Augusti
1447 3868 1499 3907 et
1523 3863 1592 3908 1.·
1607 3862 1944 3919 Septembris.
1964 3864 2098 3908 Vide
2120 3864 2350 3919 Polnnci,
2372 3874 2439 3907 ex
2454 3874 2603 3916 com„
2622 3864 2833 3909 litterae
2851 3865 2917 3909 ad
2939 3866 3179 3910 eumdem

705 3932 919 3978 Patrem
939 3932 1135 3977 strada
1151 3932 1181 3977 8
1201 3932 1511 3979 Novembris
1533 3934 1656 3980 1554.

781 4004 806 4036 ¹
859 4002 1068 4049 Scilicet
1083 4037 1094 4059 ‚
1118 4003 1476 4059 Segorbiensis
1497 4004 1800 4061 Episcopus.

780 4074 806 4108 ⁸
861 4076 920 4119 in
950 4086 1131 4127 suam,
1149 4077 1372 4130 scilicet,
1395 4078 1447 4121 in
1465 4088 1590 4122 suae
1621 4078 1915 4123 dioeceseos
1950 4080 2225 4125 civitatem
2246 4077 2577 4124 Alban-acin.
2596 4078 2956 4131 Haec.diviea
2986 4078 3175 4135 Segor-

707 4146 874 4191 bienei
895 4148 949 4191 in
968 4148 1123 4201 duas,
1145 4159 1313 4193 novae
1334 4149 1634 4195 dioeceseos
1651 4156 1808 4206 caput
1830 4152 1973 4198 iacta
1994 4158 2073 4197 est
2096 4163 2231 4199 anno
2254 4152 2375 4197 1577.

785 4219 807 4253 ⁴
863 4218 998 4264 Vide
1021 4218 1184 4273 infra,
1207 4232 1288 4265 nn.
1309 4220 1504 4267 793-796.

783 4290 806 4325 Β
859 4290 1046 4336 Eritne
1068 4291 1153 4335 hic
1174 4292 1261 4337 ille
1281 4292 1402 4337 Don
1423 4294 1632 4339 sancho
1650 4296 1717 4340 de
1737 4296 1996 4351 Francia,
2017 4296 2073 4341 P.
2096 4298 2348 4342 Anvnnnz
2370 4295 2521 4347 (Vide
2538 4305 2715 4350 supra,
2732 4304 2854 4350 pag.
2868 4294 2965 4350 362,
2982 4300 3167 4340 annot.

703 4364 738 4414 i,
760 4364 826 4408 ad
846 4374 895 4407 n.
915 4362 1037 4417 769)?
1059 4362 1226 4419 Hujus
1247 4372 1390 4409 certe
1411 4367 1730 4421 cognominis
1761 4369 1938 4423 plures
1970 4368 2114 4413 fuere
2145 4368 2433 4424 jurisperiti
2456 4366 2915 4421 Caesaraugustae
2946 4366 3174 4411 saeculis

699 4444 769 4479 xv
789 4440 843 4479 et
861 4445 971 4487 xvi,
993 4441 1052 4480 nt
1075 4434 1253 4479 videre
1281 4442 1364 4481 eat
1391 4440 1702 4491 praesertim
1733 4441 1873 4496 apud
1893 4439 2153 4491 Lunum,
2177 4439 2475 4483 Biblioteca
2496 4439 2563 4482 de
2592 4440 2881 4482 escrttores
2912 4448 3169 4491 aragone·

697 4516 802 4551 ses.
841 4504 941 4551 Sed
979 4507 1117 4551 illiue
1156 4506 1360 4552 domum
1395 4513 1636 4564 emptam
1671 4511 1748 4555 nit
1786 4512 2114 4556 Anvnnnz.—
2132 4510 2299 4567 Hujus
2334 4509 2711 4564 protonotarii,
2745 4510 2949 4554 nomine
2996 4516 3171 4555 tamen

697 4587 956 4633 nunqnam
985 4589 1250 4632 expresso,
1272 4590 1427 4634 saepe
1460 4582 1652 4625 mentio
1683 4581 1740 4626 fit
1774 4582 1826 4627 in
1857 4581 2039 4628 Sancti
2068 4582 2287 4638 Ignatii,
2310 4582 2489 4627 Sancti
2521 4580 2788 4627 Francisci
2824 4582 2887 4625 de
2922 4580 3079 4637 Boi-jn
3116 4590 3167 4625 et

696 4648 918 4694 Patrum
939 4648 1133 4695 strada
1153 4656 1206 4694 et
1231 4650 1430 4696 Roman
1451 4652 1643 4698 litteris
1663 4661 1776 4698 toto
1795 4656 1893 4698 hoc
1914 4664 2049 4698 anno
2070 4654 2297 4709 scriptis.

777 4718 803 4753 ί
858 4720 991 4765 Vide
1015 4731 1173 4776 snpra
1193 4754 1202 4775 ,
1223 4733 1344 4777 pag.
1365 4724 1461 4778 364,
1487 4735 1533 4769 n.
1555 4724 1650 4769 77⁴.
