3742 5392
715 449 832 508 558
1641 449 1895 509 Cnnom.
1939 451 2091 510 Soc.
2133 453 2273 526 JES.

714 596 1103 676 scripserit;
1135 607 1203 660 et
1236 597 1360 660 vix
1389 599 1615 662 nostri
1645 599 1933 662 domum
1963 598 2345 675 redierant,
2380 607 2449 662 et
2472 596 2619 677 jam
2652 617 2695 661 a
2726 595 3001 678 Regina
3033 602 3182 681 qui-

711 705 879 768 dam
922 703 1010 767 ad
1035 721 1158 767 eos
1187 704 1448 769 missus
1476 716 1606 783 est,
1641 717 1709 768 et
1739 707 1981 770 statim
2012 707 2194 770 alius
2224 708 2313 770 ab
2336 705 2609 770 Infante
2634 707 3025 787 LudovicO,
3058 710 3183 788 qui

709 811 1209 892 significabant
1238 813 1692 893 impetratum
1721 831 1877 876 esse
1910 833 1953 876 a
1982 812 2176 892 Rege
2209 814 2396 894 quod
2425 815 2937 893 postulabatur-3
2973 824 3045 877 et
3076 817 3175 879 ita

707 919 1046 999 impedita
1078 919 1208 982 fuit
1231 919 1729 1000 Christophori
1759 921 2025 1000 missio;
2052 929 2122 984 et
2146 937 2307 984 cum
2328 921 2607 1000 gratias
2629 930 2927 1001 agerent
2950 924 3179 986 nostri

708 1025 1049 1106 Reginae,
1083 1038 1152 1089 et
1181 1027 1404 1090 fusius
1447 1028 1534 1091 de
1577 1029 1713 1091 hoc
1753 1029 2043 1108 negotio
2084 1037 2401 1108 agerent,
2447 1028 2823 1092 videbatur
2854 1028 3172 1108 Reginae

709 1133 1046 1214 expedire
1075 1142 1153 1197 ut
1182 1135 1370 1198 serio
1399 1135 1764 1214 negotium
1791 1135 1931 1198 hoc
1962 1135 2149 1216 apud
2175 1135 2447 1214 Regem
2487 1145 2658 1199 tunc
2681 1145 3059 1215 urgeretur
3087 1154 3179 1200 ne

712 1241 1115 1321 hujusmodi
1151 1241 1577 1306 Societatem
1615 1243 2105 1306 deserentibus
2155 1241 2454 1322 faveret,
2500 1252 2570 1306 et
2612 1259 2861 1306 eorum
2904 1245 3173 1307 catalo-

708 1365 882 1428 gum
920 1347 1198 1428 Regina
1229 1349 1363 1412 sibi
1391 1349 1549 1412 dari
1580 1349 1825 1413 voluit.

795 1453 971 1519 1201.
1058 1456 1421 1519 Creditum
1453 1467 1559 1519 est
1589 1458 1782 1538 quod
1811 1457 2279 1520 concionator
2306 1455 2527 1536 Regis
2558 1457 2921 1520 Antonius
2951 1455 3175 1520 Pinel-

708 1565 820 1626 lus
853 1561 870 1593 ¹
903 1561 1310 1642 hujusmodi
1336 1564 1783 1627 desertorum
1832 1573 1979 1628 tam
2018 1563 2395 1628 Societatis
2438 1575 2725 1627 nostrae
2763 1579 2979 1644 quam
3010 1563 3177 1626 alia-

705 1688 864 1734 rum
903 1671 1327 1750 religionum
1365 1689 1660 1734 causam
1698 1671 1887 1752 apud
1927 1671 2197 1752 Regem
2234 1679 2689 1751 promoveret
2734 1679 3029 1751 propter
3058 1687 3173 1751 pe-

709 1779 1012 1856 nuriam,
1046 1779 1133 1840 de
1162 1796 1300 1858 qua
1332 1779 1642 1857 memini,
1676 1796 1822 1843 non
1871 1779 2063 1859 quod
2092 1776 2518 1842 Societatem
2560 1787 2880 1840 nostram
2921 1795 3175 1858 parum

705 1884 1056 1965 diligeret;
1096 1886 1222 1949 sed
1262 1903 1380 1949 res
1418 1887 1490 1949 in
1529 1903 1754 1966 grave
1785 1887 2124 1949 damnum
2167 1886 2594 1965 religionum
2651 1883 2981 1964 cedebat,
3007 1902 3174 1948 nam

707 1993 894 2056 inter
941 1995 1252 2056 humana
1291 1993 1461 2056 nihil
1502 2010 1587 2056 eo
1627 1995 1702 2056 in
1741 2009 1967 2072 regno
2009 1992 2299 2072 majoris
2338 1992 2679 2056 momenti
2722 1993 3173 2056 existimatur

708 2117 923 2179 quam
952 2112 1028 2162 ut
1058 2098 1212 2162 Rex
1242 2101 1453 2163 alicui
1487 2101 1724 2163 faveat
1753 2109 1824 2163 et
1853 2099 2005 2180 eJus
2036 2114 2253 2180 opera
2290 2100 2395 2162 uti
2430 2100 2625 2178 velit,
2670 2107 2739 2162 et
2778 2099 2877 2162 ita
2905 2098 3174 2162 debiles

705 2207 927 2287 aliqui
965 2207 1415 2270 occasionem
1453 2207 1764 2270 habituri
1807 2207 2231 2270 videbantur
2270 2207 2507 2270 minus
2536 2205 2911 2270 resistendi
2943 2213 3166 2270 tenta-

701 2314 1013 2378 tionibus
1052 2325 1302 2378 contra
1332 2331 1535 2376 suam
1563 2315 2035 2392 vocationem,
2070 2332 2232 2378 cum
2272 2323 2434 2394 post
2475 2314 2829 2377 desertam
2865 2312 3167 2392 Religio·

697 2439 862 2484 nem
891 2420 1215 2485 favorem
1245 2419 1462 2500 Regis
1492 2429 1887 2502 sperarent;
1914 2431 1983 2483 et
2004 2419 2244 2484 Infans
2263 2421 2673 2484 Ludovicus
2696 2420 2928 2498 magis
2952 2419 3167 2484 etiam

699 2545 914 2608 quam
938 2529 1162 2591 nostri
1183 2529 1321 2591 hoc
1345 2529 1608 2590 sentire
1631 2528 2029 2604 videbatur,
2057 2538 2127 2590 et
2147 2527 2329 2606 Regi
2352 2527 2489 2590 hoc
2510 2526 2775 2590 Rector
2798 2526 3167 2590 declarare

697 2635 1061 2699 constituit
1088 2644 1165 2698 ut
1193 2635 1544 2698 desineret
1577 2634 1976 2714 hujusmodi
1999 2634 2399 2698 hominibus
2424 2633 2696 2713 favere,
2730 2642 2801 2696 et
2832 2634 3162 2698 hortatus

696 2750 805 2805 cst
833 2752 1116 2805 nostros
1158 2752 1234 2805 ut
1263 2742 1843 2805 concionatorem
1868 2739 2019 2820 jam
2048 2740 2315 2804 dictum
2344 2742 2891 2820 alloquerentur,
2924 2750 2995 2803 et
3021 2741 3161 2804 dis·

695 2849 1094 2912 simulando
1129 2850 1537 2930 praeterita,
1581 2858 1659 2912 ut
1699 2848 1889 2928 apud
1930 2846 2198 2927 Regem
2227 2847 2505 2910 faveret
2533 2846 2898 2924 Societati,
2943 2864 3155 2927 roga-

697 2966 877 3020 rent.

821 3063 996 3127 1202.
1081 3064 1269 3127 Inter
1310 3082 1428 3143 ea,
1475 3081 1656 3144 quae
1695 3063 1879 3144 Regi
1915 3062 2224 3127 maxime
2277 3063 2690 3142 scrupulum
2740 3059 3152 3141 injecerunt,

697 3170 828 3234 fuit
857 3171 1048 3251 quod
1079 3172 1290 3251 paulo
1320 3181 1485 3234 ante
1515 3171 1804 3252 quidam
1841 3171 2314 3234 scholasticus
2356 3170 2733 3248 theologus
2762 3167 3153 3232 Conimbri-

691 3279 926 3341 censis
957 3279 1274 3357 Collegii,
1308 3279 1730 3358 cognomine
1759 3277 1967 3355 Paez,
2000 3277 2120 3358 qui
2150 3277 2270 3340 diu
2301 3288 2551 3340 nostro
2574 3276 2645 3338 in
2675 3275 2999 3366 Collegio
3020 3284 3158 3338 stu-

691 3387 943 3449 duerat
971 3395 1040 3449 et
1071 3386 1222 3448 sine
1253 3403 1472 3448 causa
1519 3393 1943 3463 recesserat,
1978 3385 2253 3448 Eborae
2282 3383 2429 3464 jam
2461 3394 2629 3446 tunc
2659 3383 2745 3446 de
2794 3383 3021 3446 sacris
3052 3399 3157 3444 or·

691 3493 976 3556 dinibus
1006 3492 1474 3572 suscipiendis
1504 3493 1786 3572 agebat,
1819 3500 1919 3571 ut,
1974 3492 2227 3555 deinde
2278 3491 2368 3554 ad
2422 3492 2694 3554 curiam
2744 3489 3059 3569 venienS,
3114 3507 3156 3552 a

691 3599 886 3680 Rege
913 3600 1222 3680 gratiam
1257 3601 1568 3679 aliquam
1597 3599 2010 3679 postularet.
2044 3599 2229 3662 Male
2254 3607 2491 3661 autem
2528 3607 2813 3661 nostros
2851 3596 3156 3660 habebat

691 3707 880 3787 quod
940 3705 1343 3786 hujusmodi
1403 3714 1773 3786 apostatae
1823 3723 1901 3768 se
1952 3714 2029 3768 ut
2078 3706 2400 3769 homines
2450 3703 2829 3767 Societatis
2868 3713 3154 3770 nostrae

689 3815 1173 3893 venditabant,
1208 3814 1396 3894 apud
1427 3831 1551 3876 eos
1580 3813 2023 3893 praesertim,
2057 3812 2309 3892 quibus
2349 3810 2668 3876 Societas
2707 3828 2959 3892 parum
3000 3821 3155 3873 erat

685 3933 885 3986 nota.

815 4027 989 4092 1203.
1077 4028 1218 4092 Sub
1267 4029 1546 4093 initium
1585 4029 1905 4091 autumni
1932 4044 2074 4090 una
2123 4046 2215 4090 ex
2251 4027 2563 4107 quinque
2601 4026 2929 4105 navibus,
2964 4040 3149 4104 quae

685 4135 1048 4216 profectae
1076 4135 1355 4199 fuerant
1395 4154 1486 4199 ex
1527 4134 1747 4212 India,
1780 4135 1853 4198 in
1882 4134 2391 4214 Portugalliam
2435 4134 2783 4213 pervenit;
2816 4141 2887 4195 et
2914 4147 3152 4211 quam-

685 4245 800 4308 vis
821 4245 1097 4308 litteras
1119 4244 1348 4307 nullas
1372 4243 1799 4322 acceperint,
1828 4243 1950 4322 qui
1966 4241 2410 4322 provinciam
2432 4240 2913 4320 Portugalliae
2939 4237 3156 4302 admi-

681 4352 1108 4431 nistrabant,
1142 4349 1330 4432 quod
1360 4351 1518 4414 aliis
1547 4350 1852 4413 navibus
1884 4349 2185 4412 traditae
2204 4348 2507 4426 fuerant,
2536 4347 2885 4428 quaedam
2914 4354 3153 4408 tamen

761 4711 780 4742 ¹
865 4708 977 4760 Sit-5
999 4707 1116 4751 vide
1142 4714 1316 4750 tamen
1336 4716 1512 4760 supra.
1537 4717 1657 4760 pag.
1678 4706 1772 4756 528,
1795 4717 1842 4748 n.
1867 4705 1987 4748 1122.
