3742 5392
1611 487 1739 545 ΑΝ.
1785 488 1928 547 1554
2905 490 3012 547 107

528 634 911 709 evangelio
940 681 956 711 ,
982 642 1052 696 et
1087 682 1101 710 ,
1138 652 1179 696 a
1210 633 1511 714 prandio
1546 682 1559 709 ,
1595 632 1681 697 de
1710 634 2183 713 explicatione
2222 633 2565 697 orationis
2604 634 3003 697 dominicae

530 749 849 817 acturuS,
882 739 1147 803 utiliter
1176 739 1571 803 audiendus
1593 738 1992 804 videbatur.
2141 746 2152 755 ·

654 846 795 909 203.
884 846 1061 910 Cum
1108 845 1450 927 Magister
1504 845 1819 928 Joannes
1878 846 2246 926 ValeriuS,
2298 848 2417 927 qui
2466 848 2740 929 primae
2789 850 3005 912 classi

531 964 903 1034 praeerat,
937 964 1006 1017 et
1035 971 1199 1017 cum
1240 952 1477 1017 latinis
1514 954 1773 1018 litteris
1811 969 2117 1033 graecas
2153 952 2658 1034 conjungebat,
2704 973 2796 1019 ex
2843 973 3009 1036 qua·
3045 946 3062 957 “

532 1063 703 1126 dam
730 1061 1121 1141 agitatione
1151 1060 1474 1141 corporis
1505 1060 1908 1124 vehementi
1937 1060 2361 1140 sanguinem
2387 1078 2716 1126 evomere
2741 1064 3006 1142 coepis-

534 1180 670 1247 set,
702 1177 773 1232 et
800 1168 965 1249 quia
989 1184 1252 1230 venam
1274 1166 1590 1248 aliquam
1614 1166 1988 1247 abruptam
2009 1184 2167 1231 esse
2189 1168 2422 1232 timeri
2444 1178 2746 1249 poterat,
2773 1172 3008 1233 lectio-

536 1293 705 1339 num
736 1275 939 1339 labor
966 1275 1101 1355 ipsi
1132 1273 1528 1355 prohibitus
1556 1282 1743 1337 esset
1760 1284 1783 1353 ,'
1806 1292 1901 1337 ex
1929 1274 2206 1338 duabus
2235 1275 2581 1339 classibus
2609 1276 2680 1340 in
2713 1277 3010 1341 alteram

532 1382 814 1446 collecti
863 1381 1190 1462 fuerunt,
1232 1382 1347 1445 cui
1390 1389 1723 1461 praeerat
1764 1379 2110 1461 Magister
2151 1381 2466 1464 Joannes
2507 1382 2864 1463 Ignatius3
2917 1394 3008 1462 et,

536 1488 867 1570 quamvis
895 1504 1161 1568 graeca
1190 1488 1402 1551 lectio
1435 1488 1696 1551 omissa
1726 1498 1836 1552 est
1859 1536 1874 1567 ‚
1909 1488 2270 1552 auditores
2309 1496 2547 1553 tamen
2574 1507 2717 1553 non
2755 1491 3011 1554 disces·
3043 1502 3052 1511 ·

531 1604 783 1660 serunt
840 1595 1099 1671 donee,
1133 1595 1653 1659 convalescens
1684 1595 1814 1658 sub
1844 1594 2015 1658 anni
2051 1594 2262 1659 finem
2301 1595 2615 1679 Joannes
2652 1594 3008 1675 ValeriuS,

530 1702 727 1783 quod
756 1711 1113 1783 coeperat,
1146 1710 1629 1782 prosequutus
1656 1710 1765 1765 est
1797 1700 1839 1765 ¹.

654 1806 797 1874 204.
884 1808 1065 1873 Cum
1094 1806 1511 1872 sacerdotes
1541 1809 1631 1872 ab
1655 1825 1870 1872 onere
1894 1809 2321 1873 concionum
2343 1818 2579 1874 essent
2598 1810 2823 1889 liberi,
2849 1812 3012 1873 libe-

538 1918 691 1981 rius
718 1916 1087 1981 audiendis
1132 1914 1731 1993 confessionibus,
1768 1916 2192 1997 praesertim
2221 1926 2386 1980 ante
2414 1916 2671 1981 festum
2700 1918 3014 1981 omnium

536 2023 967 2088 Sanctorum
1022 2032 1093 2087 et
1143 2022 1417 2087 Natalis
1468 2022 1799 2102 Domini,
1860 2023 2256 2104 perutiliter
2313 2025 2792 2089 elaborarunt.
2854 2025 3014 2090 Non

540 2132 867 2196 omittam
908 2128 1133 2210 quod,
1182 2146 1345 2193 cum
1382 2130 1586 2193 initio
1623 2128 1829 2211 hujus
1883 2131 2050 2193 anni
2099 2128 2174 2193 P.
2224 2130 2538 2213 Joannes
2588 2132 3014 2196 Laurentius

536 2237 1071 2317 praedicatione
1100 2246 1171 2299 et
1200 2237 1570 2317 colloquiis
1598 2238 1886 2314 mult05‚
1921 2238 2136 2300 etiam
2175 2256 2266 2301 ex
2307 2239 2686 2315 nobilibus,
2731 2238 2822 2301 ad
2865 2257 3012 2302 cre-

538 2346 748 2408 brum
794 2361 1000 2409 usum
1040 2342 1505 2408 confessionis
1546 2354 1615 2407 et
1654 2343 2172 2408 communionis
2213 2344 2596 2409 adduceret
2623 2395 2637 2423 ,
2671 2346 3014 2410 nihilomi-

538 2468 678 2515 nus
716 2452 935 2532 aliqui
972 2468 1067 2515 ex
1103 2451 1253 2524 his,
1296 2451 1417 2532 qui
1456 2452 1908 2519 occasionem
1949 2452 2514 2533 reprehendendi
2551 2454 3010 2533 quaerebant,

538 2559 778 2638 aliqua
801 2558 1235 2622 adnotarunt
1256 2574 1437 2638 quae
1460 2559 1577 2621 vel
1613 2561 2049 2640 apocrypha,
2077 2560 2194 2623 vel
2215 2576 2469 2639 parum
2489 2558 2716 2623 solida
2739 2576 2896 2623 esse
2918 2558 3015 2623 di·

538 2666 799 2729 cebant
826 2674 897 2729 et
925 2664 1338 2742 irridebant;
1374 2673 1466 2743 et,
1494 2682 1658 2729 cum
1687 2666 1823 2729 hoc
1854 2666 1944 2729 ad
1968 2666 2404 2747 Episcopum
2427 2668 2778 2746 perlatum
2801 2677 3021 2759 esset,-

540 2772 818 2837 socium
856 2787 1061 2836 suum
1104 2772 1519 2851 religiosum
1558 2772 1649 2835 ad
1686 2789 1848 2837 eum
1888 2773 2140 2837 crebro
2189 2773 2616 2837 audiendum
2666 2773 2768 2836 ire
2809 2772 3021 2853 J‘ussit

540 2887 651 2955 ut,
682 2878 744 2943 si
771 2879 943 2960 quid
984 2879 1401 2943 observaret
1431 2879 1910 2944 admonitione
1940 2880 2266 2959 dignum,
2316 2881 2547 2961 ipsum
2578 2881 3017 2945 admoneret.

662 2984 805 3049 205.
894 2986 1243 3051 Primaria
1274 2986 1627 3066 quaedam
1656 2998 1984 3051 matrona
2013 2988 2434 3052 mutinensis
2461 3000 2529 3052 et
2556 2989 2629 3052 in
2652 2989 2866 3052 rebus
2888 2990 3023 3070 spi·

542 3093 919 3157 ritualibus
952 3094 1135 3157 dona
1169 3093 1432 3157 eximia
1462 3112 1506 3156 a
1536 3092 1673 3157 Dei
1710 3094 2146 3174 benignitate
2183 3096 2469 3173 sortita,
2516 3112 2682 3159 cum
2721 3096 3023 3176 pristina

545 3200 1033 3265 consolatione
1082 3218 1125 3263 a
1168 3199 1322 3263 Deo
1371 3202 1657 3282 privata
1678 3250 1693 3279 ,
1747 3220 1833 3265 ac
1888 3202 2184 3281 proinde
2232 3219 2378 3266 non
2445 3219 2700 3282 parum
2763 3202 3026 3267 afflicta

542 3316 757 3385 esset,
790 3303 869 3368 Ρ.
902 3306 1178 3386 Ignatio
1210 3307 1498 3388 scripsit
1530 3315 1598 3371 et
1628 3308 1975 3372 auxilium
2015 3310 2414 3372 orationum
2458 3309 2547 3371 ab
2588 3326 2674 3373 eo
2713 3311 3022 3390 postula·

542 3414 672 3477 vit.
707 3413 885 3478 Cum
934 3422 1172 3477 autem
1207 3413 1283 3477 P.
1329 3414 1685 3494 Ignatius,
1742 3414 1832 3477 ad
1873 3413 2249 3479 Rectorem
2279 3415 2576 3494 Collegii
2604 3416 2924 3479 scribens
2973 3415 3024 3477 ’2

540 3520 771 3585 eidem
799 3518 1224 3601 injunxisset
1254 3529 1330 3584 ut
1374 3520 1537 3584 huic
1568 3533 1964 3600 matronae,
2000 3540 2181 3602 quae
2212 3522 2532 3586 Barbara
2559 3520 2880 3587 Pezzana
2926 3500 3026 3586 di·

542 3625 866 3705 cebatur,
902 3626 1354 3691 renunciaret
1384 3644 1460 3690 se
1488 3627 1682 3690 facto
1721 3628 1954 3709 potius
1981 3644 2196 3707 quam
2225 3628 2466 3691 verbis
2500 3628 2756 3693 litteris
2799 3630 3023 3709 ipsius

543 3749 1077 3815 responsurum,
1110 3733 1268 3797 aliis
1295 3734 1549 3797 litteris
1572 3732 1817 3797 eadem
1843 3732 2162 3798 Barbara
2185 3745 2444 3798 testata
2468 3744 2577 3799 est
2599 3735 2841 3799 statim
2865 3754 2992 3799 sen
3007 3759 3026 3769 ·

544 3840 727 3903 sisse
757 3839 1085 3904 effectum
1114 3850 1185 3903 et
1212 3840 1519 3905 fructum
1551 3842 1953 3905 orationum
1989 3850 2059 3904 et
2097 3841 2431 3906 sacrificii
2488 3842 2750 3906 Missae
2782 3860 2913 3923 pro
2939 3860 3024 3906 ea

546 3948 791 4025 oblati,
824 3956 895 4011 et
924 3964 1262 4027 magnam
1292 3964 1368 4011 se
1397 3948 1651 4027 lucem,
1686 3948 1776 4011 ad
1806 3949 2384 4027 cognoscendam
2413 3949 3018 4030 imperfectionem

546 4071 753 4117 suam
782 4062 853 4117 et
880 4054 1072 4118 vitae
1104 4062 1476 4118 anteactae
1506 4053 1844 4133 defectu5‚
1880 4056 2248 4136 accepisse
2277 4065 2606 4131 testatur,
2633 4066 2703 4120 et
2733 4056 3016 4120 demum

548 4160 759 4224 facile
787 4171 894 4225 est
923 4179 1014 4225 ex
1043 4159 1194 4241 eJ’us
1221 4161 1478 4225 litteris
1507 4161 1860 4242 conjicere
1885 4161 2072 4242 quod
2098 4163 2169 4225 in
2193 4161 2587 4243 profundae
2607 4164 3026 4227 humilitatis

632 4436 649 4467 ¹
706 4434 890 4488 joanni
911 4436 1129 4481 Valerio
1149 4436 1211 4480 de
1235 4444 1551 4491 recuperata
1588 4437 1890 4481 valetudine
1921 4439 2249 4491 gratulatur.
2270 4438 2528 4492 quaedam
2556 4439 2752 4483 addens
2797 4440 3028 4488 consilia.

556 4506 827 4559 Polaticus.
848 4518 917 4551 ex
935 4518 1087 4558 eom..
1104 4508 1187 4552 die
1210 4508 1281 4552 1.⁸
1300 4506 1605 4552 Decembris
1627 4508 1908 4563 eademque
1929 4509 2011 4552 dle
2033 4509 2180 4554 Patri
2199 4508 2438 4564 Philippo
2448 4508 2673 4563 Leerno‚
2695 4510 2912 4561 flandro.
2933 4509 3032 4553 Re·

548 4558 702 4631 'etot-l,
721 4580 931 4634 scripsit
950 4580 1014 4623 de
1035 4579 1185 4623 modo
1205 4580 1413 4623 scholas
1432 4579 1649 4633 regendi
1670 4586 1723 4623 et
1743 4579 2022 4631 dividendi.
2044 4580 2164 4624 dum
2184 4592 2216 4625 a
2236 4581 2450 4625 docendi
2482 4582 2660 4625 labore
2677 4580 2928 4627 Valerius
2946 4583 3038 4625 ab-

542 4650 740 4693 stinere
760 4656 1040 4705 cogeretur
1056 4650 1242 4695 -Vlde
1262 4661 1438 4705 supra,
1461 4662 1581 4705 pag.
1604 4649 1697 4705 10²2,
1718 4662 1767 4694 n.
1794 4651 1886 4703 192,
1910 4659 2082 4695 annot.
2109 4654 2146 4695 1.

631 4722 655 4753 Ω
715 4720 891 4769 Datne
910 4726 1033 4767 sunt
1054 4722 1154 4767 hae
1175 4721 1385 4767 litterae
1408 4721 1461 4767 10
1478 4721 1789 4767 Novembris
1811 4723 1934 4767 155⁴.
