3742 5392
660 437 702 490 ὸ·
1575 427 1832 490 Canon.
1874 427 2028 490 Soc.
2068 429 2209 504 Jsss.

667 577 962 641 tentiam
989 593 1068 639 se
1096 575 1565 656 significavit3
1598 583 1845 656 postea
1877 586 2116 639 tamen
2148 576 2338 656 quod
2376 592 2523 639 non
2564 575 2852 638 omnino
2893 574 3133 638 animo

668 683 1230 764 conquievisset,
1263 683 1442 747 satis
1471 699 1645 764 prae
1676 699 1754 747 se
1783 683 1965 765 tulit,
2000 693 2069 746 et
2098 683 2175 747 P.
2210 682 2532 764 Ignatius
2558 681 2741 762 Regi
2763 680 3131 762 Portugal-

668 791 804 854 liae
835 790 1155 856 scribens
1183 790 1383 854 initio
1411 790 1604 874 Junii
1636 790 1902 854 mensis
1944 789 1986 870 ¹,
2021 791 2253 871 ipsum
2291 791 2624 854 admonet
2663 790 2851 870 quod
2892 805 3129 870 quam·

666 899 779 962 vis
829 898 1084 962 evitari
1131 915 1276 962 non
1323 898 1714 979 potuerint,
1760 907 2052 979 propter
2092 897 2460 979 ingenium
2510 897 2816 962 hominis
2857 909 2927 960 et
2969 894 3133 960 affe-

668 1016 892 1080 ctum,
940 1022 1151 1086 quem
1189 1022 1280 1069 ex
1321 1003 1761 1085 Portugallia
1805 1006 2175 1085 attulerat,
2220 1005 2499 1086 aliquae
2543 1005 2945 1083 molestiae,
2984 1000 3134 1084 jam

667 1123 910 1177 tamen
937 1113 1174 1177 omnia
1206 1129 1364 1176 esse
1407 1112 1807 1194 composita
1853 1121 1924 1176 et
1973 1113 2221 1177 utilem
2261 1111 2283 1142 ²
2327 1129 2617 1194 operam
2662 1111 2754 1174 ad
2796 1111 2869 1175 id
2908 1110 3135 1193 Lega-

667 1230 821 1284 tum
855 1219 1078 1302 Regis
1116 1219 1500 1284 Dominum
1542 1219 1921 1284 Alfonsum
1965 1220 2053 1284 de
2090 1220 2578 1296 AllencastrO,
2632 1219 2752 1300 qui
2792 1217 3134 1299 maj0rem

667 1327 1240 1408 praeceptoriam
1290 1327 1560 1391 ordinis
1600 1325 1873 1392 Christi
1914 1326 2222 1392 habebat
2272 1325 2318 1407 ⁸,
2362 1335 2432 1391 et
2471 1326 2928 1391 Cardinalem
2964 1325 3131 1390 Car-

668 1451 958 1515 pensem
987 1431 1014 1465 ⁴
1041 1443 1520 1516 protectorem
1548 1434 1966 1512 contulisse,
1999 1444 2070 1499 et
2094 1433 2243 1516 jam
2273 1435 2506 1516 ipsum
2536 1432 2611 1498 P.
2644 1432 3003 1498 Simonem
3042 1432 3132 1497 ad

669 1542 907 1606 omnia
930 1590 945 1620 ,
992 1559 1174 1623 quae
1214 1542 1618 1606 obedientia
1659 1543 2211 1623 praescriberet,
2254 1553 2587 1624 paratum
2624 1556 2814 1620 esse;
2857 1548 2926 1603 et
2967 1540 3131 1621 quia

667 1648 1205 1730 Hierosolymas
1234 1649 1350 1712 ille
1381 1647 1553 1731 [ire]
1585 1650 2086 1728 constituerat,
2118 1649 2394 1714 litteras
2424 1649 2493 1714 ei
2520 1657 2846 1728 patentes
2874 1645 2898 1678 ⁸
2927 1657 2997 1712 et
3024 1665 3131 1712 so-

669 1757 857 1820 cium
882 1753 908 1788 ⁸
937 1775 1023 1820 ac
1053 1757 1396 1820 viaticum
1426 1755 1501 1820 P.
1535 1757 1856 1837 Ignatius
1908 1756 2425 1838 providendum
2467 1757 2771 1821 curavit.
2815 1754 2995 1821 Cum
3032 1763 3131 1819 ta·

667 1880 833 1927 men
866 1862 1211 1928 Venetias
1239 1862 1710 1945 pervenisset,
1743 1864 2009 1944 partim
2036 1863 2343 1928 adversa
2385 1863 2792 1928 valetudine
2815 1911 2830 1941 ,
2870 1861 3134 1942 partim

667 1971 828 2036 aliis
857 1971 945 2034 de
975 1971 1212 2036 causis
1242 1970 1295 2051 ¹,
1330 1972 1406 2036 in
1433 1971 1685 2035 itinere
1715 1987 2143 2052 progressus
2168 1989 2315 2036 non
2342 1980 2473 2036 est.
2876 1965 2885 1973 '

788 2079 852 2143 7.
937 2077 1189 2143 Socius
1217 2078 1440 2160 ipsius
1471 2075 1526 2156 ⁸,
1559 2076 1636 2140 P.
1669 2076 2012 2142 Melchior
2042 2079 2425 2157 CarneruS,
2466 2078 2549 2142 24
2587 2078 2783 2162 Junii
2808 2078 2881 2141 in
2910 2077 3129 2141 mani-

667 2186 799 2249 bus
827 2185 905 2251 P.
947 2185 1224 2250 Nicolai
1260 2185 1348 2248 de
1387 2184 1758 2250 Bobadilla
1802 2183 1827 2215 ⁹
1864 2184 2380 2266 professionem
2416 2186 2457 2248 4
2497 2195 2831 2249 votorum
2870 2185 3127 2262 emisit,

667 2311 828 2357 cum
857 2294 1274 2374 designatus
1303 2302 1492 2356 esset
1520 2311 1664 2356 non
1694 2294 1927 2356 solum
1966 2293 2039 2356 in
2078 2293 2351 2357 socium
2388 2295 2513 2358 sed
2552 2294 2765 2358 etiam
2804 2294 2878 2358 in
2922 2294 3129 2358 coad-

659 2399 966 2480 iutorem
996 2400 1459 2465 Patriarchae
1494 2398 1562 2460 ¹⁰.
1596 2399 1736 2464 Sed
1767 2411 1836 2462 et
1865 2401 2155 2480 quidam
2186 2401 2339 2481 alii,
2372 2402 2466 2465 ad
2495 2401 2683 2466 hanc
2712 2401 2940 2482 ipsam
2972 2401 3132 2465 mis-

665 2509 938 2572 sionem
985 2507 1488 2588 Aethiopicam
1536 2508 1907 2585 destinati,
1954 2508 2472 2589 professionem
2510 2509 2645 2574 hoc
2690 2527 2877 2574 anno
2920 2508 3134 2571 trium

669 2625 1002 2680 votorum
1029 2615 1301 2680 Romae
1331 2616 1750 2695 emiserunt,
1784 2616 1968 2679 inter
1996 2633 2179 2696 quos
2206 2616 2339 2680 fuit
2369 2615 2445 2680 P.
2484 2617 2798 2700 Joannes
2838 2616 3131 2692 Bochiu,

665 2724 910 2804 belga,
951 2732 1022 2787 et
1063 2722 1140 2786 P.
1183 2722 1491 2787 Michael
1529 2723 1774 2800 Barul,
1832 2723 2270 2802 valentinuS,
2316 2723 2607 2788 Perusio
2644 2725 2736 2788 ad
2773 2723 3134 2804 Aethiopi-

664 2848 828 2895 cam
857 2831 1268 2895 missionem
1291 2840 1656 2908 evocatuS,
1683 2829 1772 2894 de
1795 2847 1938 2910 qua
1959 2831 2172 2911 paulo
2197 2829 2493 2895 inferius
2519 2829 2586 2894 ¹¹.
2613 2829 3137 2895 Professionem

667 2939 882 3002 etiam
912 2939 1147 3002 emisit
1182 2938 1257 3000 14
1277 2936 1713 3019 Septembris
1734 2936 1811 3000 P.
1838 2936 2397 3019 Christophorus
2420 2937 2505 3002 de
2528 2938 2871 3002 Mendoza
2896 2939 2971 3002 in
2992 2955 3137 3002 ma-

666 3046 876 3109 nibus
905 3044 981 3108 P.
1016 3045 1308 3126 Laynez
1326 3095 1340 3124 ,
1375 3062 1539 3109 cum
1569 3063 1658 3108 ex
1687 3045 2037 3126 Hispania
2064 3044 2367 3108 Romam
2395 3044 2711 3109 venisset
2750 3055 2820 3109 et
2847 3045 2921 3108 in
2951 3043 3137 3108 Afri-

755 3399 772 3431 ¹
829 3397 940 3442 Has
960 3395 1153 3452 Ignatii
1174 3396 1242 3440 ad
1264 3395 1461 3449 Regem
1483 3393 1842 3449 portugalliae
1865 3396 2075 3440 litteras
2097 3397 2321 3439 nondum
2340 3397 2644 3451 reperimus.
2666 3397 2817 3440 Alias
2839 3397 2955 3440 vide
2980 3397 3035 3440 26
3053 3396 3143 3449 Ju-

671 3471 726 3514 iii
749 3469 904 3514 datas
924 3470 976 3513 in
998 3467 1188 3512 Cartas
1209 3468 1276 3511 de
1302 3467 1413 3510 San
1433 3466 1673 3520 Ignacto,
1693 3473 1730 3510 t.
1751 3479 1825 3516 ιν.
1843 3479 1966 3522 pag.
1988 3467 2083 3512 251.

749 3541 773 3574 ¹
829 3543 882 3584 et
903 3540 1094 3585 utilem
1117 3538 1335 3583 inseruit
1356 3550 1510 3584 manu
1530 3539 1744 3593 propria
1769 3539 2035 3583 Polaticus».

747 3614 772 3648 ⁸
827 3614 922 3667 qui
943 3611 1203 3666 majorem
1223 3611 1658 3666 praeceptorium
1679 3611 1892 3654 ordinis
1914 3609 2114 3654 Christi
2132 3610 2382 3663 habebat,
2400 3611 2758 3658 Comendador
2779 3623 2959 3670 mayor
2990 3613 3051 3656 de
3090 3613 3141 3655 la

669 3685 844 3730 Orden
866 3685 1104 3736 (militar)
1125 3683 1186 3726 de
1209 3681 1398 3727 cristo.
1422 3682 1556 3726 Vide
1579 3681 1770 3726 cartas
1792 3684 1858 3725 de
1876 3682 1985 3724 San
2006 3683 2243 3736 lgnacio,
2264 3691 2298 3728 t.
2316 3696 2388 3736 xv.
2410 3696 2531 3739 pag.
2550 3685 2646 3730 245.
2664 3685 2800 3729 Vide
2816 3685 2977 3730 etiam
2992 3684 3147 3734 infra.

681 3770 729 3801 n.
755 3757 819 3810 14,
843 3761 1017 3800 annot.
1039 3755 1082 3800 2.

754 3828 776 3859 ⁴
833 3827 1162 3882 Carpensem
1185 3827 1419 3870 additum
1440 3838 1473 3871 a
1495 3825 1738 3870 Polanco.
1757 3826 1809 3870 ls
1831 3835 1949 3870 erat
1970 3826 2272 3880 Roduiphns
2294 3826 2415 3872 Pius
2434 3827 2497 3870 de
2519 3825 2694 3882 Carpi.

752 3901 774 3932 ⁵
829 3899 938 3944 Eas
962 3899 1080 3943 vide
1099 3899 1153 3942 in
1176 3898 1368 3943 Cartas
1384 3899 1452 3942 de
1473 3898 1584 3941 San
1603 3897 1840 3955 Ignacio,
1859 3906 1898 3942 t.
1918 3910 1992 3952 iv,
2014 3909 2135 3954 pag.
2155 3899 2237 3942 458
2258 3905 2309 3942 et
2335 3898 2425 3943 186.

751 3970 776 4006 ⁸
833 3970 884 4015 Is
905 3976 1020 4016 erat
1041 3970 1250 4025 quidam
1270 3969 1624 4023 Sebastianum
1647 3981 1711 4013 ex
1730 3969 2058 4025 Guipuzcoae
2078 3969 2131 4014 in
2164 3969 2417 4025 Hispania
2448 3970 2722 4024 provincia
2739 4003 2751 4026 ‚
2788 3971 3023 4026 clericus,
3052 3969 3138 4025 qui

674 4045 832 4088 Petro
850 4044 912 4087 de
933 4043 1126 4086 Zarate
1147 4041 1428 4086 famulatus
1447 4041 1636 4085 fuerat.
1657 4040 1740 4084 Ita
1759 4041 1812 4085 in
1832 4041 2060 4093 Polanci,
2084 4051 2149 4084 ex
2169 4051 2317 4093 com„
2336 4040 2529 4085 litteris
2563 4041 2631 4085 ad
2667 4040 2724 4087 P.
2758 4039 3019 4087 Simonem
3046 4041 3146 4084 Ro-

677 4116 908 4170 driguez.
2472 4157 2479 4162 .

751 4187 772 4218 “¹
831 4185 974 4231 Inter
997 4186 1131 4230 alias
1151 4197 1340 4230 causas
1361 4197 1460 4230 una
1483 4187 1579 4230 suit
1601 4194 1652 4229 et
1675 4186 1881 4240 quidem
1902 4187 2196 4240 praecipua.
2217 4185 2351 4238 quod
2373 4191 2489 4228 tuta
2508 4197 2611 4228 non
2630 4192 2750 4229 erat
2784 4191 3004 4240 propter
3032 4191 3139 4229 tur-

670 4270 766 4304 cas
798 4259 1033 4312 hispanis
1067 4259 1336 4310 navigatio
1370 4259 1423 4302 in
1465 4257 1688 4301 Terram
1728 4257 2005 4300 Sanctam.
2041 4257 2173 4300 Vide
2211 4256 2362 4304 infra.
2395 4267 2478 4300 nn.
2512 4255 2707 4311 261-269,
2737 4263 2790 4300 et
2821 4257 3026 4311 corrig-e
3056 4256 3148 4302 Or·

675 4331 958 4381 landinum.
981 4330 1067 4385 qui
1087 4329 1183 4374 soli
1204 4329 1462 4374 adversae
1487 4329 1708 4373 Simonis
1729 4329 2017 4372 valetudini
2041 4329 2224 4373 tribuit
2245 4328 2411 4382 (Hist.
2444 4327 2577 4379 Soc„
2604 4328 2695 4372 lib.
2718 4339 2825 4382 xcv,
2861 4341 2911 4372 n.
2940 4329 2985 4381 6)
3014 4329 3148 4384 quod

675 4401 1074 4458 Hierosoly-mas
1096 4402 1306 4445 tandem
1327 4412 1427 4445 non
1448 4400 1762 4456 perrexerit.

758 4471 784 4507 ⁸
837 4474 893 4517 Ρ.
916 4473 1138 4518 Simonis
1157 4473 1449 4526 Rodriguez
1471 4473 1522 4516 in
1544 4473 1729 4516 itinere
1751 4482 1816 4514 ex
1834 4471 2177 4525 Portugallia.

755 4543 780 4576 ⁰
839 4547 1165 4602 Aeg-rotabat
1187 4546 1436 4600 ignatius.
1461 4545 1546 4600 qui
1567 4553 1809 4597 magnam
1832 4543 1985 4597 hujus
2003 4543 2125 4586 anni
2146 4550 2351 4597 partem
2372 4545 2508 4588 lecto
2530 4544 2843 4588 decumbens
2863 4541 3053 4596 exegit.

747 4619 792 4651 ¹⁰
849 4619 1188 4663 Patriarchae
1212 4617 1542 4671 Aethiopiae,
1566 4627 1655 4668 sc„
1678 4614 1852 4658 Patris
1871 4613 1900 4666 J
1906 4615 2085 4658 oannis
2104 4613 2293 4658 Nufiez.

745 4689 788 4722 *ί
847 4690 995 4735 Num.
1019 4691 1084 4734 15.
