3742 5392
1651 484 1778 541 Aa.
1823 484 1962 543 1554
2928 482 3031 583 38l

575 630 782 709 legiis
833 630 1327 710 proveniebat3
1373 639 1442 693 et
1485 628 1722 709 ajebat
1765 630 1951 709 quod
2004 640 2150 693 tam
2198 630 2776 694 Conimbricense
2818 648 3031 711 quam

573 738 714 800 alia
770 738 1070 817 collegia
1123 746 1367 801 nostra
1410 752 1714 815 magnas
1759 746 1997 800 essent
2048 738 2651 801 contradictiones
2698 756 3027 819 passura,

573 854 950 924 propterea
983 845 1169 924 quod
1207 845 1384 907 haec
1415 845 1696 922 classis,
1741 860 1951 925 quam
1984 843 2059 907 P.
2106 844 2425 923 Ignatius
2454 854 2702 908 contra
2748 846 3031 911 daemo-

569 968 730 1015 nem
762 952 1226 1029 instruxerat,
1262 950 1489 1031 major
1519 960 1674 1015 erat
1702 968 1915 1031 quam
1956 950 2302 1015 hactenus
2330 952 2677 1016 instructa
2716 970 3027 1033 unquam

571 1059 840 1137 fuisset;
873 1060 1253 1139 praecipue
1277 1070 1514 1122 tamen
1537 1057 2096 1122 Salmanticense
2120 1056 2513 1137 Collegium
2538 1070 2607 1122 et
2630 1058 3032 1125 Parisiense

571 1167 748 1229 bene
775 1166 1057 1229 fundari
1088 1166 1400 1245 optabat,
1434 1165 1620 1245 quod
1651 1165 1881 1227 fontes
1910 1176 2145 1229 essent
2176 1166 2595 1246 litterarum,
2629 1176 2699 1231 et
2729 1168 2821 1231 ad
2851 1185 3039 1249 quas

573 1270 796 1351 major
827 1283 1283 1335 externorum
1312 1273 1677 1335 hominum
1705 1271 1906 1335 fieret
1938 1290 2330 1335 concursus
2362 1270 2403 1331 ¹.

684 1378 826 1441 818.
915 1380 1105 1443 Idem
1137 1380 1212 1442 P.
1250 1379 1604 1442 Antonius
1635 1380 1925 1443 missum
1966 1398 2041 1442 se
2082 1378 2595 1444 Salmanticam
2639 1383 2873 1445 studia
2906 1384 3023 1446 ab·

570 1487 890 1550 solvendi
929 1488 1165 1564 gratia
1205 1488 1481 1562 scribit,
1528 1496 1597 1549 et
1635 1504 1796 1549 cum
1843 1504 2123 1549 summa
2172 1504 2301 1549 sua
2351 1489 2834 1552 consolatione
2882 1508 3027 1553 non

567 1605 844 1657 tantum
867 1604 1276 1657 nostrorum
1306 1594 1427 1657 sed
1459 1595 1674 1657 etiam
1701 1605 2159 1657 externorum
2182 1596 2767 1659 scholasticorum
2797 1598 3023 1677 profe-

567 1712 758 1764 ctum
797 1719 872 1764 se
901 1702 1170 1777 videre,
1204 1719 1362 1764 cum
1401 1702 1979 1764 numerosissima
2013 1703 2129 1764 illa
2156 1701 2493 1781 juventus
2522 1703 3027 1767 Universitatis

567 1807 1146 1871 Salmanticensis
1193 1828 1282 1871 ex
1334 1810 1582 1871 crebro
1621 1818 2237 1872 sacramentorum
2282 1827 2412 1873 usu
2451 1818 2724 1873 tantam
2762 1810 3025 1875 habere

567 1926 758 1979 recte
789 1934 873 1978 ac
904 1918 1216 1979 studiose
1245 1916 1534 1978 vivendi
1563 1916 1912 1978 rationem
1940 1916 2237 1991 videret,
2274 1927 2349 1979 ut
2380 1926 2653 1980 tantam
2680 1917 3019 1981 reforma-

563 2024 858 2103 tionem,
911 2042 1000 2085 ex
1041 2041 1178 2103 quo
1219 2022 1774 2086 Universitatem
1815 2032 2256 2101 cognoverat
2304 2023 2557 2101 (fuerat
2600 2033 2837 2087 autem
2872 2006 3031 2104 ejus

563 2130 825 2193 Rector
855 2140 1018 2194 ante
1049 2132 1446 2209 ingressum
1480 2130 1550 2192 in
1579 2128 2054 2208 Societatem),
2088 2147 2473 2210 numquam
2498 2132 2812 2195 vidisset.

677 2236 820 2300 819.
905 2238 1010 2301 Illi
1035 2250 1270 2300 autem
1297 2237 1561 2315 PatreS,
1583 2238 1701 2317 qui
1725 2238 1949 2299 Roma
1968 2240 2038 2299 in
2057 2237 2509 2317 Aethiopiam
2535 2239 3021 2319 mittebantur,

559 2362 701 2407 non
746 2346 971 2409 solum
1005 2354 1291 2409 nostros
1321 2345 1527 2407 valde
1557 2345 1906 2407 consolati
1936 2356 2122 2423 sunt,
2164 2345 2289 2407 sed
2334 2347 2548 2408 talem
2590 2346 2699 2408 sui
2730 2346 3020 2409 odorem

559 2454 1016 2533 reliquerunt,
1051 2462 1124 2515 ut
1154 2442 1397 2515 omnes
1425 2452 1650 2515 nostri
1680 2452 2264 2515 salmanticenses
2304 2452 2537 2515 studio
2576 2453 2885 2532 quodam
2915 2454 3014 2516 in-

561 2560 902 2623 flammati
929 2560 1186 2623 suerint
1218 2560 1438 2623 vitam
1469 2558 1622 2622 Deo
1655 2560 1726 2622 in
1758 2576 1973 2637 opere
2002 2568 2147 2621 tam
2178 2568 2427 2621 sancto
2462 2559 2892 2622 immolandi.

679 2666 820 2729 820.
909 2666 1108 2729 Missi
1139 2676 1300 2730 sunt
1346 2676 1581 2729 autem
1625 2676 1928 2744 quatuor
1957 2684 2047 2727 ex
2084 2663 2421 2728 fratribus
2462 2667 3022 2729 salmanticensi·

561 2776 690 2837 bus
720 2792 882 2837 curn
911 2774 988 2836 P.
1031 2774 1577 2836 Bartholomaeo
1609 2773 1694 2835 de
1733 2772 2195 2836 Bustamante
2238 2771 2259 2803 ³
2300 2773 2391 2835 ad
2430 2790 2693 2836 novam
2732 2774 3015 2836 domum

555 2882 1019 2961 probationiS,
1054 2897 1269 2961 quam
1299 2879 1372 2943 P.
1405 2880 1834 2943 Franciscus
1863 2880 1964 2959 (ut
1993 2880 2285 2943 inferius
2307 2880 2581 2943 dicetur
2627 2878 2673 2958 ³)
2700 2880 3017 2943 institue·

555 2989 701 3067 bat,
747 3006 928 3067 quae
961 3005 1074 3050 res
1109 3004 1541 3067 magnopere
1572 2988 1646 3050 in
1686 2988 2031 3067 Hispania
2065 2987 2471 3050 necessaria
2504 2986 2903 3067 videbatur;
2945 3000 3013 3051 et

553 3095 880 3175 quamvis
905 3094 1234 3173 angustia
1266 3111 1506 3158 rerum
1537 3094 2102 3157 necessariarum
2119 3092 2595 3157 salmanticae
2618 3110 3013 3174 premeren-

556 3212 691 3281 tur,
717 3202 815 3265 illi
847 3211 1084 3264 tamen
1115 3219 1320 3265 suum
1349 3202 1734 3265 subsidium
1761 3202 2126 3265 miserunt.

607 3372 612 3377 .
673 3307 815 3372 821.
903 3308 1080 3373 Cum
1114 3319 1348 3372 autern
1377 3318 1678 3389 quatuor
1721 3309 2131 3372 sacerdotes
2176 3318 2453 3371 tantum
2494 3310 2722 3372 relicti
2752 3320 3019 3387 essent,

553 3417 853 3495 singulis
877 3425 1110 3478 tamen
1135 3415 1594 3479 hebdomadis
1617 3424 1923 3494 centum,
1949 3424 2017 3479 et
2034 3416 2104 3479 in
2122 3415 2323 3479 festis
2344 3416 2886 3480 solemnioribus
2902 3434 3011 3480 su-

553 3540 683 3603 pra
707 3522 1071 3593 ducentos,
1099 3523 1564 3585 sacramentis
1585 3521 2013 3586 reficiebant.
2042 3522 2441 3600 Optabatur
2460 3533 2695 3586 autem
2719 3540 3014 3605 magno·

551 3647 720 3709 pere
751 3630 886 3693 illis
928 3630 1000 3692 in
1029 3631 1205 3693 locis
1234 3638 1307 3692 ut
1337 3648 1428 3692 ex
1457 3630 1738 3709 plantiS,
1773 3646 1955 3710 quae
1983 3630 2056 3692 in
2096 3628 2491 3693 Seminario
2522 3628 2846 3693 Romano
2877 3632 3011 3694 sub

552 3737 877 3800 doctrina
928 3736 1001 3799 P.
1057 3735 1314 3815 Ignatii
1354 3736 1791 3814 crescebant,
1836 3735 2113 3817 aliquae
2153 3737 2437 3816 plantae
2477 3736 2549 3799 in
2590 3736 3007 3817 Hispaniam

553 3843 1127 3920 transferrentur,
1171 3842 1478 3906 fructum
1521 3843 1616 3907 ibi
1659 3842 1846 3905 haud
1888 3842 2095 3905 dubie
2137 3844 2543 3922 centuplum
2584 3844 2931 3907 allaturae
2960 3843 3015 3907 ⁴-

629 4157 648 4189 ¹
703 4156 976 4211 Ignoravit
1005 4158 1136 4201 haec
1169 4157 1374 4200 Docron
1407 4157 1652 4210 ΑιιισιτΛ,
1675 4156 1760 4211 qui
1791 4162 1968 4199 tamen
2000 4155 2151 4210 plura
2183 4156 2376 4199 amoris
2411 4156 2460 4199 in
2493 4156 2811 4200 Societatem
2840 4156 3019 4211 signa*

547 4238 654 4273 tum
685 4230 880 4284 scripto
909 4238 1018 4272 tum
1049 4229 1202 4273 sactis
1221 4240 1253 4272 ει
1276 4228 1501 4272 Doctore
1531 4228 1773 4272 Navarro
1807 4227 2041 4271 exhibita.
2057 4260 2069 4281 ,
2090 4228 2303 4281 collegit
2334 4228 2369 4271 1.
2391 4238 2453 4279 c..
2474 4238 2587 4283 cap.
2606 4239 2678 4283 vr,
2698 4226 2731 4284 g
2752 4241 2805 4281 v,
2826 4230 3007 4284 Aaepu-

547 4304 702 4344 «sueta
729 4312 766 4356 y
786 4302 865 4345 Ios
893 4300 1348 4356 sesanam-vide
1381 4311 1565 4355 supra,
1588 4306 1624 4345 t.
1657 4311 1718 4353 ιι,
1753 4311 1873 4355 pag.
1894 4300 1991 4349 716.
2013 4310 2097 4343 an.
2136 4300 2257 4351 ¹552.
2279 4311 2327 4344 n.
2360 4298 2459 4350 ⁶46.
2492 4304 2545 4343 et
2576 4306 2614 4343 t.
2644 4310 2722 4355 m,
2755 4312 2875 4355 pag.
2908 4301 3015 4351 42⁴„

547 4384 594 4415 n.
616 4372 713 4417 988.

625 4446 649 4478 ¹
702 4444 800 4489 Hic
821 4456 993 4489 comes
1013 4445 1256 4489 itinerum
1275 4450 1328 4489 et
1348 4446 1582 4489 laborum
1603 4446 1772 4488 socius
1789 4443 1957 4489 fuerat
1980 4444 2177 4497 fuitque
2195 4443 2437 4497 deinceps
2453 4442 2602 4487 annis
2622 4442 2897 4497 nonnullis,
2912 4442 3007 4489 Pa·

544 4518 612 4560 tri
635 4514 915 4561 Francisco
935 4518 997 4561 de
1021 4516 1194 4571 Borja.
1219 4518 1352 4561 Vide
1372 4518 1524 4563 infra.
1545 4530 1588 4561 n.
1613 4516 1732 4561 1021.

623 4588 646 4623 ³
701 4588 852 4633 Num.
875 4589 984 4633 1250
1002 4596 1056 4633 et
1076 4602 1184 4643 seq.

623 4663 650 4696 ⁴
704 4660 830 4705 “Del
849 4662 1033 4706 envlar
1055 4662 1114 4705 de
1137 4660 1301 4705 Roma
1321 4662 1538 4715 algunos
1559 4672 1688 4717 para
1709 4673 1827 4706 esas
1845 4668 2043 4716 μαι-τες,
2065 4672 2161 4705 con
2180 4662 2229 4705 el
2250 4660 2443 4715 tiempo
2472 4670 2527 4703 se
2557 4658 2721 4713 podra
2754 4659 2929 4711 baeer,
2960 4657 3001 4703 si

547 4732 673 4776 Dion
694 4737 814 4777 cera
833 4734 1056 4798 serv-ido.
1077 4734 1176 4777 Por
1195 4735 1376 4783 ahora.
1407 4746 1552 4778 como
1573 4744 1662 4778 son
1693 4746 1892 4778 nuevas
1912 4742 2054 4779 estas
2075 4734 2428 4783 fundacioues.
2448 4742 2483 4787 y
2500 4731 2605 4775 han
2630 4730 2690 4773 de
2713 4732 2907 4775 :mabar
2930 4732 3005 4775 los
