3742 5392
1614 480 1741 537 AN.
1788 481 1926 537 1554
2899 483 3005 541 163

518 638 757 691 tentus
787 627 952 705 fuit,
994 628 1118 691 sed
1149 628 1398 690 obtulit
1439 628 1655 690 etiam
1692 642 2047 707 expensas
2098 628 2498 690 litterarum
2551 627 3000 707 Apostolica-

518 752 698 813 rum,
718 751 898 814 quae
917 735 1365 798 necessariae
1388 734 1669 798 futurae
1692 744 1920 811 erant,
1949 735 2022 797 in
2045 736 2574 814 eleemosynam
2591 732 2998 798 Societatis4

638 842 781 905 333.
870 842 1051 905 Cum
1077 841 1329 905 Genua
1358 841 1794 905 Florentiam
1832 842 2142 905 venisset
2182 840 2257 904 P.
2301 840 2594 921 Laynez
2625 841 2758 903 sub
2789 840 2998 905 finem

523 949 785 1013 mensis
812 946 982 1029 Maji
1004 998 1019 1026 ,
1054 966 1319 1029 magna
1350 966 1511 1013 cum
1547 950 1817 1012 laetitia
1848 959 1917 1011 et
1939 968 1981 1011 a
2013 948 2330 1012 Ducibus
2359 959 2427 1013 et
2472 950 2561 1011 ab
2607 950 2766 1012 aliis
2801 967 3002 1013 exce-

525 1070 685 1135 ptus
716 1065 843 1119 est.
880 1055 1297 1119 Deducebat
1322 1072 1595 1131 secum,
1630 1065 1705 1118 ut
1758 1055 2090 1135 diximuS,
2122 1054 2208 1117 D.
2244 1055 2302 1117 F
2305 1056 2665 1119 edericum
2701 1055 2740 1133 ⁸,
2775 1056 2898 1119 sed
2931 1069 3000 1119 et
3033 1080 3038 1086 ·

526 1165 741 1226 alium
784 1164 1163 1243 quemdam
1200 1163 1269 1225 in
1314 1162 1469 1243 jure
1499 1163 1986 1239 licenciatum,
2037 1163 2156 1242 qui
2207 1162 2532 1225 eumdem
2584 1161 3005 1226 Federicum

526 1270 903 1332 comitatus
933 1269 1195 1348 fuerat,
1228 1281 1297 1333 et
1346 1270 1743 1350 spiritualia
1802 1270 2146 1332 exercitia
2197 1287 2357 1332 cum
2391 1286 2650 1349 magno
2681 1270 3002 1350 prosectu

524 1378 923 1440 Florentiae
954 1378 1261 1457 accepit,
1290 1394 1429 1440 non
1462 1387 1707 1439 tamen
1740 1377 1831 1439 ad
1862 1377 2277 1455 religiosum
2317 1377 2509 1439 vitae
2549 1386 2815 1440 statum
2847 1396 3002 1456 pro·

526 1500 789 1563 pensus
828 1483 1224 1547 videbatur.
1282 1482 1425 1547 Alii
1475 1485 1690 1546 etiam
1740 1500 1884 1545 non
1935 1482 2144 1562 pauci
2197 1500 2323 1562 per
2365 1483 2614 1545 eadem
2664 1484 3009 1546 exercitia

538 1592 833 1653 multum
864 1591 1041 1653 lucis
1070 1600 1140 1653 et
1167 1590 1449 1670 gratiae
1479 1607 1520 1652 a
1554 1589 1861 1652 Domino
1893 1600 2355 1668 acceperunt,
2390 1589 2572 1652 inter
2605 1606 2782 1669 quos
2813 1590 3003 1651 nobi·

541 1698 629 1759 lis
658 1697 945 1778 quidam
972 1698 1312 1777 hispanus
1333 1696 1497 1774 fuit,
1531 1714 1620 1758 ex
1652 1696 1965 1759 Consilio
1989 1695 2466 1775 ImperatoriS,
2502 1696 2642 1775 qui,
2673 1712 3005 1775 quacum-

530 1821 665 1883 que
692 1805 969 1866 ratione
1004 1812 1315 1883 poterat,
1349 1803 1562 1865 rebus
1592 1800 1976 1865 Societatis
2009 1814 2296 1864 nostrae
2329 1800 2654 1864 favorem
2691 1814 3006 1882 praesta-

534 1912 672 1973 bat.
708 1909 949 1991 Aliqui
978 1910 1215 1988 etiam,
1248 1918 1412 1989 post
1442 1907 1843 1988 huJ'usmodi
1875 1909 2216 1971 exercitia
2241 1910 2356 1971 vel
2386 1908 2872 1973 confessiones
2903 1910 3000 1972 di-

530 2018 833 2095 ligentes
862 2016 979 2095 (ad
1009 2034 1189 2096 quas
1212 2016 1331 2079 alii
1362 2016 1547 2079 alios
1574 2016 2027 2092 invitabant),
2063 2016 2682 2095 conquerebantur
2712 2017 2904 2097 quod
2932 2017 3004 2079 in

544 2134 877 2187 anteacta
929 2125 1078 2187 vita
1119 2123 1206 2186 de
1257 2124 1469 2187 rebus
1526 2123 1618 2184 ad
1678 2123 1980 2185 salutem
2024 2121 2448 2185 necessariis
2493 2123 2816 2185 instructi
2863 2142 3005 2187 non

547 2231 869 2293 fuissent.

654 2336 797 2399 334.
883 2336 1070 2399 Inter
1088 2336 1229 2399 alia
1251 2336 1621 2400 charitatis
1638 2352 1880 2415 opera,
1901 2336 2334 2415 suggerebat
2355 2335 2426 2397 Ρ.
2449 2336 2766 2415 [gnatius
2782 2338 3010 2401 eidem

542 2444 613 2506 P.
664 2444 981 2524 Layne2‚
1036 2443 1375 2523 quamdiu
1410 2442 1813 2505 Florentiae
1842 2442 2300 2519 versabatur,
2335 2444 2406 2505 id
2445 2453 2584 2517 est,
2627 2444 2698 2505 in
2740 2453 3010 2507 aestate

540 2551 747 2631 hujus
778 2550 949 2613 anni
968 2598 983 2628 ,
1020 2560 1095 2613 ut
1122 2560 1671 2631 prosequeretur
1703 2560 2034 2628 coeptum
2065 2549 2237 2612 illud
2260 2550 2741 2628 theologicum
2765 2552 3004 2630 opus²;

540 2672 606 2720 et
640 2674 800 2721 eum
832 2658 982 2737 ipse
1012 2657 1088 2720 P.
1119 2657 1409 2737 Laynez
1438 2673 1837 2736 propensus
1866 2665 2054 2718 esset
2083 2655 2175 2717 ad
2203 2656 2772 2736 prosequendum
2809 2675 3005 2737 prae-

540 2765 808 2827 dictum
851 2781 1063 2844 opuS,
1116 2774 1325 2843 prout
1385 2763 1885 2835 inchoaverat,
1939 2772 2010 2825 et
2069 2780 2152 2825 eo
2206 2762 2531 2825 confecto
2587 2780 2798 2844 posse
2841 2773 3008 2827 tunc

542 2872 872 2934 idoneum
906 2870 1401 2951 compendium
1440 2872 1555 2933 vel
1596 2869 1687 2933 ab
1711 2870 1863 2949 ipso
1893 2872 2008 2933 vel
2039 2870 2129 2931 ab
2167 2870 2305 2933 alio
2337 2870 2621 2947 confici;
2665 2871 3006 2934 nihilomi-

542 2995 675 3041 nus
704 2978 893 3058 quod
938 2978 1163 3041 nostri
1214 2976 1285 3040 in
1336 2977 1723 3041 Germania
1766 2976 2295 3055 compendium,
2344 2988 2414 3038 et
2461 2994 2604 3039 non
2655 2979 3008 3058 prolixum

540 3102 717 3165 opus
737 3133 751 3163 ,
778 3085 1189 3164 exigebant,
1221 3084 1457 3147 visum
1478 3094 1586 3146 est
1609 3083 1683 3146 P.
1714 3082 1990 3162 Ignatio
2015 3093 2091 3146 ut
2114 3084 2610 3163 compendium
2627 3084 2698 3147 in
2723 3086 3007 3148 nomine

542 3191 829 3255 Domini
858 3191 1374 3271 aggrederetur
1404 3187 1449 3267 ⁸3
1483 3198 1553 3253 et
1603 3189 1932 3270 quamvis
1972 3189 2256 3269 alioqui,
2291 3190 2514 3252 invita
2547 3192 2898 3268 minerva,
2932 3202 3009 3254 ut

543 3296 768 3378 ajunt,
804 3315 895 3360 ex
924 3297 1321 3361 obedientia
1371 3306 1610 3360 tamen
1656 3314 1732 3359 se
1768 3296 1859 3360 ad
1900 3297 2394 3375 compendium
2437 3298 2607 3361 illud
2635 3298 3008 3361 conficien-

542 3405 709 3469 dum
740 3404 813 3467 P.
866 3404 1155 3485 Laynez
1204 3404 1653 3485 disponebat3
1710 3403 1906 3484 prius
1931 3416 2170 3466 tamen
2216 3412 2599 3467 tractatum
2632 3406 3010 3484 quemdam

545 3511 797 3575 confici
826 3512 912 3575 de
943 3512 1237 3575 cambiis
1266 3522 1336 3574 et
1367 3510 1855 3575 contractibus
1887 3508 2308 3591 quibusdam
2347 3511 2439 3574 ad
2481 3528 2772 3574 usuram
2801 3514 3009 3591 perti-

545 3620 871 3682 nentibus
897 3619 1134 3682 debuit
1164 3616 1207 3695 ⁴3
1242 3628 1312 3682 et
1340 3618 1439 3681 ita
1470 3617 1641 3681 illud
1663 3618 2070 3680 Florentiae
2103 3617 2238 3679 hac
2271 3628 2542 3681 aestate
2581 3618 2906 3697 confecit,
2942 3630 3012 3682 et

546 3742 671 3805 per
702 3724 787 3789 D.
822 3725 1270 3804 Federicum,
1304 3742 1515 3806 quem
1558 3724 2006 3787 retinendum
2055 3741 2210 3786 esse
2251 3722 2274 3754 ⁵
2304 3725 2439 3788 hac
2478 3736 2752 3788 aestate
2793 3728 3011 3789 sensit

546 3832 619 3895 P.
656 3831 1008 3913 IgnatiuS,
1044 3833 1321 3895 mittere
1352 3830 1739 3895 constituit.

664 3938 805 4001 335.
894 3939 1297 4002 Mutaverat
1319 3939 1432 4000 ille
1457 3955 1662 4001 suum
1686 3954 1965 4011 nomen,
1983 3946 2072 4016 et,
2100 3954 2229 4017 pro
2247 3937 2591 4001 Federico
2617 3938 3010 4019 Mam-ique,

546 4046 1004 4109 Franciscum
1044 4046 1653 4119 Bonaventuram,
1704 4062 1863 4107 cum
1905 4044 2250 4124 simplicia
2305 4054 2474 4107 vota
2518 4046 2901 4124 emitteret,
2935 4064 3013 4109 se

545 4152 793 4215 vocari
816 4153 1127 4230 volebat,
1156 4152 1345 4232 quod
1369 4168 1543 4231 erga
1570 4152 1723 4214 illos
1748 4150 1926 4213 duos
1952 4148 2255 4213 Sanctos
2280 4152 2708 4230 peculiarem
2730 4168 3015 4233 gereret

547 4258 1029 4335 devotionem;
1060 4259 1183 4321 sed
1213 4258 1289 4321 P.
1330 4257 1649 4336 Ignatius
1683 4256 1751 4320 id
1791 4267 2026 4320 ratum
2065 4273 2205 4319 non
2248 4258 2530 4333 habuit,
2565 4270 2632 4321 et
2683 4261 2905 4322 voluit
2939 4274 3016 4323 ut

634 4428 647 4459 Ι
709 4426 839 4470 Vide
860 4438 1034 4481 snpra,
1056 4438 1175 4482 pag.
1195 4428 1264 4480 36.
1288 4438 1333 4469 n.
1357 4428 1425 4469 52.

629 4502 651 4531 Ω
707 4499 837 4543 Vide
860 4510 1035 4552 supra,
1058 4506 1094 4543 t.
1118 4510 1195 4550 ιιι,
1216 4510 1337 4553 pag.
1357 4498 1427 4550 67,
1451 4510 1499 4541 n.
1526 4498 1615 4541 12⁴.

625 4574 647 4605 ὃ
704 4571 837 4615 Vide
858 4570 1010 4620 infra,
1034 4572 1117 4615 ubl
1138 4572 1201 4615 de
1224 4571 1457 4625 Colleglo
1480 4571 1759 4613 Viennensi
1783 4579 1986 4624 agetur.

628 4646 649 4675 Α
706 4643 837 4685 Vide
860 4654 1033 4697 snpra.
1054 4654 1173 4698 pag.
1192 4644 1263 4691 35.
1284 4654 1333 4686 n.
1354 4645 1427 4686 51.

630 4716 651 4745 ⁵
709 4714 943 4763 Scilicet.
971 4714 1282 4761 Florentiae.
