3742 5392
648 498 760 558 540
1567 493 1822 555 Cimon.
1865 495 2019 554 Soc.
2060 495 2199 568 st.

651 644 822 716 dicit
877 644 1062 708 inter
1092 651 1399 720 caetera,
1457 641 1645 722 quod
1693 641 2163 705 admiratione
2204 641 2499 722 dignum
2537 643 2711 722 ipsis
2740 642 3121 707 videbatur

651 751 842 832 quod
869 749 1100 814 effecit
1128 748 1319 830 quod
1351 749 1604 827 voluit,
1637 756 1706 812 et
1746 765 1962 828 saepe
2002 757 2256 812 contra
2293 746 2638 827 ,iudicium
2680 758 2751 813 et
2790 751 3119 814 volunta-

655 870 798 924 tem
843 858 1260 934 multorum,
1313 864 1382 919 et
1410 864 1651 920 tamen
1679 857 1949 918 nullum
1988 872 2147 920 esse
2186 855 2255 919 in
2297 855 2768 936 Portugallia,
2816 857 2936 938 qui
2974 875 3117 921 non

655 968 836 1031 bene
879 965 1138 1028 sentiat
1183 972 1255 1026 et
1304 965 1632 1043 loquatur
1679 963 1770 1026 de
1821 980 1905 1026 eo
1954 979 2042 1026 ac
2092 963 2180 1027 de
2218 963 2431 1027 modo
2470 963 2901 1043 procedendi
2940 963 3119 1043 eJuS,

657 1084 727 1139 et
781 1071 1346 1137 consolationem
1391 1088 1485 1133 ex
1530 1071 1745 1133 rebus
1794 1059 1969 1150 ipsis
2020 1071 2423 1150 acciperet,
2488 1080 2774 1152 praeter
2832 1072 3121 1136 unicum

655 1181 746 1246 D.
787 1179 1299 1257 Theutonium,
1343 1178 1463 1257 qui
1499 1185 1742 1241 noster
1783 1195 1927 1241 non
1966 1187 2121 1242 erat
2168 1174 2211 1256 ¹,
2254 1195 2387 1241 nec
2426 1178 2903 1242 existimasset
2934 1179 3123 1259 quod

657 1289 1032 1370 quisquam
1059 1295 1207 1349 tam
1235 1284 1475 1348 multis
1504 1283 1922 1348 satisfacere
1952 1285 2322 1364 potuisset.

784 1393 960 1458 1158.
1045 1392 1213 1456 Fuit
1240 1391 1456 1456 etiam
1487 1392 1823 1472 migratio
1851 1390 1930 1454 P.
1967 1390 2261 1456 Mironis
2292 1391 2384 1454 ad
2414 1392 2705 1456 domum
2734 1390 2853 1458 S.t¹
2892 1391 3127 1456 Rochi

661 1520 824 1567 cum
844 1517 1109 1581 magna
1131 1509 1540 1563 nostrorum
1563 1499 2051 1562 consolatione
2075 1505 2145 1562 et
2168 1498 2471 1562 utilitate
2494 1497 2907 1578 conjuncta,
2934 1499 3123 1580 quod

659 1627 778 1674 res
807 1608 899 1673 ad
929 1607 1396 1672 domesticam
1424 1606 1873 1688 disciplinam
1892 1606 2327 1686 pertinentes
2350 1655 2363 1684 ,
2391 1606 2627 1686 quoad
2649 1605 2799 1686 ejus
2826 1606 2979 1672 fieri
3006 1625 3125 1688 po-

660 1724 882 1794 terat,
915 1715 988 1779 in
1019 1713 1336 1778 ordinem
1366 1713 1694 1792 redigere
1723 1713 1957 1792 magis
1986 1720 2197 1793 atque
2224 1713 2462 1792 magis
2492 1723 2795 1777 conatus
2831 1723 2959 1778 est.

785 1823 962 1886 1159.
1047 1821 1208 1886 Non
1239 1821 1565 1884 omittam
1595 1819 1782 1900 quod
1811 1819 1903 1883 ad
1947 1820 2209 1883 bonam
2246 1820 2845 1884 existimationem
2890 1821 3127 1886 Socie-

668 1931 836 1995 tatis
865 1930 1198 2011 pertinet,
1233 1927 1456 2008 quod,
1491 1944 1654 1990 cum
1689 1926 1929 1990 Infans
1968 1925 2100 1990 D.·
2147 1925 2375 1990 Maria
2406 1926 2684 1990 audiret
2730 1945 2772 1990 a
2810 1929 3124 2008 quodam

675 2038 834 2102 viro
865 2053 1170 2116 magnae
1199 2033 1647 2098 auctoritatis
1690 2033 1834 2113 (qui
1874 2033 2138 2096 nostris
2180 2033 2253 2096 id
2295 2033 2642 2110 narravit)
2686 2043 3133 2115 quantopere

666 2143 1060 2208 abundaret
1091 2141 1226 2205 Dei
1251 2141 1490 2222 gratia
1518 2141 1588 2203 in
1617 2156 1842 2220 regno
1873 2139 2353 2221 Portugalliae
2374 2189 2389 2219 ,
2423 2158 2583 2204 cum
2612 2143 2935 2205 homines
2976 2151 3123 2206 tam

666 2253 1070 2338 frequenter
1101 2249 1194 2312 ad
1221 2257 1674 2312 sacramenta
1710 2256 1779 2310 et
1817 2247 1909 2311 ad
1954 2247 2191 2311 omnia
2234 2247 2519 2328 pietatis
2564 2267 2785 2328 opera
2836 2248 3123 2314 accede-

665 2367 854 2436 rent,
897 2357 1260 2437 respondit
1299 2355 1426 2419 D.·
1453 2355 1682 2418 Maria
1729 2354 1897 2431 (filia
1934 2354 2111 2418 haec
2154 2363 2307 2418 erat
2334 2353 2556 2433 Regis
2592 2355 3129 2434 Emmanuelis).-

669 2464 863 2528 “Hoc
913 2463 1250 2528 debemus
1297 2462 1627 2526 Patribus
1678 2460 2057 2525 Societatis
2105 2441 2347 2542 Jesu„:
2402 2471 2473 2525 et
2530 2462 2947 2542 loquebatur
3003 2463 3125 2526 illa

666 2582 876 2653 prout
906 2570 1097 2634 domi
1125 2587 1295 2634 suae
1325 2569 1855 2649 experiebatur;
1890 2585 2057 2630 nam
2088 2567 2160 2630 in
2197 2566 2349 2647 eJ'us
2386 2577 2455 2632 et
2497 2568 2817 2648 Reginae
2856 2570 3129 2650 palatio

665 2680 929 2743 multae
959 2695 1051 2742 ex
1077 2675 1536 2741 nobilissimis
1565 2693 1810 2740 earum
1839 2675 2241 2754 virginibus
2278 2693 2364 2738 ac
2408 2676 2819 2740 mulieribus
2862 2686 3125 2740 octavo

663 2804 944 2868 quoque
973 2785 1085 2848 die
1113 2785 1378 2847 nostris
1406 2781 1927 2846 confitebantur
1956 2799 2220 2862 magno
2250 2783 2603 2861 spirituali
2632 2783 2977 2862 profectu.
3018 2783 3125 2848 In·

664 2894 828 2958 fans
856 2893 1070 2956 etiam
1097 2889 1228 2954 DJ
1255 2890 1556 2954 Isabella
1575 2937 1590 2967 ,
1624 2873 1848 2952 Ducis
1878 2889 2309 2968 Bet-gantiae
2338 2889 2483 2952 filia
2513 2890 2536 2921 ²
2556 2938 2571 2966 ,
2606 2899 2883 2955 tantum
2924 2891 3123 2956 abest

665 3009 741 3064 ut
773 3000 1191 3063 erubescere
1220 2999 1336 3061 vel
1364 2997 1811 3059 dissimulare
1841 2997 2056 3059 vellet
2084 2995 2483 3076 spiritualia
2512 2998 2896 3076 exercitia,
2940 3015 3130 3078 quae

667 3109 802 3189 ipsi
832 3106 1444 3187 proponebantur,
1494 3113 1571 3167 ut
1611 3120 1779 3168 suos
1818 3103 2000 3167 filios
2050 3115 2119 3167 et
2168 3103 2350 3167 filias
2398 3116 2812 3184 praesentes
2861 3105 3127 3170 habere

668 3216 922 3293 vellet,
957 3223 1027 3276 et
1065 3213 1273 3276 simul
1320 3227 1480 3275 cum
1531 3211 1669 3275 illis
1717 3228 1877 3274 sese
1926 3212 2019 3274 ad
2068 3211 2553 3276 meditandum
2605 3214 2995 3293 colligeret.
3045 3212 3124 3277 In

670 3321 997 3385 omnibus
1027 3319 1305 3383 demum
1337 3319 1476 3382 illis
1505 3318 1792 3398 palatiis
1833 3314 2033 3382 m'ulti
2071 3328 2275 3382 erant
2296 3319 2511 3382 valde
2535 3320 2780 3384 devoti
2806 3329 2876 3383 et
2900 3321 3019 3400 qui
3043 3320 3137 3382 ad

667 3435 1119 3492 sacramenta
1150 3425 1402 3490 crebro
1447 3425 1920 3500 accedebant;
1952 3434 2021 3488 et
2052 3427 2122 3488 in
2153 3426 2313 3489 aliis
2354 3426 2571 3490 etiam
2608 3427 2889 3507 templis
2934 3444 3133 3507 prae·

670 3547 778 3599 ter
806 3542 1128 3597 nostrum
1159 3533 1615 3596 observatum
1646 3539 1753 3595 est
1784 3529 2186 3610 hujusmodi
2216 3543 2672 3596 sacramenta
2713 3533 3131 3610 ministrari,

667 3652 740 3705 et
770 3642 842 3704 in
871 3643 1027 3720 ipso
1057 3640 1238 3703 festo
1267 3637 1608 3718 Corporis
1637 3637 1938 3717 Christi,
1972 3639 2302 3719 quamvis
2331 3640 2653 3702 homines
2682 3639 2961 3703 festivis
2984 3641 3137 3720 qui·

670 3748 970 3812 busdam
1017 3746 1200 3809 ludis
1241 3747 1314 3809 in
1351 3743 1550 3810 SS.¹¹²¹
1591 3744 2037 3810 Sacramenti
2087 3747 2429 3810 honorem
2480 3747 2787 3810 distrahi
2836 3748 3141 3826 soleant,

673 3855 957 3919 ducenti
1009 3863 1245 3916 tamen
1293 3852 1484 3932 apud
1532 3850 1603 3917 S.
1655 3851 1985 3916 Rochum
2036 3851 2684 3938 communicarunt,
2745 3862 2816 3917 et
2873 3870 3139 3933 magna

673 3962 1046 4025 multitudo
1076 3960 1440 4024 hominum
1467 3960 1540 4023 in
1571 3959 1730 4023 aliis
1775 3960 2126 4034 ecclesiis;
2172 3959 2263 4022 ad
2303 3960 2489 4039 quod
2529 3961 2867 4041 populum
2908 3959 3139 4040 dispo·

675 4247 741 4282 ex
761 4248 912 4290 com„
931 4236 1076 4281 Patri
1097 4236 1290 4289 Jacobo
1311 4235 1492 4289 Miron,
1515 4237 1566 4279 17
1585 4235 1820 4288 januarii
1839 4233 2197 4279 155⁴.—“Mtro.
2214 4235 2383 4280 Nadal
2402 4247 2497 4290 por
2518 4237 2685 4281 ahora
2704 4247 2770 4281 no
2790 4238 2951 4292 puede
2971 4240 3147 4283 servir

673 4308 736 4351 de
757 4307 1056 4353 Provinclal
1077 4319 1138 4350 en
1160 4307 1440 4361 Portugal,
1457 4317 1658 4361 nunque
1681 4317 1737 4350 es
1757 4307 1921 4350 clerte
1943 4316 2039 4360 que
2062 4306 2169 4361 hay
2190 4306 2307 4350 bien
2326 4306 2490 4350 donde
2512 4317 2568 4350 se
2588 4309 2785 4362 emplee
2806 4317 2867 4350 su
2888 4309 3089 4352 talento
3110 4321 3144 4364 y

671 4380 736 4424 de
757 4379 1060 4434 cualquiera
1080 4385 1194 4423 otro
1210 4389 1274 4421 en
1295 4389 1384 4422 esa
1400 4377 1680 4422 Provincia
1699 4388 1794 4432 por
1815 4379 1865 4421 10
1883 4387 1979 4432 que
2001 4379 2105 4421 ella
2124 4388 2158 4433 y
2176 4379 2255 4421 las
2276 4375 2451 4421 Indias
2465 4379 2786 4432 requietem„
2802 4377 2941 4422 Idem
2959 4379 3148 4433 eidem,

674 4451 729 4494 26
747 4451 868 4504 Julii
893 4451 1012 4494 155⁴.

755 4523 774 4556 ¹
831 4522 992 4567 Recte
1026 4523 1258 4577 quiderm
1291 4523 1513 4566 nondum
1545 4523 1678 4566 enim
1721 4523 1942 4575 legimus
1970 4532 2087 4565 eum
2118 4527 2246 4565 vota
2280 4520 2586 4575 societatis,
2618 4522 2891 4576 nequidem
2923 4520 3147 4576 primum

678 4595 804 4639 illud
826 4603 947 4640 tunc
967 4595 1018 4638 in
1039 4607 1136 4638 usu
1155 4595 1377 4649 positum
1400 4595 1749 4647 ingrediendi
1769 4593 2092 4638 Societatem
2114 4593 2364 4648 emisisse.
2388 4593 2522 4638 Vide
2543 4595 2696 4646 infra,
2716 4605 2767 4638 n.
2792 4595 2911 4638 1172.

760 4668 783 4699 ²
837 4665 982 4710 Haec
1003 4668 1108 4710 alia
1129 4673 1210 4710 est
1231 4669 1298 4710 ab
1321 4667 1437 4720 illa,
1460 4665 1605 4719 cujus
1619 4667 1732 4720 jam
1751 4665 1963 4719 saepius
1996 4665 2049 4708 in
2079 4665 2177 4708 hoc
2202 4663 2455 4708 Chronico
2486 4667 2678 4710 mentio
2700 4666 2841 4710 facta
2864 4675 2969 4720 est,
2992 4665 3155 4720 Regis

675 4738 892 4792 joannis
911 4748 1110 4783 sorore.
1128 4738 1262 4780 Vide
1282 4748 1460 4792 supra,
1481 4747 1604 4792 pag.
1623 4737 1722 4784 52⁴.
1743 4749 1794 4780 n.
1817 4737 1937 4780 1110.
