3742 5392
736 511 846 569 212
1668 510 1924 573 Canon.
1966 511 2118 571 Soc.
2161 512 2301 586 Jsss.

736 659 847 721 vis
878 656 1085 722 docte
1112 658 1411 737 faceret,
1446 676 1590 721 non
1624 658 1757 722 sibi
1793 658 1909 723 ille
1950 658 2326 722 videbatur
2366 659 2720 723 auditorio
2761 658 3210 739 satisfacere;

736 774 805 826 et
834 764 935 828 ita
966 766 1549 829 concionatorem
1583 783 1626 827 a
1654 763 1736 828 P.
1766 765 2046 845 Ignatio
2080 782 2514 847 magnopere
2547 766 2973 846 postulabat.

853 871 996 935 471.
1086 872 1384 936 Curavit
1407 881 1646 935 autem
1668 881 1744 936 ut
1766 875 1985 936 semel
2007 872 2354 936 Octavius
2382 873 2497 936 ille
2515 872 2784 937 Caesar
2807 872 3212 954 Neapolita-

734 998 897 1059 nus,
933 979 1018 1043 de
1059 997 1199 1059 quo
1230 980 1556 1060 superius
1606 967 1795 1043 facta
1847 990 1954 1042 est
2006 979 2268 1043 mentio
2315 977 2364 1057 ¹,
2413 997 2555 1042 non
2609 980 2681 1043 in
2731 982 3027 1063 temp10,
3085 982 3212 1045 sed

733 1088 931 1166 alibi,
967 1103 1212 1151 coram
1242 1086 1329 1150 D.
1364 1087 1423 1150 F
1426 1086 1842 1165 erdinandO,
1876 1086 2100 1149 fratre
2128 1085 2516 1167 Pro-regiS,
2552 1105 2638 1151 ac
2668 1086 2798 1150 D.⁸
2824 1086 3208 1151 Comitissa

728 1194 818 1257 de
846 1193 1121 1257 Bibona
1152 1194 1368 1274 (quae
1392 1194 1587 1257 circa
1617 1193 1753 1257 hoc
1786 1202 2064 1273 tempus
2093 1192 2400 1257 Ducissa
2428 1194 2620 1257 facta
2651 1204 2781 1273 est,
2823 1202 3033 1258 aucto
3061 1212 3206 1257 ma·

728 1300 849 1364 riti
874 1299 1148 1364 honore
1193 1300 1282 1363 ab
1312 1301 1779 1381 Imperatore,
1812 1300 1884 1363 in
1927 1300 2236 1379 gratiam
2275 1300 2594 1379 uxoris),
2637 1300 2951 1364 secundo
2993 1302 3207 1365 etiam

729 1424 975 1471 coram
1003 1406 1383 1487 Pro-rege,
1419 1408 2004 1487 concionaretur,
2037 1416 2105 1469 et
2137 1423 2575 1487 magnopere
2607 1408 2781 1487 ipsis
2809 1408 3102 1488 placuit,
3139 1418 3208 1471 et

718 1514 1053 1593 juvenem
1104 1516 1299 1579 illum
1348 1516 1585 1579 virum
1634 1531 1976 1594 magnum
2024 1513 2177 1577 fore
2209 1514 2591 1594 aliquando
2643 1511 2717 1577 P.
2774 1514 3208 1579 Provinciali

728 1622 907 1685 dixit
945 1621 1004 1701 ';
1037 1631 1107 1685 et
1134 1639 1297 1685 cum
1344 1620 1616 1685 Romae
1657 1621 1889 1685 adhuc
1930 1620 2080 1702 ejus
2120 1638 2340 1684 causa
2377 1629 2671 1702 propter
2711 1622 2962 1685 matris
3017 1622 3203 1686 inde-

726 1730 989 1793 fessam
1045 1730 1656 1810 importunitatem
1723 1737 2193 1807 tractaretur,
2265 1738 2335 1791 et
2401 1728 2799 1792 Cardinalis
2868 1728 3207 1793 Teatinus

726 1838 1167 1918 compatiens
1190 1838 1302 1916 (ut
1332 1837 1762 1901 credendum
1786 1836 1924 1914 est)
1951 1836 2200 1900 matris
2225 1834 2483 1913 dolori,
2509 1837 3024 1917 protectionem
3049 1836 3204 1918 ejus

726 1962 987 2008 causae
1026 1946 1452 2025 susciperet,
1498 1944 1785 2024 scripsit
1825 1944 1918 2007 ad
1957 1961 2119 2007 eum
2147 1941 2446 2007 Pro-rex
2475 1942 2860 2021 prudentes
2899 1944 3199 2023 litteraS,

723 2052 977 2131 quibus
1006 2052 1217 2115 fidem
1240 2054 1305 2115 ei
1326 2051 1530 2131 facit,
1559 2052 1619 2113 si
1644 2051 1791 2115 suis
1815 2052 2251 2131 temporibus
2274 2049 2652 2114 manifesta
2673 2049 2961 2115 fuerunt
2983 2070 3193 2115 voca-

724 2159 939 2222 tionis
968 2159 1253 2222 divinae
1293 2159 1590 2237 indicia,
1645 2159 1718 2221 in
1768 2158 1904 2221 hoc
1950 2156 2214 2237 juvene
2257 2157 2567 2221 maxime
2619 2158 3192 2222 manifestissima

723 2266 973 2345 fuisse,
1008 2274 1077 2327 et
1107 2283 1290 2346 quae
1320 2266 1617 2345 ipsemet
1647 2275 1983 2345 expertus
2011 2264 2242 2327 fuerat
2281 2264 2574 2328 addidit.

838 2372 981 2435 472.
1068 2373 1223 2437 Hoc
1253 2373 1407 2454 ipso
1438 2390 1657 2450 ann0,
1691 2382 2074 2453 postquam
2104 2371 2202 2435 illi
2231 2381 2536 2451 septem,
2579 2371 2667 2435 de
2700 2372 2952 2452 quibus
2991 2391 3198 2454 supe-

722 2481 868 2543 rius
896 2478 1089 2543 facta
1121 2489 1227 2543 est
1257 2480 1520 2543 mentio
1550 2477 1595 2557 ⁸,
1630 2496 1721 2541 ex
1748 2477 2098 2559 Hispania
2125 2479 2202 2542 in
2240 2476 2555 2542 Siciliam
2595 2488 2664 2542 et
2701 2479 2866 2543 inde
2894 2479 3195 2544 Romam

717 2587 1188 2668 appulissent,
1224 2586 1346 2650 alii
1373 2585 1749 2649 duodecim
1777 2586 1909 2648 sub
1951 2585 2118 2649 anni
2149 2584 2361 2649 finem
2390 2594 2770 2665 venerunt,
2815 2605 2905 2650 ex
2934 2586 3189 2668 quibus

716 2704 864 2781 tres
893 2714 936 2758 a
966 2694 1041 2756 Ρ.
1074 2694 1463 2758 Francisco
1492 2693 1757 2773 Borgia
1778 2693 1979 2757 missi
2003 2700 2238 2771 erant,
2265 2701 2564 2773 quartus
2585 2702 2740 2757 erat
2764 2692 3186 2759 Dominicus

716 2802 930 2878 Riva,
965 2802 1225 2864 missus
1256 2801 1333 2863 in
1362 2800 1783 2880 Hispaniam
1814 2818 1857 2862 a
1895 2799 1971 2863 P.
2009 2798 2450 2879 Hieronymo
2492 2798 2904 2864 Domenech
2947 2812 3024 2865 ut
3065 2803 3192 2866 ali-

712 2926 894 2989 quos
915 2907 1247 2988 J'uveneS,
1281 2907 1396 2987 qui
1429 2908 1519 2971 ad
1550 2906 1984 2971 Societatem
2023 2907 2473 2987 aspirabant,
2519 2908 2593 2970 in
2631 2904 2946 2971 Siciliam
2977 2908 3192 2973 dedu·

710 3026 936 3092 ceret,
970 3023 1039 3078 et
1079 3016 1177 3079 ita
1243 3023 1404 3077 octo
1438 3015 1618 3078 alios
1665 3013 1970 3093 ducenS,
2025 3012 2542 3077 duodenarium
2591 3031 2965 3079 numerum
3007 3034 3196 3079 com·

713 3123 933 3202 plevit
960 3120 1013 3201 ⁴;
1048 3132 1116 3185 et
1146 3122 1399 3185 horum
1424 3138 1643 3202 opera
1672 3137 1749 3183 se
1770 3121 1876 3184 uti
1898 3137 2106 3201 posse
2129 3121 2464 3201 sperabat
2489 3120 2564 3184 P.
2593 3120 3074 3202 Hieronymus
3100 3124 3190 3186 ad

710 3229 1031 3308 Collegia
1053 3226 1203 3307 jam
1234 3227 1545 3291 admissa
1574 3226 1958 3291 reficienda
1987 3238 2054 3290 et
2084 3243 2276 3290 nova
2304 3226 2656 3307 quaedam
2682 3228 3108 3293 inchoanda.

827 3336 970 3399 473.
1059 3333 1167 3398 De
1198 3334 1271 3396 Ρ.
1311 3334 1586 3417 Joanne
1617 3334 1934 3398 Guttano
1967 3332 2222 3396 litteris
2249 3331 2440 3411 Majo
2481 3350 2724 3397 mense
2765 3335 2853 3397 ab
2883 3336 3185 3416 ipsomet

708 3444 995 3524 scriptis
1027 3442 1213 3522 quod
1234 3441 1455 3505 falsus
1484 3441 1715 3504 fuerat
1745 3457 1988 3504 rumor
2018 3440 2133 3503 ille
2173 3438 2259 3503 de
2290 3440 2512 3521 ipsius
2541 3449 2769 3504 morte
2803 3441 2874 3504 in
2915 3422 3195 3508 triremi

710 3550 1179 3631 [compertum
1222 3546 1361 3629 est]
1394 3546 1439 3610 ⁸.
1475 3546 1882 3627 Cogebatur
1931 3547 2157 3610 bonus
2205 3544 2284 3610 P.
2316 3555 2388 3609 et
2427 3548 2498 3611 in
2529 3546 2778 3611 ordine
2823 3550 3032 3612 tertio
3067 3550 3190 3614 ali·

708 3657 994 3738 quando
1024 3672 1277 3719 versus
1308 3656 1600 3735 puppim
1647 3655 2037 3734 remigare,
2090 3653 2279 3735 quod
2308 3654 2819 3733 gravissimum
2863 3656 2996 3721 sibi
3029 3674 3185 3721 esse

706 3763 1191 3844 significabat,
1226 3774 1294 3826 et
1325 3763 1515 3843 quod
1545 3762 1634 3825 ad
1664 3762 2220 3842 redemptionem
2262 3761 2483 3841 ipsius
2515 3762 2802 3841 attinet,
2849 3766 3182 3844 quamvis

708 3874 1007 3952 ipsemet
1034 3870 1376 3934 ducentos
1405 3869 1553 3932 fere
1586 3887 1841 3933 aureos
1870 3869 2327 3949 promiserat,
2363 3870 2481 3949 qui
2520 3878 2759 3933 tamen
2801 3888 2962 3934 eum
2991 3881 3186 3936 tene·

796 4117 814 4149 ¹
871 4114 1000 4169 Pag.
1025 4115 1090 4163 17.
1110 4126 1156 4157 n.
1178 4114 1244 4157 17.

785 4186 809 4217 *⁸
862 4185 997 4230 Vide
1021 4186 1211 4230 cartas
1232 4187 1299 4229 de
1321 4186 1431 4229 San
1458 4184 1699 4237 [guado.
1717 4189 1772 4235 t..
1798 4194 1867 4235 vt,
1891 4192 2011 4237 pag.
2037 4181 2130 4236 112,
2153 4188 2330 4227 annot.
2351 4182 2396 4227 3.

788 4257 813 4290 ⁸
868 4256 1055 4312 Supra,
1076 4268 1200 4311 pag.
1221 4257 1318 4309 250,
1343 4268 1392 4300 n.
1414 4257 1513 4301 ⁴52.
2689 4298 2698 4307 ‚

785 4331 810 4363 ὁ
860 4328 945 4372 “L’
962 4330 1160 4373 andata
1179 4329 1229 4372 di
1246 4328 1525 4372 Domenico
1544 4329 1593 4372 in
1612 4326 1822 4382 Spagna
1838 4338 1964 4381 pare
1981 4327 2062 4371 sia
2076 4332 2223 4371 stuta
2238 4326 2591 4381 ragionevole,
2607 4338 2700 4381 per
2717 4334 2872 4371 conto
2891 4328 3190 4375 dell’Abba·

708 4403 809 4456 tia;
832 4412 1025 4455 quanto
1047 4402 1099 4444 al
1118 4401 1201 4445 far
1224 4400 1370 4444 venir
1402 4405 1561 4454 gente
1582 4400 1631 4443 di
1656 4398 1907 4443 Valentia
1940 4399 2096 4443 credo
2116 4398 2148 4442 1·
2170 4398 2393 4443 haveria
2414 4398 2550 4443 fatto
2578 4396 2616 4441 il
2637 4398 2693 4442 P.
2725 4398 2874 4443 Mtro.
2897 4398 3069 4445 Nadal
3089 4412 3184 4445 con

704 4474 793 4527 piu
818 4472 1044 4528 ‘iudicio
1066 4473 1160 4516 che
1182 4470 1478 4523 Domenic0;
1499 4482 1597 4525 pur
1628 4471 1886 4526 speriamo
1917 4470 2064 4515 lddio
2099 4470 2150 4514 10
2173 4469 2438 4524 ‘uideram
2466 4468 2746 4523 Polaticus,
2770 4481 2837 4515 ex
2868 4482 3016 4525 com„
3036 4471 3184 4517 Patri

706 4544 1023 4601 Hieronymo
1045 4543 1367 4595 Domenech,
1393 4544 1413 4587 1
1436 4541 1709 4587 Februarii
1734 4543 1854 4587 1554.

785 4616 808 4649 ³
860 4616 1135 4671 Ignoravit
1156 4616 1396 4661 fortassis
1416 4616 1547 4659 haec
1569 4616 1860 4665 Αουῐιειιᾼ,
1876 4614 1978 4669 qui,
1996 4616 2030 4658 l.
2048 4626 2106 4669 c.,
2123 4621 2278 4669 parte
2295 4614 2480 4669 prima,
2503 4625 2616 4668 cap.
2638 4624 2711 4669 w,
2733 4624 2782 4656 n.
2804 4626 2910 4668 xxr,
2928 4614 3027 4661 hoc
3049 4628 3184 4663 anno

697 4694 922 4733 mortem
941 4694 1155 4732 enarrat
1174 4686 1415 4741 Guttani,
1436 4693 1494 4731 ut
1516 4695 1569 4732 et
1593 4686 1886 4731 Onmxmm
1901 4718 1912 4740 ,
1935 4688 2022 4731 lib.
2053 4697 2162 4739 xxv,
2187 4699 2235 4730 n.
2259 4686 2334 4740 ¹83
2358 4685 2600 4741 quamvis
2629 4696 2811 4729 verum
2834 4694 2913 4730 est
2943 4694 3184 4735 neutrum

696 4770 945 4815 expresse
970 4759 1231 4803 affirmare
1254 4758 1541 4803 Guttanum
1561 4758 1655 4801 hoc
1678 4770 1811 4803 anno
1833 4758 1995 4803 fuisse
2026 4764 2313 4803 mortuum.
