3742 5392
625 524 736 584 422
1546 527 1800 587 Cimon.
1843 526 1998 586 Soc.
2050 527 2176 596 Ins.

622 690 877 736 norum
931 672 1306 735 Societatis
1348 692 1390 737 a
1433 672 1508 735 Ρ.
1551 674 1827 753 Ignatio
1866 682 2344 755 consequutus
2394 681 2581 736 esset
2634 671 2676 751 ¹,
2733 671 3085 736 desiderio

629 780 1066 860 proficiendi,
1098 789 1270 843 vota
1309 777 1833 860 coadjutorium
1873 778 2370 861 temporalium
2414 778 2791 843 Societatis
2829 780 3089 857 emisit;

626 894 717 963 et,
748 886 912 966 quia
937 884 1361 967 conjugatus
1389 896 1566 962 erat,
1597 888 2003 950 castitatem
2032 885 2499 966 conjugalem,
2528 895 2605 949 ut
2633 896 2937 967 poterat,
2972 904 3089 948 vo·

630 994 757 1071 vit,
791 1004 1287 1074 paupertatem
1327 1003 1566 1057 autem
1603 1003 1674 1055 et
1718 994 2215 1071 obedientiam,
2250 1010 2446 1056 more
2496 992 3091 1056 scholasticorum

627 1097 1028 1178 SocietatiS,
1062 1110 1132 1163 et
1161 1100 1425 1181 duplici
1448 1102 1772 1181 exemplo
1797 1101 1977 1162 haec
2002 1109 2171 1162 vota
2196 1098 2287 1162 ad
2312 1098 2385 1162 P.
2415 1099 2767 1178 Ignatium
2791 1098 3091 1163 Romam

629 1205 842 1286 misit,
876 1224 1058 1287 quae
1089 1216 1327 1269 tamen
1359 1207 1494 1285 ille,
1530 1223 1794 1269 novum
1816 1206 2009 1287 quod
2035 1206 2175 1268 hoc
2204 1214 2393 1269 esset
2419 1222 2647 1286 genus
2686 1215 2755 1268 et
2800 1206 3090 1269 inusita-

628 1323 776 1377 tum
806 1322 1171 1394 votorum,
1205 1331 1348 1376 non
1397 1314 1719 1392 admisit,
1767 1314 2097 1394 quamvis
2138 1311 2230 1375 ad
2268 1312 2722 1375 devotionem
2760 1313 2985 1392 ipsius
3024 1321 3093 1374 et

628 1421 1045 1500 profectum,
1080 1423 1273 1501 quod
1300 1422 1591 1499 fecerat,
1625 1420 2093 1500 comprobare
2124 1420 2349 1483 voluit
2376 1418 2422 1482 ².

744 1526 885 1590 910.
977 1527 1154 1591 Cum
1196 1528 1569 1608 Compluto
1610 1527 1949 1589 transiret
1990 1526 2065 1589 P.
2114 1526 2445 1590 Andreas
2484 1524 2571 1588 de
2612 1526 2881 1590 Oviedo
2934 1543 3093 1588 cum

634 1636 850 1698 sociis
880 1636 951 1698 in
981 1633 1437 1715 Aethiopiam
1466 1634 1949 1715 pergentibuS,
1984 1632 2359 1712 adjunctus
2388 1634 2489 1696 illi
2517 1632 2646 1695 fuit
2686 1651 2776 1695 ex
2812 1649 2898 1695 eo
2932 1632 3089 1699 Col·

635 1742 820 1821 legio
850 1743 1260 1823 Alphonsus
1287 1742 1544 1822 Lopez,
1580 1741 1981 1821 theologiae
2012 1741 2369 1804 studiosus
2398 1739 2443 1817 ἴ5;
2478 1751 2546 1803 et
2575 1749 2723 1803 tam
2761 1741 2960 1803 multi
3000 1758 3091 1803 cx

635 1849 793 1911 aliis
823 1850 957 1913 hoc
987 1850 1217 1929 ipsum
1249 1850 1695 1929 expetebant,
1727 1858 1803 1911 ut
1833 1865 2049 1928 quam
2076 1848 2302 1910 laetus
2331 1846 2744 1927 Alphonsus
2774 1847 2866 1910 ad
2906 1848 3093 1909 hanc

629 1957 1042 2020 missionem
1072 1956 1673 2035 proficiscebatur,
1707 1964 1855 2019 tam
1887 1956 2126 2018 tristes
2156 1955 2278 2017 alii
2298 1971 2441 2016 non
2467 1953 2676 2032 pauci
2698 1965 3087 2031 manerent,

638 2063 828 2142 quod
856 2062 1256 2142 hujusmodi
1283 2080 1440 2125 sors
1469 2064 1570 2126 eis
1599 2080 1743 2125 non
1776 2062 2212 2142 contigisset.

749 2169 890 2233 911.
978 2169 1054 2233 In
1088 2179 1360 2233 aestate
1388 2170 1607 2250 aliqui
1637 2188 1726 2233 ex
1755 2170 2018 2233 nostris
2048 2168 2479 2249 Berlangam
2503 2170 2703 2232 missi
2728 2169 3011 2232 fuerunt
3043 2165 3088 2243 ⁴,

637 2286 708 2339 et
737 2278 1063 2357 quamvis
1093 2278 1342 2357 paucis
1371 2277 1619 2340 diebus
1657 2295 1740 2340 eo
1782 2276 1856 2338 in
1895 2276 2152 2355 oppido
2191 2276 2591 2352 haererent,
2634 2275 3096 2338 concionibus

638 2393 877 2447 tamen
904 2384 1112 2447 unius
1143 2402 1232 2448 ex
1260 2384 1523 2448 nostris
1555 2386 1672 2448 illa
1703 2386 1775 2447 in
1805 2385 2111 2448 ecclesia
2141 2383 2423 2463 habitis,
2460 2384 2724 2445 abusus
2741 2382 3095 2462 Juramen-

641 2501 878 2554 torum
907 2493 1224 2554 sublatus
1254 2505 1384 2567 est,
1419 2492 1537 2571 qui
1566 2492 1782 2555 etiam
1810 2492 1885 2554 in
1917 2490 2420 2554 ecclesiasticis
2450 2489 2831 2569 regnabat;
2881 2490 3095 2552 intro·

636 2598 850 2662 ducta
880 2598 1010 2662 fuit
1041 2599 1428 2661 christiana
1459 2598 1814 2677 doctrina,
1859 2598 2281 2678 quibusdam
2324 2598 2561 2677 pueris
2603 2596 2789 2659 hanc
2830 2596 3095 2658 exerci-

637 2706 976 2769 tationem
1006 2715 1165 2785 post
1194 2716 1596 2769 nostrorum
1633 2723 1992 2769 recessum
2024 2706 2519 2783 retinentibus;
2553 2713 2782 2767 mater
2817 2712 2885 2765 et
2918 2720 3096 2765 uxor

639 2810 1077 2876 Marchionis
1108 2813 1194 2876 de
1235 2812 1589 2892 Berlanga
1631 2810 1653 2841 ⁵
1698 2812 2183 2875 confessiones
2221 2812 2593 2891 generales
2635 2810 2853 2874 totius
2902 2811 3095 2872 vitae

631 2919 974 2997 fecerunt;
1009 2930 1076 2981 et
1106 2937 1268 2983 cum
1317 2923 1530 2982 semel
1571 2938 1662 2981 ex
1701 2931 2041 2999 suggestu
2087 2918 2424 2981 sacerdos
2461 2918 2949 2991 descenderet,
2994 2918 3097 2979 sic

637 3044 818 3090 unus
850 3044 938 3089 ex
968 3027 1397 3107 primoribus
1427 3024 1578 3105 ejus
1607 3026 1953 3089 ecclesiae
1984 3036 2378 3089 commotus
2407 3024 2662 3102 fuerat,
2689 3033 2789 3101 ut,
2826 3022 2917 3085 ad
2947 3022 3097 3102 eJus

631 3150 869 3213 genua
898 3134 1336 3213 provolutuS,
1371 3152 1447 3195 se
1477 3143 1700 3196 totum
1725 3134 1796 3195 in
1821 3132 1972 3213 ejus
1999 3132 2323 3194 manibus
2352 3131 2853 3209 resignaverit,
2887 3146 3094 3208 gene·

638 3241 883 3303 raliter
914 3240 1279 3303 confessus
1309 3252 1438 3318 est,
1473 3249 1539 3302 et
1570 3240 1658 3301 ad
1689 3240 2031 3303 exercitia
2063 3237 2515 3318 suscipienda
2546 3238 2995 3316 Complutum
3018 3254 3097 3299 se

634 3358 1015 3411 venturum
1045 3348 1398 3427 promisit3
1433 3348 1692 3409 multae
1725 3364 1941 3426 paces
1972 3347 2407 3425 compositae
2434 3345 2742 3424 suerunt,
2776 3353 2847 3406 et
2880 3360 3098 3423 popu-

635 3457 747 3517 lus
777 3471 1225 3532 summopere
1256 3453 1550 3516 affectus
1579 3471 1753 3533 erga
1785 3454 1979 3516 illum
2012 3452 2591 3517 concionatorem
2627 3453 2917 3515 relictus
2957 3460 3085 3512 est.

715 3700 731 3731 ¹
791 3699 923 3743 Vlde
948 3700 1140 3743 cartas
1155 3700 1221 3742 de
1239 3699 1350 3741 San
1371 3698 1607 3751 Ignacio,
1629 3705 1665 3741 t.
1689 3710 1760 3749 ιν,
1781 3708 1901 3753 pag.
1916 3697 2008 3750 165,
2024 3703 2074 3739 et
2098 3702 2136 3739 t.
2154 3709 2204 3749 v,
2219 3706 2337 3751 pag.
2354 3695 2435 3738 295
2450 3702 2500 3737 et
2517 3705 2649 3749 quae
2671 3694 2741 3737 ibi
2759 3692 3097 3746 conjectando

629 3771 773 3815 dicta
795 3778 931 3821 sunt,
949 3778 1126 3815 annot.
1145 3770 1188 3823 2,
1209 3770 1387 3813 confer
1405 3780 1520 3813 cum
1544 3770 1622 3823 iis,
1645 3780 1776 3823 quae
1798 3770 1884 3812 hic
1907 3774 2081 3811 annot.
2103 3767 2435 3822 praecedenti
2457 3778 2520 3809 ex
2535 3766 2879 3809 Nmnmmnno
2897 3764 3098 3807 desum-

629 3843 846 3897 psimus,
884 3847 938 3886 et
971 3843 1177 3887 videbis
1207 3843 1375 3897 magis
1405 3842 1525 3886 huic
1558 3842 1756 3885 Dldnco
1790 3840 2042 3884 Martinez
2078 3839 2354 3883 convenire
2376 3849 2509 3893 quae
2541 3838 2627 3881 hic
2657 3849 2691 3881 a
2722 3837 2947 3881 Polanco
2977 3846 3097 3879 nar-

629 3922 831 3959 rantur.

715 3986 738 4017 ²
791 3985 868 4029 De
889 3986 972 4029 his
991 3988 1159 4041 plura,
1177 3998 1274 4029 non
1291 3988 1456 4031 solum
1471 3986 1538 4030 ad
1557 3986 1690 4029 hunc
1713 3984 1963 4029 Martincz
1985 3981 2280 4038 spectantia
2304 3980 2395 4025 sed
2415 3982 2575 4025 etiam
2596 3981 2664 4025 ad
2694 3980 2845 4033 alios,
2868 3979 2921 4022 ln
2942 3978 3097 4021 Nova

637 4058 794 4101 serie
818 4058 1131 4100 litterarum
1167 4056 1348 4100 Sancti
1377 4058 1599 4110 Ignatii.

711 4129 735 4161 ³
788 4129 938 4173 Allus
960 4131 1026 4173 ab
1049 4140 1124 4183 eo,
1147 4130 1209 4173 de
1230 4141 1327 4184 quo
1349 4140 1524 4183 supra.
1543 4140 1664 4183 pag.
1684 4128 1780 4181 414,
1803 4140 1852 4171 n.
1873 4127 1970 4171 893.

711 4202 736 4235 ⁴
794 4200 926 4244 “Por
946 4213 1031 4243 ser
1048 4207 1157 4245 este
1180 4192 1388 4254 Colegio
1408 4201 1469 4243 de
1491 4202 1678 4243 Alcala
1699 4201 1928 4243 enfermo
1950 4200 2028 4241 los
2049 4209 2215 4241 meses
2236 4197 2297 4239 de
2320 4196 2521 4251 Agosto
2546 4209 2580 4252 y
2615 4195 2955 4249 Septlembre.
2986 4205 3100 4248 pro-

631 4274 832 4317 curaba
851 4274 901 4317 el
922 4273 977 4315 P.
1003 4272 1320 4317 Villanueva
1341 4272 1523 4315 envlar
1539 4273 1618 4315 los
1637 4271 1699 4314 de
1730 4282 1870 4324 casa,
1894 4270 2296 4323 especialmeme
2318 4270 2349 4310 a
2368 4269 2447 4311 los
2465 4267 2745 4311 hermanos
2764 4266 3103 4313 estudiames,

635 4346 1051 4400 repartiendoloa
1083 4356 1178 4399 por
1213 4346 1452 4388 diversas
1483 4350 1676 4397 partem
1702 4354 1897 4397 porque
1919 4346 1948 4384 a
1979 4342 2197 4396 algunos
2226 4340 2452 4384 enviaba
2482 4342 2515 4382 a
2551 4339 2814 4391 Bes-langa
2834 4337 3000 4381 dende
3022 4339 3101 4380 los

633 4420 961 4471 aposentaba
983 4428 1016 4471 y
1033 4418 1284 4471 regalaba
1305 4416 1418 4460 Don
1439 4415 1736 4460 Hieronimo
1758 4415 1820 4458 de
1845 4414 2051 4468 Bivero‚
2073 4411 2226 4457 Abad
2246 4412 2309 4455 de
2331 4410 2648 4465 Berlanga.„
2670 4410 2888 4460 Casuo.
2920 4408 3099 4453 Hism-

638 4488 728 4532 del
752 4489 956 4543 Cotegio
975 4490 1042 4533 de
1067 4490 1272 4539 Alcala,
1291 4489 1379 4533 lib.
1401 4502 1452 4543 v,
1475 4498 1590 4541 cap.
1619 4486 1903 4531 xit-Vide
1924 4486 2076 4539 infra,
2099 4497 2146 4528 n.
2166 4484 2262 4527 915.

715 4560 739 4593 ⁸
796 4560 975 4606 Sermo
997 4567 1076 4605 est
1106 4562 1169 4605 de
1189 4562 1355 4616 primo
1376 4560 1670 4605 Marchione
1701 4560 1764 4603 de
1785 4558 2065 4611 Berlanga.
2096 4554 2294 4609 Joanne
2326 4554 2561 4600 Sanchez
2580 4554 2643 4599 de
2665 4555 2889 4599 velasco
2911 4558 2966 4597 et
3002 4552 3099 4595 To-

637 4643 750 4683 var.
771 4633 914 4688 cnjus
933 4644 1066 4676 uxor
1085 4640 1202 4675 erat
1222 4632 1420 4684 Joanna
1443 4630 1716 4686 Euriquez,
1738 4636 1790 4673 et
1814 4634 1985 4672 mater
2006 4626 2175 4672 Maria
2205 4629 2266 4670 de
2298 4628 2475 4671 Tovar
2495 4636 2547 4670 et
2572 4626 2786 4679 Vivero;
2824 4626 2915 4669 illa
2938 4624 3099 4669 Ducis

633 4705 699 4747 de
720 4704 910 4749 Alcala
930 4704 1053 4756 filia.
1076 4704 1206 4746 haec
1225 4702 1446 4746 Ducissa
1465 4703 1527 4745 de
1547 4702 1720 4745 Frias.
1749 4700 1969 4754 Euneos,
2002 4699 2205 4742 Blason
2230 4700 2296 4742 de
2330 4699 2572 4753 Espana,
2595 4706 2630 4741 t.
2668 4708 2741 4747 111,
2761 4708 2882 4751 pag.
2904 4696 2973 4747 ⁴43
3006 4694 3041 4737 S
3056 4707 3103 4737 a·

635 4786 824 4829 ιΑῑΑι,
847 4774 1091 4819 Historia
1115 4774 1457 4828 genealogica
1480 4774 1545 4817 de
1567 4772 1620 4815 la
1643 4782 1770 4815 casa
1789 4772 1854 4814 de
1878 4770 2043 4821 Lara,
2066 4778 2100 4814 t.
2126 4782 2155 4819 ι,
2184 4782 2301 4825 pag.
2319 4772 2417 4815 525.
