3742 5392
1560 492 1687 551 ΑΝ.
1732 490 1871 551 1554
2851 489 2962 549 577

492 657 668 703 nam
696 636 837 702 d‘uo
865 639 1141 719 priores
1170 638 1244 701 in
1272 638 1664 718 Episcopos
1693 655 1735 700 a
1765 634 2057 701 Summo
2087 636 2426 701 Pontifice
2469 636 2674 699 e‘lecti
2694 654 2784 699 ac
2806 652 2957 699 suc-

499 762 825 810 cessores
863 744 1327 810 Patriarchae
1368 755 1676 825 quatuor
1714 753 1890 808 vota
1932 744 2314 807 emiserant
2369 742 2411 804 ¹:
2457 751 2604 806 tres
2647 742 2828 806 alios
2869 760 2962 807 ex

502 852 849 935 Hispania
878 853 1063 917 mitti
1090 852 1169 916 P.
1200 852 1521 933 Ignatius
1540 851 1749 934 jussit
1779 860 1851 915 ut
1904 844 2184 914 facilius
2231 852 2543 932 reliquos
2579 849 2960 914 Provincia

502 960 983 1040 Portugalliae
1012 960 1415 1039 assignaret
1444 957 1489 1018 ⁸.

630 1066 806 1131 1233.
891 1065 1071 1131 Cum
1128 1066 1204 1131 P.
1256 1066 1491 1130 Miron
1530 1066 2005 1131 provincialis
2053 1064 2524 1146 significasset
2573 1065 2649 1130 P.
2703 1064 2963 1148 Joanni

506 1174 801 1254 Nugnez
831 1175 1020 1255 quod
1048 1175 1123 1237 in
1154 1174 1610 1254 Aethiopiam
1640 1173 1869 1237 iturus
1899 1183 2077 1253 erat,
2108 1173 2538 1254 perlibenter
2561 1172 2858 1254 accepit;
2885 1183 2964 1236 ut

506 1281 696 1345 enim
725 1282 797 1345 in
824 1280 1073 1345 Africa
1105 1282 1287 1345 inter
1320 1277 1725 1345 Saracenos
1754 1280 2053 1344 libenter
2085 1279 2174 1343 ob
2218 1279 2662 1344 obedientiae
2699 1288 2770 1343 et
2807 1280 2968 1343 cha-

506 1389 741 1452 ritatis
768 1389 1359 1453 exercitationem
1386 1387 1838 1467 versabatur,
1870 1387 1972 1451 ita
2001 1396 2072 1450 et
2101 1388 2175 1451 in
2203 1386 2463 1451 Turcia
2489 1395 2558 1450 et
2581 1388 2656 1451 in
2677 1386 2965 1451 Aethio·

506 1496 625 1577 pia
652 1496 1113 1560 libentissime
1141 1495 1370 1559 vitam
1398 1492 1492 1558 ad
1520 1494 1655 1558 Dei
1684 1494 1990 1574 gloriam
2016 1493 2425 1574 impendere
2455 1503 2748 1574 paratus
2787 1503 2964 1573 erat;

506 1602 633 1666 sed
683 1602 859 1667 dure
908 1602 1291 1666 admodum
1343 1602 1623 1681 accepit
1672 1600 1863 1680 quod
1913 1600 2006 1664 ad
2053 1600 2516 1664 Patriarchae
2567 1599 2873 1664 officium
2923 1618 2966 1663 a

505 1708 704 1789 Rege
731 1710 1136 1773 nominatus
1164 1717 1297 1786 est,
1332 1718 1402 1771 et
1431 1710 1532 1772 ita
1565 1708 1679 1772 ille
1707 1706 1783 1771 P.
1818 1707 2097 1786 Ignatio
2149 1707 2395 1771 scribit
2444 1717 2646 1772 sexta
2699 1706 2971 1789 Aprilis

510 1834 637 1898 per
666 1816 930 1881 Christi
958 1818 1262 1880 vulnera
1289 1814 1701 1897 supplicans
1730 1832 1819 1879 ne
1843 1813 2123 1894 juberet
2153 1816 2370 1879 ullam
2397 1813 2820 1895 dignitatem
2851 1814 2967 1878 ad·

500 1924 811 2002 mittere,
846 1923 1269 2004 praesertim
1310 1922 1810 2001 Patriarchae;
1852 1921 1989 1983 hoc
2029 1922 2220 1985 enirn
2247 1931 2404 1984 erat
2434 1922 2615 1985 inter
2645 1938 2754 2001 ea,
2789 1939 2969 2003 quae

594 2243 610 2275 ¹
668 2242 731 2286 P.
756 2240 998 2286 Andreas
1014 2240 1076 2283 de
1096 2236 1296 2284 Oviedo
1317 2236 1691 2293 professionem
1710 2237 1957 2281 emiserat
1977 2235 2214 2281 Gandiae
2231 2236 2286 2279 25
2307 2236 2482 2281 Martii
2515 2237 2620 2281 1549
2654 2238 2704 2283 in
2738 2240 2974 2286 manibus

510 2315 567 2359 P.
594 2313 807 2358 Antonii
828 2313 890 2356 de
912 2313 1103 2355 Araoz.
1124 2310 1257 2355 Vide
1278 2319 1456 2364 snpra,
1477 2314 1513 2353 t.
1530 2318 1608 2359 111.
1630 2319 1749 2363 pag.
1775 2308 1841 2361 13,
1858 2312 2036 2352 annot.
2057 2307 2213 2352 1.—P.
2229 2306 2478 2353 Melchior
2495 2307 2746 2355 Carneiro
2759 2310 2974 2367 Romae,

500 2384 566 2429 ⁴2⁴
585 2384 723 2437 Junii
746 2384 867 2437 1554,
890 2384 943 2427 in
962 2382 1201 2426 manibus
1223 2380 1400 2425 Patria
1418 2379 1623 2424 Nicolai
1642 2378 1934 2423 Bobadilia.
1953 2378 2088 2423 Vide
2106 2389 2286 2434 snpra.
2305 2390 2425 2433 pag.
2445 2380 2490 2434 8,
2511 2392 2558 2423 u.
2574 2382 2733 2426 7.—P.
2750 2381 2977 2435 joannen

509 2456 689 2501 Nuflez
707 2454 1039 2512 Uiyoeipone,
1058 2454 1088 2496 8
1109 2451 1431 2507 Septembris
1460 2450 1653 2499 155⁴.in
1674 2451 1914 2495 manibus
1945 2450 2122 2494 Patris
2150 2449 2330 2502 Jacobi
2365 2448 2594 2507 Mironis,
2627 2451 2976 2499 provincialis

510 2526 832 2573 Lusitaniae.
854 2526 983 2570 Cod.
1010 2536 1137 2569 rom.
1160 2522 1410 2579 professi
1428 2525 1483 2566 et
1501 2523 1604 2566 alii
1623 2523 1696 2565 aa
1714 2522 1866 2566 1570.

586 2600 610 2631 ²
669 2598 920 2651 Quoniam
941 2598 1240 2651 discrepant
1259 2594 1493 2639 nonnihil
1512 2594 1648 2638 inter
1667 2604 1723 2637 se
1754 2593 1841 2649 qni
1873 2594 1936 2637 de
1969 2593 2086 2637 istis
2117 2600 2281 2648 agunt
2311 2596 2594 2650 scriptores
2615 2596 2666 2640 in
2699 2596 2971 2652 designan-

508 2671 591 2716 dis
608 2670 688 2724 iis,
708 2670 793 2725 qui
815 2670 882 2715 ad
904 2669 1275 2723 Aethiopicam
1294 2666 1589 2711 missionem
1608 2667 1949 2721 navigarunt,
1965 2666 2118 2720 juvat
2151 2664 2238 2709 hic
2271 2678 2450 2711 eorum
2490 2668 2715 2721 nomina.
2750 2676 2904 2724 prout
2935 2681 2969 2714 a

510 2742 751 2797 Polanco,
773 2740 1040 2785 orlandini
1062 2746 1114 2783 et
1135 2740 1309 2784 Tellez
1322 2739 1703 2789 describuntur,
1724 2737 1996 2782 exhibere:

1396 2946 1411 3037 Ι

811 3024 1095 3067 Focaneus.
1400 3040 1411 3089 Ι
1656 3019 1966 3077 Ouanota.
2497 3022 2712 3067 Tarm.

537 3243 581 3285 1.
614 3241 675 3285 Ρ.
702 3238 763 3284 T.
794 3237 1031 3291 Quadi-o·
1046 3262 1360 3282 ............
1422 3234 1485 3280 Ρ.
1517 3233 1575 3277 Τ.
1613 3233 1849 3287 Quadros
1858 3260 2170 3279 ............
2228 3233 2290 3279 P.
2323 3234 2388 3281 T.
2422 3234 2674 3288 Quadros.

533 3312 583 3356 2.
617 3312 675 3355 Ρ.
706 3309 895 3354 Franc.
916 3308 1209 3363 Rodriguez
1216 3335 1359 3351 ......
1420 3305 1483 3351 Ρ.
1518 3306 1705 3351 Franc.
1736 3306 2040 3351 Rodericius
2048 3336 2298 3351 ........
2316 3338 2322 3346 .
2339 3334 2972 3357 ........................

532 3382 583 3427 3.
619 3382 675 3427 Ρ.
702 3381 819 3426 Em.
838 3380 1359 3425 Feruandez.........
1421 3379 1483 3423 P.
1517 3378 1634 3423 Em.
1664 3378 1966 3423 Fernandez
1972 3408 2167 3425 ........
2227 3378 2287 3422 Ρ.
2321 3377 2436 3423 Em.
2457 3378 2778 3425 Fernandez.

534 3456 582 3501 4.
615 3453 672 3498 Ρ.
702 3453 780 3506 Jo.
812 3452 1141 3496 Bocchiu....
1156 3478 1357 3495 ........
1422 3450 1485 3495 Ρ.
1518 3450 1596 3502 Jo.
1616 3448 1875 3495 Bocchius
1909 3478 2168 3496 ..........
2227 3450 2282 3494 Ρ.
2309 3450 2390 3503 Jo.
2411 3451 2626 3496 flander.

532 3528 577 3571 5.
617 3525 680 3569 Ρ.
711 3524 866 3569 mich.
888 3524 1049 3569 Bai-nl
1054 3550 1361 3569 ............
1420 3522 1482 3566 Ρ.
1514 3521 1669 3567 Mich.
1690 3522 1914 3567 Bai-ulus
1915 3550 2166 3567 ..........
2226 3521 2284 3568 Ρ.
2313 3521 2465 3567 Mich.
2507 3522 2792 3579 Galatam,
2831 3530 2975 3570 cata-

2276 3596 2444 3640 lanus.

534 3672 581 3717 6.
617 3672 673 3715 P.
704 3672 867 3715 Andr.
890 3670 1147 3715 Gonzalez
1157 3699 1360 3716 ........
1422 3665 1483 3709 P.
1517 3666 1681 3710 Andr.
1704 3664 1962 3710 Gonzalez
1968 3698 2166 3714 ........
2226 3665 2289 3712 Ρ.
2325 3667 2489 3711 Andr.
2510 3666 2784 3712 Gonzalez.

533 3744 580 3786 7.
615 3743 669 3788 Ρ.
696 3743 773 3796 Jo.
796 3743 1023 3788 Thomas
1044 3742 1365 3804 Passitenus.
1427 3766 2972 3791 ........................................................

534 3814 581 3859 8.
616 3814 703 3861 Fr.
735 3815 1009 3870 Pasqnalis
1016 3844 1359 3860 .............
1425 3808 1482 3851 P·
1516 3809 1789 3856 paschalis
1798 3840 2004 3858 ........
2023 3850 2028 3855 .
2042 3842 2167 3861 .....
2228 3808 2287 3853 Ρ.
2320 3810 2615 3862 paschalis,
2648 3811 2974 3857 catalaunus.

532 3887 579 3932 9.
614 3884 701 3932 Fr.
727 3885 885 3941 Αιριι,
924 3886 1095 3941 Lopez
1104 3915 1359 3931 ..........
1422 3881 1483 3925 P.
1518 3881 1674 3935 Alph.
1700 3881 1874 3936 Lopez
1883 3912 2168 3931 ...........
2227 3880 2289 3927 P.
2323 3882 2482 3936 Alph.
2502 3882 2692 3936 Lopez.
2884 3870 2891 3877 '

508 3955 585 3999 10.
624 3984 1363 4001 .
1422 3953 1483 3996 Ρ.
1517 3952 1729 3999 Hieron.
1752 3955 1966 4000 Concha
1969 3985 2165 4003 .......
2229 3953 2290 3997 Ρ.
2326 3953 2538 3999 Hieron.
2561 3954 2786 4001 Cuenca.

509 4028 579 4071 11.
620 4056 771 4074 ......
788 4062 795 4068 .
811 4056 1361 4074 .....................
1420 4024 1510 4069 Fr.
1530 4027 1722 4070 Anton.
1743 4026 1942 4071 Acoata
1946 4052 2976 4076 ....................................

506 4098 583 4158 12.
621 4126 2170 4147 ........................................................
2228 4095 2314 4141 Fr·
2332 4095 2409 4149 Jo·
2431 4096 2750 4151 Gonoalves·

509 4170 583 4215 13.
622 4198 2170 4219 ........................................................
2229 4166 2317 4212 Fr·
2341 4168 2522 4214 Barth.
2540 4170 2781 4216 Cari-illo.

507 4242 583 4287 14.
622 4269 2168 4290 ........................................................
2230 4238 2317 4284 Fr·
2339 4240 2528 4285 Franc.
2546 4241 2735 4298 Lopez.

511 4313 583 4358 15.
623 4342 2169 4362 .......................................................
2229 4312 2319 4357 Fr.
2341 4313 2507 4359 Gund.
2531 4312 2777 4361 Cardono.

510 4385 581 4430 1⁶.
624 4414 899 4431 ...........
914 4418 921 4426 .
939 4411 1549 4432 .....................
1556 4396 1563 4402 ·
1564 4412 2170 4430 .......................
2231 4386 2318 4431 Fr.
2343 4387 2535 4433 Anton.
2558 4388 2875 4437 Fernandez.

508 4455 581 4499 17.
622 4485 2170 4504 .......................................................
2231 4458 2317 4503 Fr.
2339 4460 2416 4513 Jo.
2439 4462 2500 4503 de
2523 4460 2888 4510 Bustamante.

590 4675 673 4717 An
694 4674 728 4717 ii
748 4686 925 4719 omnes
944 4674 1156 4721 Patrem
1176 4674 1513 4721 Melchiorem
1533 4676 1784 4721 Carneiro
1804 4678 1928 4722 vela
1950 4676 2262 4734 Ulyssipone
2277 4682 2568 4725 solventem
2605 4682 2840 4727 comitati
2859 4685 2966 4731 sint

507 4756 611 4798 qua
632 4744 683 4789 in
702 4756 761 4789 re
780 4746 939 4791 etiam
961 4747 1267 4803 discrepant
1282 4753 1545 4802 auctores,
1566 4748 1833 4794 videbitur
1851 4759 1990 4793 anno
2007 4750 2260 4805 proximo.
2974 4732 2988 4755 ⁹

802 4834 879 4895 Τ.
911 4853 989 4893 tv.
