3742 5392
672 459 782 518 510
1593 457 1852 518 Canon.
1892 457 2044 518 Soc.
2087 460 2120 532 J
2134 475 2227 516 as.

679 625 817 686 quo
849 615 1124 670 tantum
1152 607 1293 671 viri
1324 624 1466 670 non
1497 615 1736 670 autem
1758 605 2109 669 foeminae
2132 603 2673 667 conveniebant.
2702 601 2893 666 Idem
2914 619 3145 664 sacer-

681 712 814 776 dos
843 714 918 776 in
947 711 1359 777 Cathedrali
1387 713 1693 776 ecclesia
1721 728 1939 791 saepe
1978 709 2572 784 concionabatur,
2620 716 2690 772 et
2726 708 2798 772 in
2838 706 3143 788 quodam

681 819 1182 899 religiosarum
1211 820 1682 897 monasterio,
1716 818 1972 900 quibus
1999 816 2425 880 monialibus
2466 816 2584 879 vel
2624 815 2863 882 multis
2900 831 3146 877 earum

679 945 845 990 cum
874 927 1274 1007 spiritualia
1303 927 1649 990 exercitia
1679 925 2167 1007 proposuisset
2190 972 2205 1002 ‚
2245 923 2502 987 mirum
2542 923 2616 986 in
2653 920 2943 986 modum
2984 921 3145 984 illae

684 1031 1171 1115 profecerunt;
1204 1051 1372 1098 nam
1395 1043 1901 1114 praeterquam
1924 1030 2114 1113 quod
2139 1031 2404 1094 multae
2429 1047 2545 1094 res
2569 1029 2941 1108 pretiosas,
2970 1045 3147 1108 quas

683 1139 1020 1220 privatim
1048 1141 1442 1219 habebant,
1476 1140 1568 1203 ad
1595 1139 1814 1220 pedes
1843 1138 2232 1202 Abbatisae
2262 1137 2680 1215 attulerunt;
2706 1143 2853 1199 tam
2873 1134 3145 1198 ferven-

679 1257 790 1310 tes
820 1247 893 1310 in
923 1248 1246 1312 oratione
1277 1264 1363 1310 ac
1393 1247 1859 1310 meditatione
1888 1245 2045 1309 Deo
2076 1245 2469 1322 vacabant,
2512 1255 2588 1307 ut
2626 1261 2717 1306 ne
2756 1241 3024 1322 aliquid
3060 1241 3147 1304 de

683 1365 1001 1434 tempore
1031 1354 1124 1418 ad
1155 1371 1278 1418 eas
1309 1354 1662 1417 destinato
1692 1351 2107 1430 decederet,
2140 1351 2443 1415 vestitae
2473 1360 2690 1414 noctu
2734 1348 3143 1426 dormirent,

679 1471 754 1525 et
782 1461 854 1525 in
883 1460 1183 1525 chorum
1213 1461 1304 1524 ad
1333 1460 1812 1524 meditandum
1859 1459 2069 1524 simul
2112 1457 2694 1538 egrediebantur,
2746 1465 2815 1520 et
2855 1471 3146 1534 genera-

684 1571 788 1632 les
814 1569 1029 1633 totius
1056 1570 1250 1631 vitae
1280 1568 1768 1631 confessiones
1798 1567 2168 1630 instituere
2196 1566 2555 1629 volebant.
2586 1563 2743 1628 Hoc
2783 1562 2969 1626 idem
3008 1563 3149 1626 alia

685 1676 824 1740 tria
853 1676 1287 1739 monasteria
1315 1675 1816 1755 religiosarum
1839 1673 2333 1755 postulabant,
2380 1673 2635 1753 quibus
2673 1680 2948 1749 tamen,
2992 1687 3149 1748 pro·

681 1793 842 1864 pter
891 1783 1382 1864 operariorum
1429 1783 1804 1863 penuriam
1825 1831 1839 1860 ,
1895 1779 2229 1845 satisfieri
2284 1797 2430 1842 non
2486 1779 2716 1860 potuit
2776 1777 2815 1841 ⁸.
2878 1777 3151 1841 Civitas

682 1899 923 1954 autem
951 1889 1161 1953 valde
1192 1888 1446 1953 affecta
1477 1891 1690 1964 etiam
1721 1888 1813 1952 ad
1841 1887 2269 1952 Societatem
2298 1897 2617 1950 nostram
2646 1893 2833 1964 erat,
2867 1894 2937 1948 et
2974 1887 3147 1947 mul·

691 2010 839 2060 tum
870 1997 973 2060 eis
1003 1996 1378 2059 tribuebat.

811 2102 986 2166 1080.
1074 2102 1257 2166 Cum
1285 2112 1522 2165 autem
1551 2101 1829 2177 Eborae
1870 2111 2109 2181 actuS,
2157 2119 2365 2182 quem
2407 2111 2703 2180 vocant,
2749 2100 3148 2181 Inquisitio-

685 2211 796 2274 nis
823 2210 978 2275 fieri
1006 2209 1323 2287 deberet,
1358 2209 1752 2290 postulavit
1780 2209 2167 2290 Inquisitor
2208 2218 2286 2272 ut
2328 2209 2557 2274 nostri
2598 2206 3019 2289 quibusdam
3062 2224 3152 2271 ex

690 2318 830 2380 >illis
859 2315 1190 2380 adessent
1212 2365 1226 2394 ,
1261 2333 1441 2398 quos
1470 2315 1765 2380 brachio
1793 2316 2149 2379 saeculari
2178 2325 2385 2379 erant
2415 2315 2780 2393 tradituri,
2805 2324 2881 2377 ut
2902 2331 3151 2378 conso-

685 2427 1005 2489 larentur
1063 2432 1133 2487 et
1191 2423 1590 2487 animarent
1647 2439 1804 2502 eos;
1848 2440 1989 2503 quo
2046 2423 2333 2503 pietatis
2366 2421 2613 2500 ⁸officio
2665 2422 2959 2485 biduum
3006 2429 3152 2484 tam

690 2532 996 2595 interdiu
1048 2547 1262 2612 quam
1310 2540 1528 2594 noctu
1570 2530 1798 2594 nostri
1842 2531 1915 2593 in
1961 2547 2252 2594 carcere
2295 2529 2519 2594 functi
2562 2539 2757 2604 sunt,
2790 2538 2862 2592 et
2906 2526 3023 2610 [ex
3066 2528 3153 2591 iis

691 2636 897 2720 unus]
923 2638 1294 2717 ctijusdam
1323 2655 1570 2701 eorum
1599 2636 2123 2701 confessionem
2150 2637 2455 2716 audivit,
2488 2636 2607 2718 qui
2636 2635 3151 2719 comburendus

686 2755 884 2826 erat,
916 2753 986 2808 et
1015 2744 1301 2825 deinde,
1337 2745 1549 2826 paulo
1579 2752 1744 2808 ante
1774 2753 2076 2809 mortem
2094 2793 2109 2824 ,
2142 2744 2435 2808 brevem
2458 2742 2609 2824 ejus
2638 2741 3151 2807 reconciliatio·

687 2868 853 2914 nem
885 2851 1191 2932 audivit,
1226 2851 1349 2932 qui
1377 2852 1639 2932 optime
1670 2851 2061 2932 dispositus
2090 2869 2183 2914 ex
2212 2851 2352 2914 hac
2382 2851 2531 2914 vita
2573 2850 2916 2914 decedere
2954 2849 3152 2913 visus

686 2966 816 3022 est.
851 2958 1119 3022 Eodem
1149 2957 1262 3021 die
1291 2972 1456 3021 cum
1485 2958 1782 3037 triginta
1815 2975 1907 3022 ex
1936 2958 2049 3022 his
2073 3006 2087 3035 ,
2122 2959 2244 3039 qui
2273 2957 2706 3038 poenitentia
2744 2957 2973 3020 notati
3010 2955 3161 3020 fue-.

685 3074 848 3128 rant
877 3065 969 3128 ab
997 3064 1248 3128 eodem
1280 3063 1513 3128 officio
1531 3113 1546 3144 ,
1581 3064 1790 3128 simul
1819 3063 1893 3128 in
1922 3065 2232 3144 quodam
2262 3074 2501 3128 essent
2542 3064 2867 3127 cubiculo
2890 3113 2905 3143 ,
2950 3079 3151 3142 roga-

685 3171 792 3235 vit
819 3169 1201 3252 Inquisitor
1230 3169 1557 3234 eumdem
1584 3170 1873 3235 Patrem
1909 3181 1987 3235 ut
2024 3172 2315 3235 eosdem
2359 3171 2870 3252 alloqueretur,
2918 3181 2993 3232 ut
3034 3188 3151 3234 no·

683 3290 834 3342 tam
862 3279 1058 3342 illam
1085 3277 1522 3358 ignominiae
1543 3327 1558 3358 ‚
1592 3295 1808 3358 quam
1835 3278 2136 3342 subituri
2166 3288 2403 3358 erant,
2439 3277 2543 3342 sic
2571 3278 2921 3358 subirent,
2955 3287 3033 3341 ut
3062 3276 3151 3340 ad

684 3386 1084 3450 animarum
1112 3384 1488 3448 utilitatem
1519 3401 1679 3448 eam
1706 3394 2240 3465 converterent;
2274 3393 2343 3448 et
2368 3384 2606 3448 multis
2630 3402 2793 3449 cum
2814 3385 3155 3465 lacrymis

685 3493 776 3556 ab
805 3493 912 3556 eis
937 3490 1223 3556 auditus
1253 3499 1385 3556 est.

816 3597 992 3661 1081.
1079 3597 1273 3662 Idem
1311 3596 1387 3661 P.
1428 3598 1846 3662 Emmanuel
1886 3598 2304 3662 Fernandez
2356 3617 2519 3664 cum
2570 3599 3032 3663 intellexisset
3081 3600 3153 3661 in

685 3707 901 3769 domo
923 3753 938 3784 ,
973 3721 1186 3786 quam
1208 3704 1753 3768 Misericordiae
1773 3715 2038 3769 vocant
2056 3753 2071 3784 ,
2095 3705 2439 3770 ducentos
2463 3723 2621 3770 esse
2644 3706 3044 3770 confratres
3066 3724 3155 3770 ex

769 3909 788 3941 ¹
844 3909 1138 3964 Praecipua
1156 3910 1476 3954 monasteria
1495 3911 1593 3954 hoc
1616 3915 1850 3965 tempore
1871 3911 2084 3956 Eborac
2104 3919 2285 3957 erant:
2308 3914 2333 3935 “
2350 3913 2388 3956 1.
2410 3910 2454 3957 0
2474 3911 2723 3956 Mosteiro
2743 3913 2807 3956 de
2830 3911 2883 3956 S.
2904 3913 3072 3958 Beato
3093 3914 3155 3957 de

686 3981 982 4036 Religiosae
1001 3981 1299 4053 Ber-nardus
1314 4014 1326 4037 ,
1347 3981 1574 4028 fundado
1597 3985 1742 4038 pelos
1773 3994 1937 4028 annos
1958 3984 2020 4027 de
2046 3984 2163 4038 1169,
2187 3985 2429 4030 havendo
2447 3985 2610 4029 multo
2630 3995 2726 4040 que
2750 3985 2842 4029 alli
2870 3986 3033 4029 havit
3053 3983 3152 4030 Re·

682 4053 922 4098 colhidas
938 4084 950 4107 ,
972 4063 1033 4098 as
1051 4065 1213 4107 quaes
1234 4053 1334 4097 deu
1356 4054 1610 4109 principio
1632 4054 1836 4099 Urraca
1858 4054 2105 4100 Ximenez
2120 4089 2131 4109 ,
2154 4057 2355 4100 mulher
2376 4068 2495 4111 may
2518 4058 2679 4100 nobre
2698 4067 2814 4101 com
2831 4057 3013 4101 variae
3030 4067 3155 4102 snas

683 4130 960 4180 parentas,
982 4135 1066 4168 em
1083 4125 1322 4178 distanca
1343 4127 1407 4170 de
1430 4133 1538 4171 tres
1556 4133 1773 4182 quartos
1792 4126 1858 4170 de
1878 4129 2031 4182 legoa
2052 4128 2118 4171 da
2141 4127 2530 4181 pomaeria—2.
2555 4127 2595 4172 0
2618 4128 2886 4172 convento
2914 4128 2979 4172 do
2998 4126 3156 4172 Meni-

683 4209 751 4242 no
769 4197 921 4251 ,lesus
951 4198 1013 4241 de
1049 4198 1343 4252 Religiosas
1361 4199 1425 4243 de
1457 4198 1620 4244 Santo
1641 4201 1953 4255 Αεοειίοἰιο,
1976 4201 2177 4256 sogelto
2206 4212 2300 4245 aos
2320 4201 2634 4255 Arceblspos
2655 4202 2717 4245 de
2739 4200 2933 4250 Evora.
2954 4212 3053 4256 que
3088 4201 3154 4244 he

681 4270 937 4323 {undacao
955 4271 1021 4314 do
1043 4281 1177 4314 anno
1198 4271 1262 4314 de
1280 4271 1494 4316 latu-3.
1509 4271 1550 4317 Ο
1571 4272 1634 4315 de
1657 4271 1951 4327 Religiosas
1971 4272 2034 4316 de
2055 4272 2221 4318 santa
2242 4272 2420 4324 Clara,
2433 4283 2530 4328 que
2549 4273 2614 4316 he
2632 4273 2889 4327 fundacao
2910 4273 2978 4316 do
2999 4273 3159 4328 Blspo

687 4343 751 4385 de
771 4341 980 4396 Evora,
1001 4341 1064 4387 D.
1089 4340 1261 4385 Vasco
1282 4342 1538 4397 Pet-digno
1553 4375 1565 4396 ,
1595 4343 1739 4396 pelos
1769 4354 1935 4388 annos
1968 4344 2030 4388 de
2062 4343 2280 4389 usa-4.
2317 4344 2358 4389 Ο
2388 4343 2634 4388 Mosteiro
2653 4345 2715 4388 de
2736 4345 2905 4390 Nossa
2925 4344 3161 4391 Senhora

691 4415 757 4458 do
773 4411 992 4458 Pau-also
1007 4412 1069 4457 de
1085 4411 1380 4470 Religiosas
1403 4414 1717 4468 Dominicas,
1735 4426 1833 4469 que
1855 4418 2072 4460 recebeo
2091 4427 2125 4461 a
2142 4418 2389 4461 clausura
2408 4427 2490 4461 em
2512 4417 2632 4471 1516,
2653 4418 2895 4461 havendo
2940 4418 2996 4472 ja
3027 4420 3161 4462 nelle

689 4485 1006 4530 Recolhldas
1024 4485 1181 4530 neside
1211 4497 1244 4530 o
1273 4495 1409 4529 anno
1432 4485 1652 4531 1474.-5.
1675 4485 1718 4530 0
1739 4487 1801 4530 de
1835 4485 2003 4532 Sama
2024 4487 2316 4532 Catharlna
2334 4489 2399 4532 de
2420 4487 2558 4533 Sena
2586 4489 2650 4532 de
2670 4487 2962 4542 Rei-'glosas
2988 4488 3161 4534 Domi·

685 4557 860 4606 alcas.
881 4567 978 4612 qne
1008 4557 1260 4618 primeiro
1294 4569 1348 4611 pt
1357 4557 1633 4602 ofessavao
1654 4568 1688 4602 a
1710 4564 1942 4604 tercenta
1962 4557 2138 4614 Regi-a
2158 4560 2311 4604 desta
2330 4559 2521 4604 orclem
2536 4591 2548 4614 ,
2572 4570 2688 4604 com
2706 4571 2737 4604 o
2756 4571 2906 4604 nome
2926 4560 2989 4603 de
3024 4559 3160 4605 Ren-

687 4629 864 4682 glosas
881 4628 946 4672 de
965 4627 1131 4678 santa
1147 4627 1369 4682 Martha.
1386 4639 1413 4672 e
1435 4639 1498 4672 ao
1532 4628 1710 4683 depols
1743 4630 2013 4674 accitarao
2040 4641 2073 4674 a
2094 4628 2450 4677 observancia
2471 4643 2501 4675 e
2522 4636 2773 4686 passaran
2794 4644 2825 4676 a
2864 4643 2998 4676 nova
3021 4631 3161 4676 Casa

683 4711 751 4742 no
773 4710 907 4744 anno
929 4700 1078 4754 16⁴7„
1098 4699 1263 4754 Lma,
1289 4698 1576 4756 Geograsia
1605 4699 1886 4751 historica,
1905 4707 1945 4746 t.
1966 4711 2020 4754 ιι.
2041 4712 2162 4756 pag.
2182 4702 2265 4746 235
2284 4706 2335 4746 et
2356 4703 2458 4747 236.

3732 3207 3739 3250 4
