3742 5392
1693 475 2011 537 AlN.1554
2978 479 3087 539 479

605 620 816 684 simul
843 636 1009 683 cum
1035 619 1111 684 P.
1147 620 1395 685 Araoz
1436 620 1784 686 Comitem
1823 624 2263 704 alloquutus,
2310 624 2763 705 significavit.
2782 626 3085 707 ei·.'quod

606 724 931 791 Societas
959 736 1188 791 totum
1215 746 1398 791 onus
1437 728 1946 794 Universitatis
1988 728 2609 811 compostellanae
2657 743 3081 815 susceptura

607 842 765 898 erat
783 883 798 911 ,
830 833 1021 914 quod
1049 834 1310 899 Comiti
1329 851 1764 917 magnopere
1785 836 2057 917 placuit
2077 886 2091 911 ,
2120 846 2196 900 ut
2217 838 2491 902 scilicet
2512 849 2661 902 tam
2684 838 3083 919 Collegium

605 958 828 1021 quam
893 940 1346 1005 Universitas
1409 940 1752 1007 Societati
1817 943 2473 1009 committerentur:
2537 947 2775 1027 aliqua
2841 957 3081 1012 tamen

608 1047 916 1113 difficilia
949 1048 1424 1113 occurrebant
1451 1048 1530 1113 P.
1562 1048 1801 1113 Natali
1841 1049 2035 1114 circa
2077 1052 2618 1117 instructionem
2658 1072 2703 1117 a
2739 1070 2817 1117 se
2861 1054 2878 1085 ¹
2920 1056 3078 1119 mis·

607 1172 796 1234 sam,
831 1155 1094 1235 partim
1121 1154 1310 1235 quod
1341 1156 1545 1220 multi
1575 1157 1880 1220 lectores
1908 1156 2365 1239 offerrentur,
2412 1161 2654 1240 plures
2692 1179 2908 1241 quam
2945 1163 3081 1242 pri·

607 1261 770 1327 dem
782 1262 936 1327 Dri.
957 1260 1298 1327 Torrensi
1325 1263 1575 1344 scripti
1593 1263 1900 1344 fuerant;
1926 1274 1997 1328 et
2019 1266 2186 1348 quia
2202 1264 2604 1331 Cardinalis
2620 1268 2708 1331 de
2732 1267 3078 1334 reditibus

606 1370 784 1433 nihil
810 1386 1149 1450 expresse
1177 1370 1599 1451 scripserat,
1631 1380 1702 1434 et
1732 1369 1994 1435 Comes
2020 1372 2397 1437 videbatur
2437 1374 2842 1453 significare
2882 1376 3074 1456 quod

603 1477 1061 1557 octingentos
1089 1493 1346 1541 aureos
1375 1478 1594 1541 annui
1623 1477 1893 1542 reditus
1934 1488 2173 1543 essent
2213 1480 2653 1561 applicandi,
2705 1499 2957 1562 parum
3002 1484 3077 1547 id

611 1600 768 1647 esse
796 1582 1176 1648 videbatur
1204 1584 1297 1647 ad
1325 1601 1483 1647 eam
1513 1586 1774 1649 molem
1809 1586 2337 1650 sustinendam:
2386 1586 2671 1651 demum
2712 1590 3080 1655 constituit

606 1706 1036 1755 consensum
1056 1688 1354 1756 Comitis
1377 1690 1840 1755 obtinendum
1859 1708 2040 1771 esse,
2068 1700 2139 1757 et
2160 1690 2463 1757 Romam
2480 1693 2865 1775 rejicienda
2887 1714 2966 1760 es
2975 1714 3075 1777 se,

602 1814 790 1877 >quae
820 1796 1302 1863 difficultatem
1332 1798 1783 1878 ingerebant,
1808 1808 1887 1861 ut
1910 1815 2075 1863 cum
2096 1798 2475 1864 Cardinale
2500 1799 3078 1882 Compostellano

605 1904 682 1968 P.
716 1904 1038 1984 Ignatius
1065 1904 1152 1968 de
1182 1906 1322 1969 illis
1351 1905 1617 1986 aliquid
1647 1906 1824 1970 certi
1853 1915 2229 1970 statueret:
2268 1925 2421 1971 rem
2449 1918 2689 1973 tamen
2728 1911 2921 1974 clare
2958 1912 3076 1975 ad·

614 2012 902 2075 modum
929 2011 1428 2092 explicandam
1456 2013 1913 2093 suggerebat;
1947 2014 2117 2093 quia
2145 2030 2308 2077 cum
2339 2016 2682 2094 gallaecis
2708 2019 3079 2097 negotium

607 2129 766 2183 erat
818 2118 878 2199 ';
931 2127 1001 2182 et
1048 2136 1232 2199 quae
1284 2119 1376 2184 ad
1424 2120 1909 2185 visitationem
1959 2121 2408 2201 pertinebant
2448 2124 2865 2205 lectionum,
2911 2142 3079 2188 ‚esse

611 2227 805 2290 clare
834 2226 1328 2306 exprimenda,
1374 2244 1464 2291 ne
1504 2228 1664 2307 plus
1705 2228 1807 2291 illi
1843 2228 1979 2291 sibi
2016 2240 2379 2293 sumerent
2430 2247 2646 2311 quam
2689 2248 2823 2311 par
2865 2244 3075 2297 esset.

610 2330 1041 2413 Designavit
1069 2334 1286 2397 etiarn
1313 2334 1618 2398 lectores
1647 2331 1723 2396 P.
1757 2333 2035 2398 Natalis
2062 2336 2568 2415 grammatices
2592 2347 2662 2400 et
2686 2339 3079 2404 rhetorices

604 2449 680 2502 et
708 2455 1019 2518 graecae
1049 2439 1335 2517 linguae
1365 2456 1450 2502 ac
1474 2457 1729 2504 cursus
1749 2440 2223 2521 philosophici
2246 2452 2315 2506 et
2336 2442 2720 2523 theologici
2748 2494 2761 2523 ,
2788 2455 2887 2525 ut,
2916 2464 3077 2511 cum

608 2545 877 2610 Romae
906 2563 1025 2610 res
1053 2546 1404 2610 stabilitas
1434 2564 1590 2610 esse
1619 2548 2115 2628 nunciaretur,
2148 2549 2387 2613 statim
2417 2552 2721 2615 lectores
2760 2569 2844 2615 eo
2891 2554 3081 2617 mitti

604 2663 927 2733 possent;
961 2664 1054 2729 et,
1086 2654 1255 2734 quia
1277 2652 1456 2733 juris
1486 2654 1816 2718 canonici
1855 2655 2080 2718 lector
2108 2656 2323 2720 etiam
2352 2657 2875 2738 requirebatur,
2912 2676 3074 2723 eum

607 2761 822 2825 etiam
850 2759 1232 2841 designare
1273 2762 1592 2839 volebat,
1637 2770 1706 2825 et
1747 2760 2082 2825 idoneum
2133 2762 2441 2844 aliquem
2490 2782 2567 2828 se
2616 2766 3069 2831 inventurum

603 2868 964 2948 sperabat.
3034 2932 3039 2937 .

733 2974 904 3040 1013.
993 2974 1192 3040 Haec
1231 2975 1491 3040 Martio
1531 2994 1772 3040 mense
1800 2976 2204 3042 Vallisoleti
2242 2989 2405 3043 acta
2448 2979 2764 3059 fuerunt;
2820 2992 3073 3063 postea

601 3082 860 3147 Comes
888 3082 1338 3163 significabat
1368 3100 1626 3164 cupere
1657 3084 1789 3147 sibi
1818 3102 1860 3147 a
1885 3082 2213 3166 Principe
2234 3086 2557 3168 Philippo
2583 3087 2723 3153 hoc
2742 3085 2974 3168 juberi
2996 3100 3075 3153 ut

600 3190 1087 3270 acquiesceret
1136 3189 1532 3270 Cardinali,
1577 3200 1647 3255 et
1683 3192 1975 3255 timebat
2020 3192 2097 3255 P.
2151 3191 2426 3258 Natalis
2474 3212 2563 3258 ne
2617 3196 3072 3260 occasionem

603 3296 768 3361 inde
795 3298 1012 3361 vellet
1041 3297 1367 3377 accipere
1397 3314 1473 3359 se
1504 3299 1896 3362 excusandi
1938 3299 2127 3378 apud
2169 3299 2623 3366 Cardinalem
2663 3313 2739 3366 ut
2777 3304 2882 3377 sic
2923 3306 3073 3384 gal-

604 3404 823 3469 laecis
852 3403 1321 3482 satisfaceret,
1354 3405 1476 3484 qui
1505 3403 2063 3469 Universitatem
2088 3407 2282 3471 illam
2304 3408 2377 3471 in
2399 3409 2727 3473 manibus
2756 3412 3072 3475 saecula·
3114 3414 3121 3425 '

599 3516 786 3576 rium
815 3521 886 3575 et
916 3527 1057 3575 non
1087 3511 1587 3591 religiosorum
1616 3528 1772 3575 esse
1803 3514 2216 3594 cupiebant,
2249 3514 2577 3595 quamvis
2601 3517 2869 3598 alioqui
2889 3518 3069 3582 bene

598 3617 903 3684 affectus
931 3626 1085 3682 erat
1114 3617 1371 3683 Comes
1398 3619 1472 3682 in
1502 3616 1935 3684 Societatem
1976 3618 2021 3683 ³.

680 3866 696 3899 ¹
757 3864 867 3919 Sic;
888 3865 980 3909 sed
1009 3875 1190 3908 tensus
1224 3864 1436 3918 exigere
1468 3864 1678 3907 videtur
1707 3870 1765 3907 ut
1799 3864 2063 3909 scribatur
2096 3864 2168 3907 ad
2202 3874 2260 3908 se
2289 3866 2378 3908 vel
2408 3865 2535 3909 sibi.
2572 3864 2754 3911 Sermo
2782 3868 2919 3912 enim
2953 3880 3067 3913 esse

599 3948 700 3981 non
720 3942 894 3992 potest
914 3937 976 3980 de
1003 3935 1367 3980 lustrat-tione
1389 3947 1422 3980 a
1442 3936 1498 3979 P.
1519 3936 1696 3979 Natali
1720 3935 1961 3979 confecta
1982 3941 2035 3979 et
2053 3936 2289 3991 patronis
2318 3937 2384 3980 ab
2401 3937 2512 3992 ipso
2532 3938 2691 3981 missa
2720 3939 2882 3991 (hanc
2912 3942 3067 3991 enim.

593 4011 644 4054 sl
677 4020 808 4065 quae
842 4008 1176 4052 difficultates
1204 4014 1404 4059 essent.
1427 4018 1677 4051 revocare
1712 4008 1808 4062 ipsi
1843 4008 2105 4061 integrum
2139 4010 2293 4059 erat),
2323 4008 2413 4052 sed
2448 4009 2510 4051 de
2539 4007 2887 4055 Instructlone
2919 4013 3067 4058 Patri

599 4081 776 4126 Natali
798 4081 882 4123 vel
903 4080 971 4123 ab
1001 4078 1222 4133 ignatio,
1245 4081 1330 4123 vel
1351 4091 1382 4123 a
1406 4076 1820 4133 Compostellano
1843 4078 2139 4132 cardinale,
2162 4081 2250 4123 vel
2279 4081 2345 4124 nb
2366 4086 2584 4135 utroque
2606 4080 2823 4136 Collegil
2846 4088 3066 4137 patrono

597 4153 774 4198 missa.

677 4225 703 4256 ἱ
755 4225 1040 4279 maculosi,
1063 4224 1250 4273 astuti.
1273 4234 1496 4278 sagaces
1517 4230 1592 4275 et,
1615 4231 1671 4268 ut
1693 4226 1986 4279 plurimum.
2011 4224 2186 4269 litibus
2206 4226 2418 4269 nimium
2438 4227 2597 4271 dediti
2619 4234 2739 4271 sunt
2760 4227 3009 4282 gallaeci.

678 4297 702 4329 ⁸
755 4296 1028 4352 Nunquam
1046 4298 1099 4342 in
1119 4308 1303 4342 manus
1321 4298 1682 4351 religiosorum
1701 4296 2031 4340 Universltas
2051 4296 2470 4352 compostellana
2487 4299 2630 4342 venit
2646 4332 2657 4353 ,
2675 4299 2798 4343 licet
2818 4301 3067 4355 temporis

597 4368 818 4413 decursu
838 4370 1068 4424 religiosi
1090 4369 1252 4423 aliqui
1267 4401 1278 4421 ,
1303 4376 1414 4413 tum
1433 4368 1612 4412 Sancti
1635 4368 1903 4412 Benedlcti
1921 4402 1931 4421 ,
1957 4375 2064 4412 tum
2088 4368 2369 4413 societatis
2388 4368 2527 4423 Jesu,
2552 4371 2603 4413 in
2620 4371 2871 4415 lectorum
2892 4383 3067 4415 nume·

597 4452 711 4485 rum
741 4442 992 4496 adscripti
1021 4441 1230 4485 fuerint.
1251 4441 1345 4485 “El
1375 4441 1626 4495 gohier-no
1659 4442 1720 4484 de
1756 4442 1808 4484 la
1829 4440 2257 4485 Universidad...
2284 4442 2584 4495 pertenecia
2614 4444 2664 4487 al
2698 4442 3012 4497 clausu-of)-
3034 4448 3067 4488 a

597 4519 707 4556 este
734 4514 786 4555 lo
816 4513 1045 4568 presidia
1063 4524 1134 4557 un
1157 4512 1364 4563 Rector.
1389 4514 1670 4557 nombrado
1706 4514 2039 4557 anualmente
2074 4523 2170 4567 por
2199 4514 2252 4555 la
2287 4514 2469 4556 misma
2486 4515 2845 4567 corporacion.
2876 4514 3065 4571 flabia,

596 4584 810 4628 ndemds
839 4595 905 4628 un
926 4584 1200 4629 Visitador
1228 4585 1510 4637 ordinario,
1533 4596 1630 4639 que
1665 4586 1951 4629 nombraba
1986 4586 2034 4627 el
2067 4582 2285 4627 Cabildo
2319 4585 2553 4628 catedral
2578 4586 2803 4630 tumbien
2835 4597 2897 4630 en
2934 4590 3064 4634 cada

597 4658 714 4707 ello,
733 4667 771 4711 y
791 4662 906 4701 otro
928 4650 1210 4711 Rvgio'que
1229 4665 1322 4700 era
1341 4668 1441 4700 uno
1469 4656 1533 4699 de
1562 4658 1640 4701 los
1662 4657 1877 4701 Oldores
1898 4657 1959 4699 de
1983 4658 2033 4699 la
2056 4655 2183 4699 Reti
2209 4656 2499 4699 Audiencia
2513 4689 2523 4705 .
2548 4667 2579 4710 ‚v
2602 4658 2753 4701 debia
2773 4660 2923 4703 venir
2941 4662 2975 4703 a
2996 4660 3065 4704 fin

592 4726 660 4771 de
681 4738 830 4772 curso
854 4732 886 4773 a
908 4731 1127 4783 cumpllr
1147 4734 1259 4773 este
1281 4730 1454 4781 deber.
1478 4741 1609 4787 enyo
1640 4734 1789 4787 plazo
1812 4742 1868 4775 se
1898 4732 1979 4774 sue
2002 4728 2269 4775 difirlendo
2297 4739 2427 4784 poco
2450 4731 2481 4772 a
2510 4740 2636 4783 poco
2667 4730 2823 4775 hasta
2845 4732 3014 4787 negat
3030 4736 3063 4777 a
