3742 5392
717 492 835 550 360
1643 490 1901 553 Canon.
1943 490 2097 551 Soc.
2139 490 2285 565 Jsss.

725 638 899 716 lare;
931 653 1135 701 suam
1163 644 1402 701 tamen
1441 636 1921 701 obedientiam
1956 652 2179 717 usque
2218 636 2311 700 ad
2350 646 2651 701 mortem
2688 648 3061 721 promptus
3096 639 3191 701 oi-

729 744 1004 807 ferebat
1039 741 1078 806 ¹.

848 850 990 913 779.
1077 849 1259 929 Quia
1302 868 1474 914 vero
1525 848 2167 932 Archiepiscopum
2215 851 2711 915 adversarium
2752 867 3193 932 magnopere

727 958 958 1021 nostri
981 956 1550 1037 experiebantur,
1583 968 1653 1021 et
1689 958 1809 1039 qui
1837 958 1977 1021 hoc
2006 975 2185 1038 opus
2215 957 2550 1038 Collegii,
2582 958 2819 1039 quoad
2858 958 3013 1039 ejus
3041 956 3196 1021 fieri

729 1073 992 1145 posset,
1026 1066 1240 1127 vellet
1269 1064 1630 1145 impedire,
1663 1076 1734 1131 et
1761 1074 2049 1129 nostros
2078 1065 2294 1128 etiam
2336 1064 2915 1145 Caesaraugusta
2960 1069 3194 1146 expel-

718 1172 878 1235 'lere
904 1169 950 1251 ⁸,
984 1171 1100 1234 cui
1127 1188 1284 1234 sese
1315 1180 1384 1234 et
1413 1172 1728 1251 religiosi
1757 1181 1826 1235 et
1855 1172 1976 1235 alii
2002 1172 2469 1235 ecclesiastici
2512 1171 3015 1253 adjungebant,
3049 1174 3191 1237 exi-

732 1278 1068 1343 stimabat
1096 1296 1138 1341 a
1169 1276 1348 1341 Sede
1378 1277 1792 1359 Apostolica
1821 1288 2148 1359 apertum
2188 1278 2644 1360 privilegium
2672 1288 2744 1343 et
2772 1296 3195 1360 expressum

733 1385 1258 1465 impetrandum
1285 1402 1442 1449 esse
1471 1395 1548 1448 ut
1576 1385 1903 1466 impediri
1932 1386 2005 1449 in
2032 1384 2330 1465 Collegii
2358 1386 2717 1449 erectione
2747 1386 2973 1449 nostri
2997 1384 3196 1449 mini-

735 1508 850 1555 me
875 1502 1188 1572 possent;
1220 1500 1294 1553 et
1319 1493 1498 1555 haec
1525 1492 1710 1556 inter
1735 1492 2164 1573 praecipuas
2192 1492 2606 1556 occasiones
2634 1492 2765 1555 fuit
2804 1510 2933 1556 cur
2960 1491 3198 1572 huj‘us-

733 1598 926 1662 modi
953 1599 1408 1680 privilegium
1445 1618 1486 1663 a
1533 1598 1716 1663 Sede
1753 1600 2171 1681 Apostolica
2208 1601 2647 1681 postulatum
2688 1600 2923 1679 fuerit,
2958 1617 3199 1681 quam-

735 1707 848 1770 vis
877 1707 990 1770 his
1019 1707 1226 1770 annis
1251 1724 1394 1769 non
1425 1708 1790 1771 obtentum
1817 1725 2041 1787 usque
2070 1708 2163 1771 ad
2192 1706 2301 1771 Pii
2326 1706 2427 1771 1V
2458 1706 2957 1773 Pontificatum
2985 1705 3031 1767 ³.

856 1812 998 1876 780.
1083 1812 1262 1877 Cum
1291 1830 1464 1892 ergo
1497 1812 1569 1876 P.
1603 1812 1861 1877 Strada
1894 1822 2173 1893 optaret
2200 1814 2475 1877 nobiles
2502 1824 3205 1894 caesai-augustanos

723 1937 824 1984 *ac
851 1921 1028 1983 alios
1059 1920 1254 1983 cives
1283 1928 1590 1984 mentem
1617 1938 1818 1984 suam
1859 1921 2227 1985 declarare
2258 1938 2426 1983 num
2454 1922 2717 1984 vellent
2760 1923 2947 1984 serio
2979 1921 3203 1985 Colle—

729 2028 936 2105 gium
964 2027 1101 2090 hoc
1138 2044 1583 2106 promovere,
1616 2036 1691 2090 ut
1721 2030 1961 2107 plures
1990 2028 2299 2107 operarii
2338 2028 2521 2090 mitti
2549 2038 2860 2107 possent,
2896 2029 3202 2105 curavit,

723 2132 1122 2213 adjuvante
1151 2132 1510 2214 Pro-rege,
1537 2135 1877 2198 nobilium
1900 2135 2532 2214 congregationem
2556 2134 2728 2214 fieri,
2764 2135 2884 2215 qui
2914 2134 3206 2198 Caesar-

739 2250 1088 2320 augustae
1127 2241 1260 2303 hac
1301 2250 1572 2304 aestate
1613 2242 2112 2305 versabantur.
2156 2240 2334 2304 Cum
2371 2258 2546 2320 ergo
2586 2241 2659 2304 in
2691 2244 2853 2304 aula
2896 2242 3209 2321 quadam

731 2348 852 2411 sui
879 2347 1126 2427 palatii
1154 2364 1370 2427 supra
1413 2348 1754 2411 ducentos
1783 2366 1874 2411 ex
1906 2348 2244 2427 primaria
2288 2347 2652 2411 nobilitate
2696 2346 2996 2411 Pro-rex
3044 2365 3207 2411 con-

741 2454 1032 2534 gregari
1065 2454 1422 2534 Jussisset,
1467 2465 1536 2517 et
1577 2456 1873 2534 ipsemet
1904 2472 2065 2519 cum
2094 2455 2517 2535 quibusdam
2549 2454 2944 2519 Comitibus
2978 2464 3047 2519 et
3074 2454 3205 2519 Ba·

745 2562 1037 2625 ronibus
1067 2580 1404 2641 praesens
1435 2573 1643 2640 esset,
1678 2563 2045 2641 ingressus
2074 2571 2180 2625 est
2210 2561 2283 2625 P.
2320 2561 2578 2625 Strada
2610 2580 2773 2625 cum
2798 2561 3073 2626 duobus
3101 2580 3208 2626 so·

732 2670 876 2732 ciis
907 2680 976 2732 et
1008 2670 1239 2749 coepit
1273 2687 1517 2732 omnes
1561 2670 1769 2733 simul
1807 2670 2070 2749 alloqui
2111 2687 2235 2749 per
2276 2670 2499 2732 horae
2538 2670 2747 2732 unius
2777 2670 3109 2749 spatium,
3142 2680 3211 2733 et

743 2776 830 2839 de
871 2777 1083 2839 rebus
1123 2775 1500 2839 Societatis
1539 2787 1828 2839 nostrae
1867 2786 1938 2839 et
1974 2775 2403 2856 procedendi
2445 2776 2679 2855 mod0,
2722 2794 2809 2839 ac
2847 2776 3083 2840 fructu
3120 2794 3213 2839 ex

728 2883 1066 2963 collegiis
1090 2883 1572 2963 proveniente,
1607 2884 1824 2946 multa
1855 2882 2209 2961 disseruit,
2247 2892 2316 2945 et
2338 2884 2685 2962 exemplis
2710 2884 3009 2946 aliarum
3042 2883 3209 2947 civi-

741 2999 969 3073 tatum
997 3006 1122 3052 eos
1149 2990 1242 3052 ad
1270 2990 1477 3069 hujus
1509 2989 2018 3053 institutionem
2049 2988 2415 3053 animavit.
2450 2988 2941 3052 Attentissime
2966 3006 3213 3053 omnes

745 3112 910 3157 eum
942 3095 1315 3158 audierunt
1345 3104 1413 3158 et
1443 3114 1604 3158 cum
1635 3097 1983 3176 applausu
2012 3103 2080 3157 et
2120 3096 2520 3158 animorum
2558 3096 3033 3159 commotione
3065 3114 3209 3159 non

749 3201 1112 3281 mediocri;
1147 3213 1215 3265 et
1239 3211 1392 3265 erat
1409 3204 1592 3265 inter
1615 3220 1738 3266 eos
1761 3203 1882 3283 qui
1905 3202 2171 3265 diceret
2194 3202 2385 3282 quod
2408 3220 2499 3265 ex
2521 3220 2644 3265 ore
2666 3222 2795 3265 suo
2816 3214 2885 3266 et
2910 3202 3209 3267 filiorum

745 3326 1039 3372 suorum
1067 3310 1277 3371 vellet
1309 3310 1725 3373 subtrahere
1755 3320 1830 3373 ut
1861 3320 2007 3373 tam
2038 3317 2366 3371 sanctum
2411 3325 2592 3388 opus
2624 3308 2930 3389 juvaret:
2988 3310 3107 3373 alii
3134 3326 3215 3372 se

747 3432 1134 3495 numquam
1163 3414 1537 3479 Societatis
1571 3417 1969 3480 institutum
2004 3416 2435 3479 intellexisse
2479 3416 2947 3495 affirmabant,
2980 3428 3051 3480 et
3082 3418 3215 3480 toti

749 3523 1023 3586 civitati
1053 3524 1230 3586 haec
1260 3524 1414 3603 ipsa
1444 3522 1816 3587 referenda
1845 3523 2085 3601 fuisse,
2122 3532 2197 3586 ut
2226 3523 2399 3586 illud
2431 3540 2677 3587 omnes
2706 3524 3205 3604 intelligerent,

751 3630 1080 3709 quamvis
1129 3647 1205 3692 se
1255 3630 1324 3692 in
1376 3631 1523 3693 suis
1574 3630 1895 3693 domibus
1946 3638 2015 3692 et
2065 3628 2359 3692 civitate
2402 3646 2555 3693 rem
2602 3632 3063 3710 evulgaturos
3115 3631 3215 3693 di-

751 3737 1033 3798 cebant.

873 3840 1012 3903 781.
1100 3840 1372 3905 Aderat
1403 3844 1473 3905 in
1514 3844 1650 3906 hac
1689 3844 2247 3923 congregatione
2290 3861 2470 3906 unus
2513 3861 2603 3906 ex
2633 3844 3037 3923 praecipuis
3067 3862 3213 3907 ma·

728 3949 1168 4027 -gistratibus
1215 3949 1528 4012 civitatis
1567 3950 1767 4031 (quos
1805 3950 2127 4031 furatos
2172 3960 2433 4013 vocant
2471 3948 2544 4029 ⁴),
2588 3950 2705 4031 qui
2737 3950 2828 4014 ad
2857 3949 3223 4032 Pro-regis

1045 4130 1182 4137 —----

840 4228 855 4257 ¹
915 4224 1048 4269 Vide
1072 4234 1244 4270 tamen
1269 4227 1418 4281 infra,
1439 4239 1489 4271 n.
1515 4227 1642 4281 1019,
1665 4228 1787 4282 quid
1808 4228 1854 4272 ei
1877 4229 1943 4272 ab
1974 4227 2183 4282 Ignatio
2212 4228 2498 4283 iniunctum
2528 4228 2711 4280 suerit,
2732 4239 2833 4283 quo
2860 4228 3076 4273 liberius
3094 4241 3150 4273 se
3171 4230 3225 4273 in

741 4296 1089 4350 »praedicandi
1114 4308 1321 4340 munere
1344 4308 1588 4341 exercere
1611 4306 1804 4351 posset.

841 4371 861 4399 ‘¹
914 4367 1048 4411 Vide
1071 4369 1232 4421 infra,
1255 4380 1304 4411 n.
1336 4369 1434 4413 787.

840 4440 862 4467 ·'·
920 4439 1099 4483 Sermo
1120 4446 1198 4483 est
1233 4440 1294 4483 dc
1321 4440 1500 4496 Brevi,
1523 4442 1656 4497 quod
1686 4442 1762 4485 ita
1783 4442 2031 4485 describit
2062 4441 2370 4486 Dalmatica:
2400 4442 2496 4485 ⁰15.
2521 4440 2645 4485 Etsi·
2670 4452 2739 4486 ex
2756 4443 3128 4488 demea—Pius
3148 4444 3227 4489 1v

758 4510 1007 4554 societati
1029 4510 1150 4562 Jesu
1173 4510 1440 4555 confirmat
1462 4521 1515 4556 et
1535 4514 1598 4555 de
1619 4523 1754 4555 novo
1777 4512 2013 4556 concedit
2034 4512 2342 4557 facultatem
2362 4514 2503 4557 circa
2526 4512 2787 4565 aedificia.
2810 4514 2967 4559 etiam
2987 4514 3127 4560 intra
3148 4516 3233 4560 1⁴0

733 4591 952 4624 *cannas
972 4580 1192 4625 aliorum
1214 4579 1460 4626 ordinum
1494 4582 1759 4636 erigenda.
1775 4582 1835 4625 R.
1853 4594 1935 4637 ap.
1956 4581 2008 4625 S.
2030 4582 2087 4626 P.
2102 4582 2219 4626 XIIl
2240 4583 2439 4638 Aprilis
2462 4583 2580 4637 1561,
2600 4584 2657 4626 P.
2675 4582 2775 4627 An.
2803 4584 3055 4630 11.—Nov.
3076 4586 3225 4631 Ball.

741 4652 810 4693 -S.
831 4651 884 4706 J.
911 4652 1170 4705 29.—Reg.
1191 4652 1318 4697 buli.
1341 4652 1380 4706 1,
1403 4654 1527 4707 231.„
1549 4654 1810 4708 synopsis
1831 4654 2085 4706 Actorum
2108 4654 2158 4698 S.
2184 4654 2341 4697 Sedis
2362 4657 2420 4697 in
2442 4664 2610 4698 causa
2641 4654 2751 4700 Soc.
2782 4655 2912 4710 Jes„
2932 4655 2978 4711 Ι,
3001 4668 3123 4713 pag.
3144 4658 3221 4703 22.

841 4726 862 4755 ⁴
919 4724 1050 4767 Vide
1073 4734 1256 4779 supra,
1279 4736 1400 4779 pag.
1423 4726 1519 4779 214,
1540 4737 1588 4770 n.
1605 4726 1707 4782 473,
1727 4734 1903 4769 annot.
1925 4726 1967 4770 4.
