3742 5392
716 488 829 545 154
1648 488 1902 547 Canon.
1945 487 2100 547 Soc.
2140 490 2278 561 Jas,

719 632 859 695 tias
890 642 1215 712 agerent,
1252 634 1440 714 quod
1484 652 1611 697 sua
1658 635 2064 713 praesentia
2100 633 2484 714 quamdam
2529 634 2878 697 actionem
2911 632 3194 713 collegii

716 740 1201 819 honestasset‚
1236 742 1457 805 multo
1492 741 1724 820 magis
1764 741 1916 821 ipse
1957 742 2232 820 gratias
2271 740 2590 819 agendas
2628 739 2966 803 Societati
3009 739 3192 803 dice·

719 845 869 922 bat,
904 847 1186 911 nomine
1216 847 1569 925 civitatiS‚
1602 848 1791 923 quod
1822 858 2046 912 totam
2086 848 2280 911 illam
2310 849 2580 911 honore
2609 846 2922 910 afficeret
2943 894 2958 925 ‚
2993 862 3194 926 prae-

718 953 964 1016 sertim
987 970 1153 1017 cum
1182 964 1327 1018 tam
1358 955 1571 1035 pauci
1601 972 1691 1018 ex
1720 973 1806 1018 ea
1838 952 2180 1017 beneficia
2225 954 2314 1017 ab
2345 954 2518 1033 ipsis
2547 955 2806 1017 collata
2852 969 3190 1033 agnosce·

713 1076 818 1137 re,
855 1070 931 1123 ut
960 1062 1363 1141 oportebat,
1397 1062 1844 1140 viderentur3
1881 1078 2082 1141 spem
2109 1071 2348 1125 tamen
2379 1062 2450 1125 in
2479 1061 2790 1125 futurum
2827 1061 3192 1124 meliorem

722 1167 973 1231 haberi
1022 1185 1231 1247 posse
1276 1168 1693 1233 affirmabat.

838 1272 980 1337 313.
1072 1274 1435 1339 Petusium
1465 1274 1681 1341 etiam
1711 1295 1797 1339 ea
1826 1276 1905 1342 Ρ.
1939 1276 2194 1356 Ignatii
2217 1276 2742 1340 commendatio
2766 1283 3193 1355 pervenerat

718 1378 806 1443 de
852 1381 1341 1460 spiritualibus
1390 1383 1749 1447 exercitiis
1799 1383 2166 1446 tradendis
2209 1382 2259 1459 ¹;
2311 1394 2379 1445 et
2429 1384 2528 1445 ita
2572 1400 2716 1446 non
2765 1382 3016 1461 paucis
3061 1398 3190 1444 nec

712 1486 981 1565 exiguo
1013 1504 1175 1551 cum
1202 1488 1437 1552 fructu
1467 1488 1729 1553 tradita
1760 1490 1880 1553 illa
1909 1489 2215 1553 suerunt.
2240 1489 2316 1553 In
2347 1489 2718 1569 colloquiis
2746 1489 2962 1551 etiam
2991 1488 3191 1551 fami-

718 1593 1011 1658 liaribus
1056 1596 1339 1659 animae
1368 1596 1869 1675 quorumdam,
1905 1596 2026 1676 qui
2055 1614 2098 1659 a
2131 1596 2252 1659 via
2289 1596 2542 1659 salutis
2570 1596 2784 1673 longe
2813 1596 3190 1658 aberrave-

719 1712 905 1779 rant,
933 1701 1025 1764 ad
1046 1718 1207 1765 eam
1229 1703 1565 1767 reductae
1584 1750 1599 1781 ,
1632 1702 2189 1767 emendatiorem
2209 1703 2403 1767 vitae
2447 1702 2799 1767 rationem
2845 1702 3190 1777 inierunt;

718 1807 901 1871 inter
932 1808 1111 1873 alios
1140 1809 1649 1873 exercitiorum
1687 1810 2162 1891 spiritualium
2191 1809 2463 1874 fructus
2493 1809 2609 1873 hic
2637 1809 2802 1886 suit,
2835 1808 3027 1889 quod
3071 1825 3188 1888 pa-

718 1914 985 1977 rochus
1014 1914 1333 1996 quidam‚
1359 1917 1477 1997 qui
1507 1935 1551 1980 a
1582 1917 1930 1997 religione
1959 1934 2090 1981 sua
2113 1916 2485 1981 duodecim
2512 1916 2658 1997 jam
2681 1916 2888 1979 annis
2915 1916 3186 1991 aberat,

722 2020 815 2084 ad
845 2022 1164 2087 eamdem
1195 2022 1427 2087 redire
1457 2025 1840 2089 constituit.
1876 2024 2170 2089 Praeter
2211 2024 2654 2101 sacerdoteS,
2689 2024 2902 2086 etiam
2931 2022 3190 2085 fratres

715 2129 944 2191 nostri
976 2132 1293 2194 nonnulli
1322 2130 1855 2196 exhortationes
1887 2132 1958 2196 in
1987 2132 2408 2213 quibusdam
2447 2131 2804 2208 ccclesiiS,
2837 2141 3045 2209 prout
3075 2129 3186 2191 de·

726 2235 921 2298 votio
973 2236 1341 2301 hominum
1378 2238 1452 2301 id
1500 2240 1938 2318 postulabat,
1981 2255 2126 2302 non
2173 2237 2601 2319 poenitendo
2651 2236 2882 2299 fructu
2933 2237 3188 2302 habue-

720 2353 907 2405 runt.
958 2342 1036 2405 In
1092 2342 1293 2407 sestis
1341 2355 1580 2409 autem
1640 2345 2046 2427 majoribuS,
2107 2356 2187 2409 ut
2235 2346 2566 2410 Omnium
2610 2342 3067 2421 Sanctorum,
3120 2354 3190 2405 et

720 2450 1101 2529 praecipue
1152 2450 1425 2515 Natalis
1468 2450 1787 2533 Domini,
1832 2452 2024 2535 quod
2069 2453 2325 2517 messis
2381 2461 2794 2531 augeretur,
2827 2460 3192 2531 tamquam

722 2556 893 2635 quid
926 2568 1373 2637 consuetum,
1406 2577 1551 2623 non
1580 2559 1907 2625 referam.

844 2662 987 2727 314.
1078 2662 1408 2749 Redierat
1450 2666 1819 2732 Perusium
1856 2678 2022 2749 post
2059 2676 2518 2749 tempestates
2557 2665 2800 2729 varias
2848 2663 3186 2727 sacerdos

724 2771 861 2848 iile,
889 2770 1317 2836 Laurentius
1358 2773 1755 2839 Davidicus
1798 2777 2116 2853 nomine,
2161 2774 2252 2839 de
2295 2791 2436 2855 quo
2483 2772 2811 2853 superius
2849 2769 3040 2834 sacta
3083 2779 3190 2833 est

725 2878 991 2941 mentio
1020 2877 1081 2957 ⁸,
1112 2890 1181 2942 et
1226 2880 1599 2959 pristinam
1645 2883 1839 2947 illam
1877 2893 1947 2945 et
1987 2882 2123 2946 sibi
2165 2890 2584 2947 consuetam
2611 2896 2780 2943 suos
2807 2878 3191 2957 discipulos

720 2984 1195 3050 mortificandi
1216 2989 1565 3053 rationem
1594 2991 2044 3070 sequebatur;
2071 3006 2206 3053 nec
2227 2988 2546 3053 fautores
2565 2988 2632 3051 ei
2659 2988 2976 3062 deerant,
3004 2986 3190 3048 inter

708 3108 895 3172 quos
936 3093 1087 3173 ipse
1118 3092 1475 3175 VicariuS‚
1500 3107 1601 3177 et,
1635 3106 1711 3161 ut
1747 3098 2149 3175 videbatur,
2194 3095 2614 3176 Prolegatus
2663 3104 2855 3173 erat3
2905 3102 3187 3156 nostros

721 3211 958 3263 tamen
988 3199 1102 3263 ille
1132 3200 1519 3266 benevolos
1548 3205 1812 3268 habere
1842 3204 2171 3267 studebat
2201 3201 2248 3262 ⁸.

840 3306 982 3370 315.
1068 3308 1230 3371 Fuit
1286 3309 1561 3374 Perusii
1613 3311 1986 3376 Generalis
2036 3310 2360 3375 Minister
2397 3308 2686 3373 Ordinis
2728 3308 2855 3372 Sti.
2901 3306 3186 3371 Franci-

720 3414 829 3477 sci
876 3413 935 3489 ⁴,
978 3416 1101 3494 qui
1148 3416 1327 3481 satis
1372 3428 1618 3499 aperte
1648 3436 1811 3481 cum
1851 3416 2160 3481 Domino
2189 3416 2484 3481 Vicario
2533 3432 2738 3480 suam
2767 3414 3189 3479 sententiam

805 3658 822 3692 ί
881 3656 1015 3703 Vide
1034 3670 1211 3713 supra,
1232 3672 1353 3714 pag.
1370 3660 1438 3711 95.
1461 3672 1511 3705 n.
1534 3660 1627 3705 17⁸.

805 3732 827 3763 ὓ
884 3730 1067 3786 snpra.
1090 3740 1127 3775 t.
1150 3742 1228 3785 m,
1250 3744 1371 3787 pag.
1390 3734 1461 3777 51.

802 3804 826 3837 ³
879 3802 1061 3847 “Circa
1080 3802 1141 3846 de
1164 3802 1312 3848 Mtro.
1336 3802 1569 3849 Lorenzo
1598 3814 1653 3849 et
1673 3806 1841 3861 quello
1860 3806 1958 3849 che
1993 3806 2026 3849 il
2050 3805 2264 3849 Vicarlo
2300 3806 2369 3850 ha
2388 3806 2533 3850 detto
2555 3804 2604 3849 di
2639 3804 2734 3855 lui,
2757 3810 2808 3846 et
2837 3802 2960 3846 delli
2990 3801 3194 3846 humori

714 3877 972 3920 contrarii
994 3878 1055 3920 de
1078 3878 1402 3923 Dominicani
1416 3910 1427 3931 ,
1450 3888 1545 3921 non
1570 3880 1601 3921 l·
1620 3878 1938 3923 intendiamo
1967 3880 2098 3922 bene
2115 3910 2126 3931 ,
2146 3876 2408 3922 ancos-che
2427 3878 2470 3921 si
2491 3876 2618 3921 inssi
2641 3876 2908 3920 intendere
2927 3874 3026 3919 che
3047 3874 3082 3917 ii
3101 3872 3191 3917 Vi-

722 3948 865 3993 cario
884 3958 1037 4003 porta
1056 3950 1302 3995 affezlone
1324 3962 1356 3994 a
1377 3951 1523 3995 detto
1544 3950 1657 3994 Don
1678 3950 1953 3999 Lorenzo...
1984 3949 2255 4000 Polaticus,
2277 3961 2344 3993 ex
2362 3962 2514 3999 com„
2536 3948 2682 3993 Patri
2709 3947 2978 3991 Everardo
2998 3944 3192 3990 Mercu-

721 4020 887 4073 rinno,
906 4020 935 4063 3
958 4020 1229 4065 Februarii
1254 4023 1371 4065 155⁸.
1392 4021 1613 4065 -··Circa
1645 4024 1812 4075 quelle
1848 4022 2246 4076 congregazioni
2269 4022 2316 4064 d’
2335 4021 2562 4065 huomini
2585 4028 2636 4064 et
2662 4020 2825 4063 donne
2847 4019 2940 4062 che
2972 4018 3016 4063 si
3037 4018 3192 4061 fanno

722 4092 869 4146 peril
890 4092 1015 4137 Rdo.
1038 4092 1150 4137 Don
1171 4094 1405 4137 Lorenzo
1426 4092 1681 4138 Davidico
1702 4104 1804 4137 non
1824 4094 1959 4137 vedo
1980 4092 2147 4137 buono
2165 4093 2322 4137 odore
2343 4094 2394 4137 di
2416 4104 2542 4147 qua:
2563 4093 2709 4137 satia
2729 4092 2866 4135 forse
2887 4090 3075 4145 meglio
3096 4090 3194 4132 che

724 4164 793 4208 lui
814 4165 862 4207 le
885 4165 1099 4209 lassassi
1128 4172 1271 4209 stare
1286 4198 1297 4217 ,
1319 4166 1509 4220 perche
1529 4165 1573 4208 c·
1596 4168 1623 4209 ὲ
1646 4166 1874 4219 periculo
1895 4176 1994 4209 non
2025 4167 2072 4209 le
2093 4166 2329 4209 facciano
2365 4168 2565 4209 lassare
2586 4176 2676 4219 per
2698 4166 2786 4207 via
2805 4163 2902 4207 che
2923 4174 2956 4206 s
2977 4162 3047 4205 lui
3069 4160 3192 4205 fossi

724 4245 853 4289 poco
884 4237 1216 4281 honorevolc.
1240 4238 1285 4280 Α
1307 4238 1431 4281 tutti
1452 4238 1678 4280 conceda
1708 4236 1848 4280 iddio
1879 4236 2056 4288 gratia
2076 4237 2126 4281 dl
2161 4236 2476 4281 camminare
2513 4236 2564 4280 in
2585 4235 2832 4280 sincerita
2852 4233 2902 4278 di
2926 4245 3081 4277 cuore
3105 4243 3196 4286 per

724 4307 777 4350 la
797 4307 885 4351 via
904 4308 988 4351 del
1024 4318 1115 4351 suo
1149 4308 1382 4352 servitio.
1405 4307 1471 4351 Se
1490 4308 1542 4352 di
1560 4314 1743 4363 questo
1764 4320 1819 4351 se
1850 4308 1926 4363 gli
1961 4308 2129 4351 debba
2157 4308 2284 4353 dare
2319 4309 2468 4352 avlso
2489 4318 2520 4351 o
2541 4318 2622 4361 no,
2643 4307 2710 4350 V.
2735 4305 2862 4349 R.1o
2893 4304 3194 4355 consideri...

724 4378 867 4425 Idem
888 4380 1070 4433 eidem.
1094 4380 1145 4424 10
1164 4380 1339 4425 Martii
1362 4381 1479 4425 1554.
2635 4370 2646 4381 “

802 4451 828 4484 ⁴
884 4453 1158 4499 Generalis
1179 4453 1413 4498 Minister
1432 4452 1898 4497 Franciscanorum
1921 4461 2036 4497 erut
2055 4454 2152 4498 hoc
2174 4460 2404 4508 tempore
2427 4452 2692 4497 “clauus
2723 4452 2936 4495 Doctus
2951 4482 2964 4503 ,
2987 4450 3194 4494 natione

724 4524 915 4581 Ligur,
934 4527 1110 4581 patria
1131 4526 1491 4576 Monelianus,
1512 4524 1816 4569 Provinciae
1840 4525 2200 4569 Bononiensis
2219 4528 2457 4570 alumnus
2475 4558 2485 4575 ,
2507 4524 2744 4568 doctrina
2759 4556 2770 4577 ,
2791 4530 2846 4566 et
2866 4523 3062 4578 pietate
3083 4554 3093 4572 .
3119 4522 3195 4565 in-

720 4598 903 4653 signis,
923 4599 1143 4654 primum
1165 4598 1352 4644 Curiae
1376 4598 1656 4653 Romanae,
1672 4598 1855 4642 deinde
1877 4598 2131 4643 Familiae
2151 4596 2516 4643 cismontanse
2539 4596 2952 4647 Commissa-ius,
2973 4595 3190 4649 denique

724 4670 775 4713 in
794 4670 1039 4716 Generali
1062 4670 1268 4727 Synodo
1286 4670 1672 4713 Salmanu‘cen.
1689 4670 1924 4715 Minister
1945 4670 2220 4715 Generalis
2241 4670 2448 4713 Ordinis
2467 4670 2818 4713 renunciatur.
2848 4668 2893 4711 A
2921 4665 3092 4711 ΡΑυιο
3121 4664 3196 4709 1v

725 4742 1031 4799 Purpuratis
1077 4743 1319 4788 Patribus
1361 4750 1659 4796 cooptatus:
1692 4754 1724 4787 a
1770 4743 1863 4788 Pto
1899 4742 1976 4787 lv
2010 4742 2180 4788 infulis
2219 4740 2598 4795 Futgtnmtbus
2647 4740 2923 4795 insignitus
2941 4751 2952 4793 ;
2990 4739 3194 4782 demum
