3742 5392
1697 483 1818 540 AN.
1865 481 2007 540 1554
2968 479 3078 539 503

603 632 894 696 debant:
951 631 1167 711 aliqui
1206 631 1422 693 etiam
1453 627 1794 692 coenobia
1833 627 2144 706 ingressi
2184 637 2383 706 sunt;
2427 627 2585 702 alii,
2620 626 3073 690 matrimonio

603 738 994 819 conjuncti,
1029 738 1275 802 fraeno
1305 753 1604 819 prorsus
1643 735 1950 815 egebant
1978 744 2053 798 ut
2094 735 2166 798 in
2194 751 2413 797 earne
2454 732 2886 797 maceranda
2928 751 3072 797 mo-

608 848 776 911 dum
807 845 1248 909 adhiberent.

733 951 908 1016 1063.
997 951 1178 1016 Cum
1200 951 1484 1032 quidam
1509 949 1835 1028 aethiops
1869 949 1887 980 ¹
1916 949 2303 1028 dominum,
2340 948 2455 1014 cui
2492 949 2948 1029 inserviebat,
2972 951 3073 1014 in·

608 1060 1038 1139 tersecisset,
1092 1059 1424 1123 candenti
1468 1057 1716 1122 forfice
1763 1057 2202 1134 adurenduS,
2247 1065 2317 1120 et
2360 1056 2697 1120 abscissis
2748 1057 3072 1120 manibus

607 1167 1144 1248 suspendendus
1171 1175 1362 1230 erat:
1395 1165 1637 1228 vocati
1667 1174 1833 1228 sunt
1861 1181 1955 1228 ex
1982 1164 2247 1228 nostris
2276 1164 2524 1243 aliqui,
2558 1173 2638 1228 ut
2674 1163 2828 1227 fieri
2866 1166 3067 1242 solet,

608 1276 728 1357 qui
751 1275 844 1338 ad
865 1273 1196 1337 ferendos
1220 1273 1582 1336 cruciatus
1603 1271 1917 1335 animum
1942 1270 2307 1350 adderent;
2340 1271 2459 1352 qui
2488 1272 2563 1334 in
2586 1289 2898 1352 currum,
2929 1287 3071 1350 quo

607 1382 1024 1460 vehebatur,
1051 1381 1542 1458 ascendenteS,
1569 1379 1675 1442 sic
1703 1376 1858 1458 ejus
1886 1378 2203 1441 animum
2224 1378 2675 1457 roborarunt,
2700 1388 2778 1442 ut
2804 1378 2919 1442 ille
2948 1395 3069 1443 nu-

605 1490 775 1553 llum
799 1486 950 1566 jam
975 1488 1373 1551 cruciatum
1411 1494 1805 1564 recusaret,
1840 1485 1965 1548 sed
2007 1484 2243 1565 potius
2282 1485 2451 1549 dum
2488 1485 2803 1550 candens
2840 1484 3072 1550 forfex

607 1597 892 1676 corpori
921 1593 1075 1675 eJ‘us
1103 1595 1640 1670 admoveretur,
1675 1609 1992 1656 summas
2019 1591 2295 1671 gratias
2332 1591 2487 1656 Deo
2516 1595 2663 1657 alta
2706 1611 2880 1656 voce
2907 1609 3069 1674 age-

606 1703 750 1782 bat,
782 1702 972 1783 quod
1001 1702 1158 1781 sibi,
1178 1711 1342 1764 ante
1370 1709 1695 1778 mortem,
1731 1708 2191 1780 peccatorum
2219 1717 2437 1778 agere
2466 1700 2969 1780 poenitentiam
2999 1703 3071 1764 li-

609 1809 902 1890 cuisset;
935 1807 1122 1890 quod
1153 1817 1346 1872 certe
1375 1809 1638 1890 populo
1678 1823 2017 1886 magnam
2056 1806 2623 1870 aedificationem
2660 1808 3071 1888 praebebat;

607 1917 712 1980 sic
742 1926 978 1980 autem
1007 1915 1272 1980 Christi
1312 1915 1720 1997 passionem
1751 1913 2077 1994 aethiops
2120 1914 2337 1977 menti
2374 1915 2866 1994 impresserat,
2898 1932 3066 1996 quo-

609 2023 774 2088 dam
803 2041 896 2087 ex
920 2024 1186 2087 nostris
1215 2023 1302 2086 de
1331 2040 1417 2086 ea
1446 2040 1576 2086 suo
1605 2024 1763 2085 loco
1792 2031 1864 2084 et
1892 2032 2213 2101 tempore
2242 2031 2772 2101 commonente,
2804 2031 2882 2086 ut
2911 2038 3073 2086 cum

609 2141 899 2195 ventum
936 2138 1124 2194 esset
1153 2130 1244 2193 ad
1266 2132 1525 2207 locum,
1551 2129 1672 2192 ubi
1695 2145 1950 2192 manus
1972 2138 2179 2191 erant
2202 2129 2750 2210 abscindendae,
2776 2129 3075 2210 ipsemet

607 2255 864 2302 manus
891 2238 1076 2301 ultro
1105 2236 1464 2314 obtulerit,
1499 2235 1700 2316 cujus
1741 2235 2175 2299 fortitudinis
2217 2237 2292 2298 in
2322 2246 2641 2300 extremo
2680 2235 2875 2298 vitae
2905 2245 3073 2300 tem-

611 2361 782 2424 pore
840 2345 1221 2407 inusitatae
1269 2351 1600 2423 aspectus
1650 2360 1794 2407 non
1847 2343 2279 2406 mediocrem
2328 2343 2875 2407 admirationem
2922 2361 3072 2424 spe-

608 2451 968 2515 ctantibus
995 2451 1381 2529 adferebat,
1417 2450 1584 2513 dum
1612 2451 1925 2529 gratiam
1948 2449 2081 2513 Dei
2104 2450 2176 2512 in
2199 2449 2483 2513 homine
2505 2450 2624 2513 illo
2644 2452 3072 2532 contempla·

611 2559 896 2622 bantur.

737 2665 914 2730 1064.
1003 2666 1572 2746 Quadragesima
1601 2665 1808 2745 hujus
1838 2666 2009 2729 anni
2039 2665 2177 2728 duo
2208 2683 2299 2728 ex
2328 2666 2595 2728 nostris
2623 2667 2715 2729 ad
2744 2666 2886 2730 duo
2916 2668 3075 2729 loca

609 2774 1116 2852 Abbatiarum,
1164 2772 1484 2852 Collegio
1524 2773 1884 2837 unitarum
1911 2771 1968 2852 ¹,
2004 2773 2233 2850 missi,
2278 2789 2439 2835 cum
2479 2773 2879 2837 animarum
2916 2790 3075 2853 pro-

609 2881 800 2945 fectu
829 2898 960 2944 suo
989 2896 1280 2943 munere
1309 2879 1534 2944 functi
1563 2890 1755 2958 sunt,
1791 2889 1862 2944 et
1894 2881 2082 2960 apud
2104 2879 2175 2944 S.
2204 2880 2598 2944 Antonium
2618 2880 2706 2943 de
2728 2880 3075 2960 Benespe·

609 3005 722 3064 ra,
763 2987 954 3068 quod
993 2987 1269 3050 incolae
1305 2985 1570 3066 judicio
1610 2985 1861 3067 majori
1900 2988 2288 3068 pollebant,
2334 2995 2622 3068 praeter
2663 2988 3071 3064 concioneS,

607 3094 954 3158 exercitia
995 3095 1214 3158 etiam
1252 3095 1650 3174 spiritualia
1687 3111 1831 3158 non
1869 3095 2082 3176 pauci
2130 3095 2509 3174 optabant3
2563 3095 2690 3157 sed
2728 3112 2891 3158 cum
2935 3112 3077 3158 non

607 3211 848 3280 posset
895 3211 1186 3282 propter
1237 3203 1419 3264 alias
1463 3202 1975 3281 occupationes
2024 3202 2094 3265 id
2144 3201 2381 3264 multis
2418 3201 2749 3280 concedi,
2794 3200 3076 3266 cuidam

611 3308 765 3372 viro
795 3309 1046 3387 nobili,
1078 3307 1279 3387 cujus
1309 3309 1672 3389 profectus
1699 3308 1791 3372 ad
1833 3311 2014 3373 alios
2055 3309 2581 3372 redundaturus
2620 3308 3067 3386 credebatur,

609 3433 1030 3480 concessum
1058 3427 1166 3480 est
1186 3465 1200 3494 ,
1235 3417 1350 3480 cui
1379 3425 1526 3480 tam
1555 3419 1852 3481 multum
1879 3415 2228 3480 donorum
2270 3432 2567 3480 suorum
2594 3417 2839 3480 divina
2874 3415 3077 3479 Boni-

611 3532 722 3585 tas
761 3525 1090 3600 contulit,
1136 3533 1213 3588 ut
1253 3541 1427 3587 suae
1468 3523 1656 3588 vitae
1699 3523 2173 3587 sanctimonia
2224 3541 2309 3586 ac
2354 3523 2701 3602 religione
2744 3523 3071 3586 omnibus

609 3629 1172 3694 aedificationem
1210 3647 1549 3710 magnam
1589 3631 2019 3711 praebuerit:
2054 3631 2584 3694 matrimonium
2614 3630 2830 3693 etiam
2864 3630 3079 3711 quod-

610 3737 808 3817 dam,
844 3739 1185 3818 quaesitis
1215 3738 1305 3801 ad
1335 3739 1406 3802 id
1435 3739 1945 3820 eleemosyniS,
1980 3736 2382 3802 confectum
2424 3748 2565 3817 est,
2600 3755 2693 3801 ex
2728 3753 2870 3818 quo
2901 3739 3075 3801 mul-

609 3844 704 3906 tis
728 3845 1128 3908 rationibus
1157 3843 1292 3908 Dei
1321 3845 1693 3909 servitium
1722 3862 1865 3908 non
1894 3843 2251 3909 mediocre
2281 3854 2799 3925 consequutum
2826 3853 2954 3908 est.

734 3949 910 4016 1065.
997 3952 1077 4015 In
1106 3952 1383 4016 duobus
1413 3952 1864 4015 monasteriis
1891 3951 2393 4015 Conimbricae
2422 3952 2769 4016 moniales
2800 3953 3079 4016 concio·

606 4057 816 4122 nibus
843 4067 915 4121 et
943 4059 1427 4139 spiritualibus
1457 4060 1832 4139 colloquiis
1861 4068 1932 4122 et
1952 4059 2539 4122 instructionibus
2558 4071 2967 4124 nostrorum
2988 4059 3080 4124 ad

611 4181 948 4244 magnam
976 4165 1555 4230 reformationem
1595 4166 1979 4245 adductae;
2012 4167 2195 4230 inter
2224 4183 2404 4246 quas
2432 4167 2713 4260 aliquae
2744 4167 2816 4229 in
2844 4165 3079 4230 studio

611 4271 958 4334 orationis
987 4281 1058 4335 et
1084 4271 1244 4336 aliis
1274 4273 1367 4336 ad
1404 4272 1911 4353 perfectionem
1938 4273 2367 4352 religiosam.
2381 4272 2895 4352 pertinentibus
2932 4289 3079 4336 ma-

694 4515 712 4546 ί
769 4513 1030 4569 Nigr-itam
1049 4515 1298 4571 intellige.
1319 4516 1558 4568 Nigritae
1579 4517 1715 4560 enlm
1747 4516 2021 4571 aethiopes
2051 4517 2305 4572 appellari
2336 4525 2680 4570 consuevere3
2710 4515 2951 4570 quamvis
2982 4525 3077 4560 nec

615 4586 787 4629 cuncti
809 4587 1082 4642 aethiopen
1099 4588 1261 4643 nigri.
1281 4599 1378 4632 nec
1399 4587 1566 4632 minus
1585 4588 1756 4633 cuncti
1777 4589 2007 4644 mgritae
2026 4589 2299 4643 aethiopes
2316 4588 2437 4632 sint.

691 4657 716 4690 ί
771 4659 1032 4702 Abbatiae
1054 4658 1286 4714 collegio
1305 4658 1712 4704 conimbrica-usi
1731 4661 1911 4704 unitae
1932 4661 2031 4704 hoc
2052 4667 2283 4713 tempore
2305 4667 2453 4704 erant
2476 4659 2628 4711 duae,
2647 4659 2877 4704 scillcet:
2899 4657 3076 4703 Sancti

615 4729 808 4775 Felici·
825 4728 962 4784 (San
981 4729 1138 4786 Βίης)
1156 4735 1210 4774 et
1230 4729 1412 4776 Sancti
1433 4731 1650 4777 Antonii
1670 4732 1732 4776 de
1755 4731 2067 4786 Benespera.
