3742 5392
1673 440 1802 499 ΑΝ.
1845 442 1987 501 1554
2954 444 3063 501 317

585 584 1097 664 ecclesiastica,
1132 587 1385 665 quibus
1417 596 1757 650 oneratus
1780 595 1958 665 erat,
1987 587 2291 667 reliquit.
2320 585 2501 650 Cum
2526 597 2763 651 autem
2792 589 2866 652 in
2888 591 3059 653 scri-

587 690 733 767 ptis
762 707 1112 755 summam
1141 710 1408 771 eorum,
1445 711 1625 773 quae
1655 694 1727 755 in
1759 694 2164 757 visitatione
2204 703 2475 773 egerat,
2518 692 2872 775 Episcopo
2916 699 3053 759 tra-

582 795 811 875 deret,
847 814 1110 877 magna
1142 799 1254 861 ille
1292 800 1513 863 animi
1555 800 1820 863 laetitia
1869 800 2199 879 perfusus
2240 811 2369 863 est.
2418 800 2642 863 Erant
2680 802 2865 865 inter
2900 804 3059 866 illas

587 904 930 967 ecclesias
959 905 1408 970 xenodochia
1439 916 1508 969 et
1537 907 1889 988 quaedam
1919 908 2426 970 canonicorum
2447 908 2773 987 collegia,
2808 918 2879 971 et
2905 910 3055 973 fere

563 1032 566 1037 ·
591 1010 814 1073 tribus
831 1012 1291 1076 hebdomadis
1306 1013 1378 1076 in
1393 1014 1496 1077 eis
1517 1013 1901 1077 lustrandis
1926 1023 2339 1093 occupatuS,
2366 1032 2509 1077 non
2532 1015 2870 1093 exiguum
2895 1017 3058 1081 inde

587 1115 897 1181 fructum
915 1120 1172 1182 retulit.
1203 1120 1415 1199 Apud
1438 1138 1786 1183 arvernos
1807 1130 2045 1183 autem
2062 1121 2565 1184 suavissimum
2583 1122 2874 1185 odorem
2899 1140 3053 1186 sua·

587 1224 834 1287 vitatis
861 1233 1009 1287 tam
1037 1226 1113 1289 P.
1149 1226 1632 1307 Hieronymus
1653 1228 1968 1305 BassiuS,
1997 1228 2116 1308 qui
2138 1225 2453 1290 Parisios
2472 1227 2805 1307 redierat,
2838 1247 3053 1309 quam

589 1332 738 1409 ipse
767 1330 844 1393 Ρ.
875 1331 1327 1410 Paschasius,
1365 1336 1818 1415 reliquerunt,
1855 1344 1923 1397 et
1954 1333 2331 1397 Societatis
2361 1335 2674 1414 aliquam
2704 1322 3055 1399 coloniam

585 1436 681 1499 ad
713 1454 789 1501 se
817 1438 1071 1502 deduci
1111 1441 1445 1504 ardenter
1477 1442 1819 1520 optabant
1855 1440 1896 1500 ¹.

707 1542 848 1608 678.
937 1545 1344 1627 Antequam
1373 1548 1738 1611 recederet
1761 1566 1852 1611 ex
1871 1566 1960 1611 ea
1981 1548 2354 1627 provincia
2378 1547 2610 1611 dictus
2633 1547 2709 1610 P.
2742 1548 3047 1611 Pascha·

587 1651 760 1730 siuS,
793 1650 985 1716 dedit
1023 1654 1089 1715 ei
1131 1654 1526 1735 Episcopus
1563 1655 2162 1719 Claramontanus
2202 1672 2407 1718 suum
2445 1656 2802 1736 quoddam
2832 1654 3049 1736 diplo-

585 1774 724 1837 ma,
763 1776 904 1840 quo
931 1760 1198 1824 reditus
1221 1778 1496 1825 annuos
1518 1762 1984 1825 ducentorum
2007 1771 2075 1825 et
2098 1762 2614 1843 quinquaginta
2638 1761 3051 1826 francorum

581 1864 802 1928 libere
831 1865 1172 1931 Societati
1200 1867 1537 1946 donabat;
1570 1878 1638 1931 et
1669 1868 2069 1948 hujusmodi
2098 1868 2391 1948 redituS,
2428 1877 2500 1932 ut
2530 1869 2807 1932 initium
2833 1871 3050 1950 quod-

583 1972 750 2035 dam
785 1990 1050 2052 eornm,
1087 1992 1265 2055 quos
1293 1976 1656 2055 applicare
1684 1976 2175 2053 constituerat,
2212 1993 2298 2039 ac
2338 1976 2558 2039 veluti
2597 1977 2887 2039 arrham
2932 1977 3045 2039 de-

583 2078 808 2159 derat,
845 2093 921 2144 ut
950 2099 1080 2161 pro
1113 2083 1321 2145 domo
1345 2082 1925 2161 Claramontana,
1960 2099 2175 2162 quam
2202 2083 2427 2145 nostri
2452 2081 2743 2145 Parisiis
2772 2082 3047 2146 habita-

585 2188 774 2266 bant,
810 2190 1458 2267 compensationem
1492 2190 1680 2253 hanc
1709 2187 1883 2251 dare
1912 2198 2225 2269 possent.
2258 2188 2589 2252 Promisit
2632 2200 2872 2253 autem
2901 2199 3049 2253 tam

581 2290 962 2357 Parisiensi
988 2294 1228 2374 :quam
1279 2296 1690 2360 Billomensi
1739 2295 2063 2375 Collegio
2120 2295 2392 2359 reditus
2444 2314 2522 2359 se
2574 2296 2906 2359 daturum
2958 2297 3050 2360 ad

579 2399 1177 2464 scholasticorum
1205 2403 1815 2479 sustentationem,
1850 2413 1922 2466 et
1944 2420 2067 2465 eos
2099 2404 2375 2482 amplos
2404 2402 2685 2466 futuros
2712 2402 3049 2467 Vicarius

579 2503 729 2584 eJ‘us
759 2506 1178 2571 affirmabat.

697 2614 840 2677 679.
929 2614 1162 2679 Rediit
1211 2625 1448 2680 autem
1488 2616 1564 2679 P.
1619 2617 2051 2680 Paschasius
2102 2615 2417 2680 Parisios
2465 2625 2843 2696 postquam
2901 2629 3047 2681 tres

579 2718 728 2784 sere
755 2739 1037 2786 menses
1074 2723 1147 2786 in
1186 2723 1555 2787 Auvernia
1595 2724 1975 2803 exegisset.
2011 2723 2303 2786 Parisiis
2333 2733 2571 2787 autem
2602 2724 2768 2803 (quo
2794 2741 3041 2804 perve-

579 2839 781 2891 nerat
809 2831 940 2892 sub
972 2831 1248 2894 initium
1276 2830 1670 2909 Februarii)
1715 2830 2090 2909 diligenter
2136 2832 2456 2910 curabat,
2500 2846 2714 2911 quam
2752 2841 3041 2909 vocant,

571 2938 1188 3002 amortizationem
1210 2938 1360 3018 ejus
1381 2939 1650 3002 reditus
1678 2938 1724 3016 ³,
1759 2948 1827 3003 et
1850 2942 1981 3020 per
2002 2938 2455 3003 Cardinalem
2476 2936 2999 3017 Lotharingum
3020 2936 3044 2968 ³

576 3040 734 3107 Rex
790 3062 950 3108 eam
1000 3047 1389 3124 concessit;
1441 3046 1566 3109 sed
1613 3046 2003 3126 capitulum
2048 3045 2393 3108 ecclesiae
2444 3042 3040 3108 Claramontanae

576 3151 743 3214 huic
781 3153 1285 3231 permutationi
1323 3154 1575 3217 domus
1614 3170 1777 3216 cum
1820 3153 2162 3216 reditibus
2204 3168 2630 3215 consensum
2672 3162 3041 3231 praestare

575 3258 833 3335 noluit,
885 3260 1210 3339 quamvis
1249 3261 1733 3340 compensatio
1772 3260 2079 3339 pretium
2128 3267 2501 3338 superaret
2524 3258 2816 3337 .domuS,
2860 3276 3042 3337 quae

569 3365 837 3446 alioqui
867 3368 1144 3429 ruinam
1173 3379 1460 3447 propter
1491 3376 1917 3430 vetustatem
1958 3367 2194 3447 aliqua
2230 3383 2319 3428 ex
2356 3374 2558 3444 parte
2601 3365 3031 3443 minabatur,

575 3482 644 3536 et
671 3474 1031 3553 reparatio
1061 3492 1201 3536 non
1233 3475 1384 3537 sine
1415 3491 1679 3554 magna
1721 3490 2035 3554 expensa
2084 3471 2238 3536 fieri
2269 3480 2571 3551 poterat.
2606 3470 2882 3552 Ubique
2914 3472 3041 3535 ita·

569 3597 708 3659 que
738 3581 1339 3645 contradictiones
1369 3592 1438 3645 et
1469 3581 1752 3645 occasio
1783 3579 2166 3662 patientiae
2198 3578 2643 3641 exercendae
2684 3596 2762 3641 se
2793 3578 3037 3642 offere·

573 3686 766 3764 bant,
802 3698 869 3749 et
899 3689 1278 3768 praecipue
1310 3687 1626 3751 Parisiis:
1670 3685 2017 3750 insinuari
2062 3686 2277 3748 etiam
2310 3686 2684 3764 oportebat
2718 3684 3038 3748 donatio-

570 3810 738 3856 nem
765 3810 1012 3857 coram
1033 3794 1290 3874 judice,
1325 3804 1402 3857 ut
1431 3794 1670 3857 valida
1699 3804 1909 3872 esset,
1946 3793 2018 3856 in
2039 3793 2195 3854 loco
2222 3790 2342 3854 ubi
2371 3790 2638 3854 reditus
2659 3802 2885 3867 erant;
2915 3794 3041 3857 sed

571 3900 644 3963 id
664 3917 808 3962 non
830 3901 1095 3980 placuit
1119 3900 1471 3982 Episcopo
1491 3901 2064 3976 Claramontano,
2092 3899 2261 3980 quia
2282 3898 2878 3978 permutationem
2896 3901 3039 3963 cito

654 4103 672 4136 ¹
727 4104 1045 4150 “Habbiamo
1065 4108 1231 4151 inteso
1251 4105 1370 4151 dell'
1389 4106 1585 4149 andata
1606 4106 1726 4149 delli
1749 4104 1915 4148 nostri
1938 4104 2151 4153 fratelli,
2174 4108 2225 4145 et
2247 4104 2408 4146 etiam
2428 4103 2478 4146 dl
2498 4101 2565 4145 V.
2587 4102 2649 4147 R.
2666 4105 2719 4147 al
2738 4102 3039 4148 Vescovato

569 4174 655 4219 del
675 4174 826 4221 Rmo.
852 4177 914 4220 de
937 4176 1286 4232 claramonte,
1307 4185 1360 4221 et
1395 4177 1585 4221 Nostro
1606 4177 1774 4220 Padre
1795 4177 1864 4219 ha
1886 4176 2084 4219 havuto
2116 4176 2276 4218 molto
2298 4184 2423 4217 caro
2458 4174 2554 4217 che
2583 4174 2615 4217 1·
2646 4174 2873 4219 habbino
2903 4175 3038 4219 fatto

567 4247 724 4291 alcun
740 4249 960 4293 servitio
979 4258 1031 4294 et
1050 4251 1215 4295 anche
1235 4250 1476 4294 desidera
1493 4256 1646 4303 poter
1663 4247 1919 4293 satisfare
1941 4258 1973 4290 a
1992 4257 2088 4291 sua
2112 4245 2247 4291 Sria.
2273 4245 2421 4289 Rma.
2444 4252 2497 4289 et
2514 4245 2743 4291 servii-la
2756 4248 2876 4291 nell’
2892 4248 3037 4291 aiuto

563 4319 708 4363 della
736 4330 832 4365 sua
865 4320 1168 4367 Universlta
1189 4322 1240 4366 dl
1262 4321 1446 4375 Billon,
1467 4328 1521 4366 et
1541 4321 1623 4365 col
1645 4327 1816 4373 tempo
1837 4319 2310 4363 indubitatamente
2338 4318 2389 4360 10
2422 4317 2540 4361 fara
2560 4318 2641 4361 col
2660 4318 2837 4363 divino
2860 4319 3029 4373 favor,

569 4392 760 4445 perche
781 4392 834 4435 al
847 4399 1089 4447 presente
1109 4394 1250 4438 hala
1271 4392 1596 4447 compagum
1614 4392 1713 4435 due
1734 4401 1894 4435 cause
1916 4390 1967 4433 dl
1988 4401 2089 4433 non
2118 4395 2271 4443 poter
2306 4389 2389 4433 far
2409 4389 2583 4443 quella
2616 4389 2915 4444 provisione
2938 4392 3035 4435 che

567 4464 614 4507 si
633 4463 918 4517 desidera„
941 4463 1210 4518 Polaticus,
1231 4476 1302 4509 ex
1322 4476 1474 4511 com..
1491 4464 1636 4507 Patri
1659 4462 1946 4506 Paschaslo
1970 4460 2145 4516 Βτοὸῐ,
2164 4460 2220 4504 30
2239 4459 2479 4513 ,Ianuarii
2501 4460 2623 4504 1554.

650 4534 672 4565 ¹
728 4534 961 4587 Reditus,
994 4536 1212 4591 scilicet,
1241 4537 1310 4580 ab
1344 4536 1602 4591 Episcopo
1638 4535 2048 4580 Claramontano
2088 4532 2255 4577 oblati
2284 4531 2338 4576 in
2368 4532 2549 4577 domus
2585 4531 3025 4579 Claramontanae

571 4604 757 4659 (Hotel
777 4607 845 4650 de
865 4606 1150 4661 Clermont)
1174 4607 1389 4651 Parisiis
1409 4608 1900 4661 compensationem.

649 4677 672 4709 ³
725 4676 859 4721 Vide
876 4689 1036 4732 supra
1049 4710 1060 4732 ,
1085 4684 1120 4722 t.
1145 4688 1218 4732 m,
1240 4688 1358 4733 pag.
1377 4678 1474 4733 288,
1497 4690 1544 4722 n.
1566 4678 1662 4731 6⁴5.
1680 4686 1733 4723 et
1751 4686 1789 4723 t.
1810 4690 1862 4733 11,
1887 4688 2009 4732 pag.
2028 4676 2098 4731 90,
2121 4684 2297 4722 annot.
2314 4678 2356 4721 1.
