3742 5392
1609 456 1737 517 An.
1782 456 1930 517 1554
2939 458 3016 518 89

532 606 743 671 Tunc
792 604 1195 671 Cardinalis
1245 606 1335 669 ad
1396 604 1938 685 suffraganeum
1989 620 2402 668 conversus:
2471 604 2674 667 vides
2725 604 3008 685 (inquit)

530 714 709 795 quid
740 713 1195 795 respondeat:
1228 712 1398 776 nihil
1428 712 1621 775 aliud
1649 711 1816 776 fecit
1845 729 2061 792 quam
2087 712 2274 792 quod
2301 710 2596 775 Missam
2627 721 2697 775 et
2728 712 3012 793 quidem

531 836 707 885 cum
734 820 1022 885 licentia
1054 818 1464 883 celebravit.
1499 818 1595 882 At
1624 817 2172 897 suffraganeus:
2207 819 2416 881 aliter
2446 816 2720 899 (inquit)
2765 818 3012 883 scribit

548 926 913 1004 VicariuS,
966 926 1086 1007 qui
1124 924 1523 1006 fidedignus
1550 923 1851 988 videtur.
1887 924 2103 989 Dedit
2144 941 2318 1005 ergo
2357 924 2760 989 Cardinalis
2798 925 3010 1006 privi-

544 1035 729 1115 legia
758 1032 1227 1113 Suffraganeo
1254 1032 1589 1113 legenda,
1624 1031 1878 1113 quibus
1907 1032 2138 1110 lectiS‚
2173 1032 2411 1095 omnia
2440 1050 2517 1097 se
2539 1033 2718 1096 bene
2745 1032 3010 1097 habere

531 1150 615 1205 -et
642 1160 687 1204 a
713 1142 979 1205 nostris
1007 1140 1185 1203 bene
1213 1150 1419 1219 gesta
1448 1155 1607 1202 esse
1636 1137 2048 1218 affirmavit3
2081 1146 2151 1201 et
2173 1139 2235 1202 si
2267 1138 2601 1202 Vicarius
2631 1139 3006 1219 privilegia

544 1247 871 1325 vidisset,
904 1264 1049 1311 non
1074 1246 1508 1327 scripturum
1536 1243 1755 1309 fuisse
1784 1263 1969 1326 quae
1997 1246 2317 1326 scripsit;
2364 1254 2434 1309 et
2473 1262 2634 1309 cum
2679 1244 3008 1310 Andreas

536 1355 701 1419 visa
728 1354 1103 1436 privilegia
1132 1354 1225 1417 ab
1254 1370 1337 1417 eo
1367 1353 1666 1432 diceret,
1708 1353 2038 1433 stupebat
2078 1350 2588 1433 Suffraganeus
2627 1362 2696 1427 et
2738 1353 3010 1433 praeci-

550 1478 691 1543 pue
718 1462 809 1525 ob
836 1462 909 1525 id
936 1462 1126 1541 quod
1152 1460 1415 1525 Paulus
1466 1460 1558 1524 III
1604 1458 1982 1541 privilegia
2031 1461 2522 1524 concessisset.
2573 1458 2912 1524 Narravit
2943 1460 3010 1523 ei

541 1568 619 1633 P.
651 1568 983 1633 Andreas
1010 1569 1609 1648 persecutionem,
1644 1584 1858 1649 quam
1887 1568 2081 1649 passi
2109 1566 2419 1647 fuerant,
2455 1577 2524 1631 et
2566 1568 2758 1648 quod
2787 1569 3006 1631 etiam

476 1750 483 1755 ,
541 1676 617 1739 in
634 1684 958 1741 nostrum
978 1676 1321 1739 sacellum
1336 1674 1720 1739 insolenter
1742 1674 2094 1755 quaedam
2117 1684 2728 1756 perpetraverant;
2747 1686 2818 1738 et
2841 1664 3006 1738 cut‘n

538 1782 999 1847 intellexisset
1028 1780 1047 1815 ¹
1076 1781 1353 1845 Ducem
1372 1780 1751 1869 Ferrariae
1778 1780 1851 1845 in
1881 1798 2004 1844 eos
2027 1780 2638 1859 animadvertisse,
2667 1781 3004 1845 laudabat

546 1907 635 1953 ac
661 1888 1268 1953 benedictionibus
1292 1906 1454 1953 eum
1478 1887 2064 1969 prosequebatur.

664 1994 797 2059 162.
886 1994 1300 2059 Accersitus
1352 1994 1481 2058 fuit
1531 1994 1785 2058 deinde
1834 2012 1879 2057 a
1907 1994 2286 2059 Cardinale
2313 1993 2388 2057 P.
2435 1993 2786 2075 AndreaS,
2817 2005 2887 2058 et
2917 1996 3008 2061 si·

528 2100 908 2183 gnificavit
936 2120 1015 2167 se
1042 2110 1372 2183 paratum
1402 2118 1561 2165 esse
1600 2102 1693 2165 ad
1744 2102 2176 2167 audiendum
2215 2101 2554 2183 quidquid
2592 2103 2746 2183 ipse
2773 2102 3008 2167 dicere

546 2212 779 2290 vellet,
812 2208 1277 2290 praemittens
1298 2208 1510 2289 quod,
1542 2207 1719 2272 visis
1746 2208 2144 2289 privilegiis
2172 2206 2574 2288 Societatis,
2609 2227 2751 2273 non
2781 2211 3011 2274 solum

545 2316 1038 2381 intellexerant
1083 2326 1367 2380 nostros
1414 2316 1589 2380 nihil
1630 2333 1944 2395 errasse,
1996 2316 2124 2379 sed
2171 2317 2406 2397 potius
2455 2315 2787 2396 injuriam
2838 2318 3010 2398 ipsis

544 2424 812 2489 illatam
860 2424 1102 2487 fuisse.
1144 2422 1474 2487 Addebat
1517 2440 1595 2486 se
1636 2422 2066 2488 Societatem
2109 2441 2388 2504 semper
2417 2424 2783 2503 dilexisse,
2818 2423 3006 2505 quod

541 2531 719 2595 satis
745 2530 821 2595 P.
853 2530 1134 2611 Ignatio
1164 2529 1571 2609 constabat3
1611 2537 1683 2593 et
1725 2531 1914 2610 quod
1955 2530 2042 2595 de
2084 2529 2409 2594 omnibus
2451 2532 2713 2612 optime
2753 2530 3006 2595 sentie-

542 2639 661 2701 bat
678 2686 693 2717 ,
717 2646 787 2702 et
815 2635 1153 2718 quidquid
1183 2646 1425 2718 posset
1452 2637 1525 2701 in
1554 2637 1863 2716 gratiam
1888 2636 2268 2701 Societatis
2291 2647 2660 2719 praestare
2683 2638 2998 2719 optabat:

522 2754 607 2809 -et
635 2745 826 2826 quod
867 2744 959 2809 ad
987 2742 1517 2810 reformandam
1543 2761 1748 2808 suam
1777 2744 2162 2809 Abbatiam
2202 2745 2290 2808 de
2329 2744 2544 2809 Farfa
2576 2746 2882 2826 aliquem
2912 2762 3002 2808 ex

535 2851 803 2916 nostris
832 2870 875 2915 a
895 2850 973 2915 P.
1000 2851 1281 2931 Ignatio
1295 2853 1817 2933 postulaverat,
1852 2852 1972 2932 qui
2002 2850 2077 2915 P.
2104 2850 2546 2917 Bobadillam
2572 2852 2636 2915 ei
2667 2851 3004 2933 promise·

541 2970 649 3022 rat
671 2955 719 3039 ’3
754 2976 831 3022 se
858 2960 1081 3023 multa
1109 2958 1299 3022 bona
1330 2969 1399 3022 et
1429 2958 1617 3022 mala
1648 2958 1734 3021 de
1764 2956 2125 3023 Societate
2156 2957 2551 3036 audivisse,
2583 2958 2710 3022 sed
2739 2958 2826 3022 de
2861 2976 3004 3023 ma-

536 3067 623 3130 lis
670 3064 1048 3131 informari
1099 3066 1444 3142 voluisse3
1499 3066 1626 3130 sed
1674 3065 1880 3145 illud,
1938 3065 2126 3147 quod
2174 3068 2439 3131 malum
2486 3065 2878 3146 dicebatur,
2933 3066 3005 3130 in

540 3174 795 3254 quovis
822 3175 1012 3237 bono
1046 3174 1438 3237 christiano
1467 3185 1537 3236 et
1576 3174 1649 3237 in
1678 3173 1916 3253 seipso
1940 3190 2016 3235 se
2037 3181 2356 3253 optasse;
2387 3190 2518 3237 nec
2552 3182 2829 3237 tantum
2861 3172 3002 3237 fru-

526 3290 697 3344 -ctus
727 3296 771 3344 a
798 3279 1161 3345 Societate
1188 3280 1435 3360 egredi
1462 3295 1676 3360 posse
1700 3278 1791 3342 ad
1815 3278 2073 3360 ubique
2100 3280 2453 3359 gentium,
2485 3280 2548 3344 si
2569 3281 2751 3343 tales
2778 3281 3009 3344 nostri

540 3404 683 3451 non
712 3397 970 3451 essent.

662 3492 799 3557 163.
885 3492 1227 3559 Narravit
1276 3494 1529 3558 deinde
1558 3492 1635 3558 P.
1690 3492 2022 3557 Andreas
2060 3511 2353 3558 causam
2403 3511 2528 3557 cur
2578 3493 2834 3558 civitas
2873 3492 3004 3559 Ar·

536 3612 797 3681 gentae
815 3650 830 3681 ,
865 3618 1047 3681 quae
1076 3618 1239 3665 cum
1264 3602 1663 3681 gratiarum
1692 3600 1976 3664 actione
1999 3609 2282 3664 nostros
2305 3602 2638 3682 amplecti
2653 3603 3001 3679 voluerat,

524 3710 851 3772 animum
880 3718 1284 3773 mutaverat
1302 3756 1317 3787 ,
1369 3726 1413 3771 a
1462 3706 1736 3772 duobus
1766 3706 2044 3773 civibus
2093 3707 2507 3789 informata,
2553 3709 2746 3789 quod
2774 3710 3002 3775 nostri

536 3814 857 3879 Venetiis
886 3816 1161 3896 expulsi
1188 3816 1489 3879 fuissent
1506 3865 1520 3893 ,
1548 3825 1617 3879 et
1636 3816 1830 3879 illam
1854 3815 2218 3880 civitatem
2244 3815 2662 3881 subvertere
2687 3829 2999 3898 possent,

535 3939 669 3986 nec
701 3940 1009 4002 unquam
1053 3922 1359 4005 amplius
1406 3922 1681 4003 placari
1728 3923 2115 4005 potuerint,
2169 3933 2238 3989 et
2279 3926 2502 3987 multa
2528 3924 2794 3988 nostris
2822 3924 3004 3989 falsa

536 4027 976 4108 objecerant3
1009 4029 1135 4093 sed
1164 4028 1350 4110 quod
1382 4028 1551 4093 Dux
1580 4030 1655 4092 in
1680 4031 1948 4094 nostris
1971 4048 2058 4094 eo
2082 4031 2442 4095 mittendis
2466 4040 2534 4094 et
2557 4031 2810 4095 ibidem
2843 4032 3004 4094 reti-

540 4136 793 4200 nendis
820 4144 1385 4217 perseverasset,
1420 4136 1609 4218 quod
1640 4137 2104 4202 intellexisset
2134 4136 2380 4201 decem
2403 4136 2553 4217 jam
2582 4155 2808 4203 annos
2833 4138 3002 4205 ludi-

530 4244 959 4324 magistrum
985 4242 1355 4323 Argentae
1384 4243 1825 4307 haereticum
1852 4243 2102 4322 fuisse,
2136 4252 2206 4307 et
2235 4262 2375 4324 quo
2405 4245 2637 4325 magis
2665 4246 2766 4308 illi
2805 4262 3002 4310 recu-

532 4351 823 4431 sabant,
856 4350 1089 4430 magis
1120 4350 1271 4432 ipse
1300 4349 1643 4429 instabat,
1676 4360 1783 4427 ut,
1830 4350 1971 4415 alio
2016 4360 2478 4431 praeceptore
2517 4352 2844 4431 dimisso,
2882 4370 3000 4417 no·

587 4628 605 4661 ⁸
1036 4658 1049 4671 .

582 4700 609 4731 ἰ
662 4626 1111 4756 ἷζῗιζπῗίῖἶὴὶ
1130 4700 1296 4746 Servo
1318 4702 1379 4746 ai
1396 4701 1499 4747 Dio
1518 4700 1579 4747 P.
1599 4700 1783 4746 Nicolo
1806 4702 2119 4756 Bobadma,
2137 4702 2183 4759 Β.
2206 4702 2445 4749 x.-Vide
2468 4702 2627 4747 etlam
2649 4703 2801 4758 infra,
2823 4714 2872 4747 n.
2891 4702 2997 4748 285.
