3742 5392
1620 540 1748 598 An.
1793 540 1933 599 1554
2903 540 3015 599 339

547 686 774 750 tribus
817 694 938 748 aut
967 692 1270 766 quatuor
1302 684 1469 748 anni
1501 683 1881 763 mensibus,
1929 684 2095 747 dum
2139 697 2375 749 aestas
2406 688 2714 749 maxime
2754 686 3005 762 fervet,

551 792 960 857 Valentiam
987 791 1544 855 transferrentur
1579 788 1620 853 ¹.

673 900 816 962 719.
901 897 1298 978 Injunctum
1326 897 1558 961 fuerat
1589 896 1663 961 P.
1699 898 2061 977 Baptistae
2103 907 2178 960 ut
2212 897 2302 961 ad
2342 899 2911 963 concionandum
2939 901 3012 963 in

556 1006 792 1070 futura
823 1006 1374 1087 quadragesima
1415 1004 2068 1083 Caesaraugustam
2099 1005 2255 1067 iret:
2300 1004 2735 1085 significavit
2775 1017 3013 1071 autem

561 1116 711 1193 ipse
741 1112 1222 1177 necessarium
1254 1112 1388 1175 sibi
1431 1128 1726 1191 prorsus
1757 1110 1985 1173 videri
2026 1120 2101 1174 ut
2132 1112 2385 1193 aliquis
2427 1130 2571 1176 non
2602 1115 2883 1193 vulgari
2912 1124 3019 1177 ta-

563 1223 749 1285 lento
782 1220 1168 1301 praedituS,
1211 1220 1594 1283 Valentino
1633 1217 1953 1297 Collegio
1985 1218 2507 1298 praeficeretur,
2549 1238 2709 1283 cum
2737 1222 3021 1285 nobilis-

563 1328 722 1391 simi
743 1329 1002 1409 quique
1025 1325 1176 1407 ejus
1208 1325 1519 1389 civitatis
1549 1335 1616 1388 et
1639 1325 2033 1388 doctissimi
2054 1326 2311 1406 quique
2334 1326 2838 1391 Universitatis
2862 1345 3022 1392 cum

565 1435 713 1515 ejus
743 1434 1042 1513 Collegii
1071 1432 1450 1513 Superiore
1480 1433 1842 1511 negotium
1871 1432 2134 1494 habere
2164 1433 2349 1496 soliti
2389 1444 2625 1497 essent
2653 1433 2698 1498 ¹.

686 1541 825 1605 720.
917 1542 1096 1605 Cum
1126 1539 1508 1620 J‘ubilaeum
1537 1538 1674 1602 hoc
1703 1556 1891 1602 anno
1932 1538 2089 1601 aliis
2118 1540 2191 1602 in
2228 1540 2405 1602 locis
2434 1542 2731 1605 multum
2760 1543 3027 1623 negotii

565 1650 830 1713 nostris
859 1648 1248 1727 exhiberet,
1296 1648 1672 1711 Valentiae
1709 1647 2089 1727 plurimum
2134 1648 2474 1727 exhibuit;
2522 1650 2645 1713 sed
2691 1668 2800 1728 ne,
2849 1667 3028 1732 quae

565 1758 828 1821 similia
867 1766 1031 1821 sunt
1073 1756 1262 1836 aliis,
1305 1766 1734 1834 repetamuS,
1780 1755 2032 1818 eadem
2063 1754 2253 1818 dicta
2294 1756 2801 1835 intelligantur:
2848 1758 3029 1821 sicut

568 1866 786 1928 etiam
815 1863 902 1927 de
931 1864 1246 1927 carceris
1273 1873 1342 1926 et
1373 1861 1827 1943 hospitalium
1849 1861 2277 1939 visitatione,
2307 1850 2560 1943 quibus
2582 1863 2652 1926 hi
2678 1864 3031 1928 vacabant

573 1972 1042 2053 potissimum,
1113 1970 1232 2050 qui
1291 1968 1438 2048 jam
1504 1986 1796 2032 suorum
1861 1968 2255 2031 studiorum
2316 1971 2749 2035 curriculum
2808 1972 3034 2035 absol-

575 2088 854 2142 verant.

697 2186 838 2249 721.
925 2186 1100 2248 lllud
1130 2196 1368 2247 tamen
1399 2184 1811 2264 singillatim
1841 2184 2213 2263 attingam,
2251 2186 2439 2265 quod
2470 2185 2753 2249 cuidam
2782 2204 2873 2250 ex
2902 2186 3031 2251 Pa-

578 2294 829 2370 tribuS,
861 2308 1227 2355 carcerem
1257 2290 1615 2365 invisenti,
1649 2308 1821 2353 casu
1861 2308 1936 2354 se
1969 2291 2217 2354 obtulit
2260 2292 2567 2373 quidam,
2614 2295 2756 2373 qui,
2802 2311 3041 2374 quam-

576 2400 701 2463 diu
731 2400 1033 2475 vixerat,
1067 2414 1453 2477 numquam
1484 2394 1851 2460 confessus
1882 2397 2138 2475 fuerat,
2166 2407 2233 2460 et
2257 2397 2575 2478 diligenti
2602 2400 3042 2464 exhortatio-

583 2524 671 2569 ne
703 2522 883 2586 opus
913 2504 1046 2569 fuit
1073 2514 1148 2567 ut
1178 2504 1314 2581 ille,
1347 2503 1652 2567 vinculis
1683 2504 1901 2567 animi
1931 2521 2072 2567 non
2104 2504 2333 2567 minus
2358 2522 2571 2584 quam
2595 2509 2919 2587 corporis
2950 2510 3043 2570 al-

583 2614 870 2692 ligatuS,
906 2612 995 2675 ab
1025 2612 1128 2673 eis
1161 2612 1342 2675 solvi
1371 2611 1616 2689 vellet3
1660 2608 1846 2691 quod
1888 2610 2206 2686 tandem,
2250 2614 2569 2691 generali
2607 2615 2823 2677 totius
2854 2615 3045 2679 vitae

583 2720 1032 2785 confessione
1061 2728 1378 2798 peracta,
1414 2716 1565 2779 Deo
1590 2716 1909 2796 jnvante,
1936 2718 2313 2797 praestitit.
2341 2718 2463 2781 Eis
2488 2729 2745 2799 autem,
2781 2722 2900 2801 qui
2924 2723 3046 2786 do-

587 2828 866 2891 minicis
895 2836 964 2889 et
993 2824 1268 2887 festivis
1300 2823 1545 2887 diebus
1575 2823 1666 2886 ad
1697 2834 2148 2887 sacramenta
2191 2825 2647 2905 accedebant,
2696 2828 2819 2891 vix
2851 2830 3050 2909 quin·

587 2952 747 3016 que,
796 2932 1208 2996 sacerdotes
1249 2939 1540 3011 propter
1578 2947 1822 2993 eorum
1871 2930 2412 3011 multitudinem,
2464 2933 2878 2997 satisfacere
2917 2937 3051 2999 illis

589 3044 844 3106 diebus
872 3047 1226 3120 poterant.
2814 3032 2820 3037 ’

673 3150 814 3212 722.
901 3148 1253 3212 Numerus
1302 3153 1708 3208 nostrorum
1759 3144 1987 3224 major
2024 3146 2308 3225 quidem
2351 3157 2504 3211 erat
2545 3148 2748 3212 solito
2795 3151 3053 3214 Valen-

591 3258 760 3335 tiae;
794 3272 954 3318 cum
995 3254 1182 3317 enim
1214 3252 1381 3315 anni
1426 3251 1626 3314 initio
1667 3250 1913 3314 decem
1953 3262 2190 3315 essent
2228 3250 2272 3331 ³,
2310 3254 2379 3315 in
2421 3272 2806 3335 progressu
2836 3258 2925 3321 ad
2958 3260 3055 3320 vi-

683 3498 700 3530 ¹
759 3496 1058 3540 constituta
1079 3502 1158 3537 est
1181 3494 1388 3537 tandem
1408 3492 1734 3537 Probationis
1754 3492 1934 3536 domus
1956 3504 2047 3547 pro
2072 3494 2371 3547 Aragoniae
2404 3494 2689 3549 Provincia,
2722 3509 2821 3541 non
2844 3500 2893 3543 ln
2927 3499 3064 3545 Gan-

603 3570 784 3621 dieusi,
805 3568 896 3613 sed
925 3569 977 3611 in
999 3565 1278 3609 Valentino
1311 3564 1558 3617 Collegio,
1589 3576 1621 3608 a
1653 3575 1751 3619 quo
1780 3571 1899 3618 post
1928 3564 2111 3607 varias
2136 3565 2522 3609 vicissitudines
2544 3578 2679 3611 armo
2713 3572 2924 3615 tandem
2963 3573 3067 3617 1575

603 3642 956 3685 Tarraconam
977 3640 1236 3682 translata
1255 3644 1352 3681 est.
1382 3636 1624 3679 Historia
1645 3636 1734 3680 del
1755 3636 1961 3689 eote-gio
1979 3637 2047 3679 de
2070 3636 2180 3679 San
2202 3636 2367 3681 Pablo
2394 3638 2462 3681 de
2496 3638 2773 3693 Valentia:
2796 3644 3064 3697 Annaea.

606 3709 855 3753 Historia
876 3710 942 3753 de
962 3709 1016 3751 la
1040 3706 1329 3751 Provtncia
1352 3708 1418 3749 de
1441 3706 1669 3759 Aragon.
2358 3710 2367 3717 “

687 3782 711 3813 ¹
765 3782 1086 3826 substitutus
1106 3780 1154 3824 ei
1175 3787 1254 3823 est
1275 3784 1328 3823 et
1351 3778 1582 3832 collegio
1603 3780 1832 3832 praefuit
1851 3778 2073 3823 Michael
2096 3779 2376 3833 Govierw),
2402 3783 2623 3827 nondum
2645 3788 2907 3831 sacerdos.

687 3856 710 3887 ⁵
764 3853 846 3897 Ita
869 3859 948 3897 est
969 3852 1018 3895 in
1047 3851 1329 3895 Memoria!
1347 3851 1413 3893 de
1435 3850 1514 3893 los
1533 3860 1634 3904 que
1656 3852 1873 3894 residen
1902 3862 1968 3894 en
1990 3852 2041 3894 el
2068 3850 2271 3907 Colegio
2290 3854 2357 3896 de
2390 3852 2662 3907 Valentia,
2691 3856 2751 3900 de
2774 3870 2873 3913 quo
2892 3872 3070 3916 supra.

608 3938 662 3970 n.
685 3926 782 3980 716,
805 3931 982 3968 annot.
1004 3924 1046 3973 3,
1073 3934 1194 3978 pag.
1213 3922 1311 3966 338.
1333 3920 1392 3965 In
1415 3934 1491 3974 eo,
1526 3922 1899 3976 praetermisso
1936 3922 2175 3977 Rectore‚
2213 3925 2298 3978 qui
2332 3925 2451 3969 dum
2487 3926 2583 3970 hoc
2616 3927 2903 3974 Memoria!
2924 3933 3075 3977 confi-

607 3998 860 4049 ciebatur,
885 3995 1118 4039 Gandiae
1141 3994 1350 4047 agebat,
1373 4000 1712 4037 numerantur
1732 4004 1935 4047 novem,
1957 3994 2053 4037 hoc
2083 3996 2249 4038 modo:

691 4068 804 4111 -P.⁰
826 4068 893 4111 El
918 4067 967 4111 P.
988 4067 1234 4110 Baltasar
1257 4065 1442 4119 [Diaz].
1476 4066 1686 4108 natural
1716 4065 1778 4107 de
1811 4064 2041 4116 [nescu.
2073 4066 2323 4110 bachiller
2348 4080 2411 4111 en
2443 4070 2725 4125 theologia,
2760 4072 2821 4117 de
2854 4074 2985 4117 edad
3014 4076 3075 4117 de

612 4142 806 4185 treinta
825 4153 862 4196 y
881 4138 984 4183 seis
1007 4142 1134 4182 anos
1157 4142 1185 4181 ό
1207 4148 1377 4190 cerca;
1401 4137 1469 4180 ha
1491 4136 1618 4179 stete
1643 4138 1770 4179 anos
1791 4140 1819 4179 ό
1839 4147 1953 4179 mas
1974 4148 2071 4191 que
2092 4141 2207 4181 esta
2228 4150 2290 4181 en
2307 4139 2358 4182 la
2380 4138 2678 4195 Companla.

695 4212 786 4267 „El
808 4212 866 4255 P.
893 4210 1199 4266 [Alphonso]
1221 4208 1445 4260 Lozzmo,
1468 4208 1695 4261 gallego,
1717 4208 1779 4250 de
1801 4208 1933 4251 cdad
1955 4209 2016 4251 dc
2040 4210 2233 4253 treinta
2254 4224 2289 4267 y
2312 4218 2421 4255 tres
2436 4214 2565 4257 anos
2583 4217 2611 4256 ὁ
2628 4226 2797 4267 εει-αις
2822 4228 2917 4269 oye
2942 4217 3081 4259 theo-

613 4289 770 4341 logia
792 4287 863 4330 ha
884 4287 1032 4330 clnco
1053 4287 1182 4329 anos
1204 4294 1300 4337 que
1322 4286 1437 4325 esta
1459 4292 1520 4324 en
1541 4283 1593 4324 la
1626 4281 1913 4335 Compaffla

696 4359 788 4411 „El
813 4358 868 4401 P.
1223 4354 1490 4408 Cart-ajal,
1513 4353 1748 4406 andaluz,
1773 4354 1834 4396 de
1854 4354 1987 4397 edad
2009 4354 2069 4397 de
2093 4356 2289 4399 treinta
2310 4369 2343 4413 y
2362 4356 2465 4401 seis
2486 4360 2631 4411 aiios,
2653 4370 2709 4403 es
2731 4360 2989 4415 theologo,
3014 4362 3081 4405 ha

617 4438 725 4475 tres
746 4432 874 4475 astos
895 4433 925 4473 ό
947 4440 1060 4472 mas
1079 4439 1176 4482 que
1195 4430 1312 4471 esta
1331 4438 1396 4469 en
1419 4428 1469 4470 la
1491 4426 1796 4481 Compafiia.

695 4503 788 4557 „El
809 4502 866 4545 P.
888 4502 1094 4555 [Pedrol
1117 4501 1300 4549 Parra,
1322 4500 1384 4543 de
1405 4498 1538 4542 edad
1558 4498 1620 4541 de
1643 4498 1839 4542 treinta
1860 4511 1895 4556 y
1915 4498 2060 4542 cinco
2082 4502 2209 4543 anos
2230 4502 2257 4543 ⁶
2278 4511 2448 4554 cerem
2464 4514 2558 4559 oye
2578 4504 2861 4557 theologia:
2884 4505 2953 4547 ha
2976 4512 3084 4548 tres

616 4581 645 4620 ό
666 4581 854 4631 quatro
875 4576 1002 4617 anos
1023 4584 1120 4625 que
1143 4574 1258 4615 esta
1279 4582 1344 4614 en
1375 4573 1425 4614 la
1448 4569 1749 4624 Compaffla.

698 4646 792 4700 „El
815 4644 916 4688 H.⁰
935 4644 1096 4687 Lucio
1118 4642 1336 4697 [Crocel.
1356 4644 1567 4687 natural
1589 4642 1648 4685 de
1670 4642 1867 4694 Tibull;
1893 4654 1990 4699 oye
2012 4650 2173 4687 artes.

699 4719 792 4773 „El
811 4717 906 4761 115³
927 4716 1039 4760 Don
1062 4715 1226 4759 Pedro
1250 4716 1311 4757 de
1334 4714 1582 4761 cabrera,
1611 4716 1820 4759 natural
1843 4714 1905 4759 de
1940 4715 2239 4769 Barcelona,
2265 4718 2325 4761 de
2358 4720 2485 4761 edad
2521 4719 2581 4761 de
2614 4725 2789 4783 vemte
2814 4721 2957 4766 allos:
2988 4731 3085 4775 oye

613 4798 782 4835 artes.
