<?xml version="1.0" encoding="UTF-8"?>
<!DOCTYPE html PUBLIC "-//W3C//DTD XHTML 1.0 Transitional//EN"
    "http://www.w3.org/TR/xhtml1/DTD/xhtml1-transitional.dtd">
<html xmlns="http://www.w3.org/1999/xhtml" xml:lang="en" lang="en">
 <head>
  <title>
</title>
<meta http-equiv="Content-Type" content="text/html;charset=utf-8" />
  <meta name='ocr-system' content='tesseract 3.04.00' />
  <meta name='ocr-capabilities' content='ocr_page ocr_carea ocr_par ocr_line ocrx_word'/>
</head>
<body>
  <div class='ocr_page' id='page_1' title='image "./vitaignatiiloio02polagoog_0222.png"; bbox 0 0 3742 5392; ppageno 0'>
   <div class='ocr_carea' id='block_1_1' title="bbox 13 1302 19 2720">
    <p class='ocr_par' dir='ltr' id='par_1_1' title="bbox 13 1302 19 2720">
     <span class='ocr_line' id='line_1_1' title="bbox 13 1302 19 2720; baseline 0 0"><span class='ocrx_word' id='word_1_1' title='bbox 13 1302 19 2720; x_wconf 95' lang='lat' dir='ltr'> </span> 
     </span>
    </p>
   </div>
   <div class='ocr_carea' id='block_1_2' title="bbox 705 460 2262 536">
    <p class='ocr_par' dir='ltr' id='par_1_2' title="bbox 705 460 2262 536">
     <span class='ocr_line' id='line_1_2' title="bbox 705 460 2262 536; baseline -0.001 -13"><span class='ocrx_word' id='word_1_2' title='bbox 705 464 815 523; x_wconf 77' lang='lat'>214</span> <span class='ocrx_word' id='word_1_3' title='bbox 1623 463 1880 524; x_wconf 68' lang='lat' dir='ltr'>Cnaou.</span> <span class='ocrx_word' id='word_1_4' title='bbox 1923 460 2079 523; x_wconf 87' lang='lat' dir='ltr'><strong>Soc.</strong></span> <span class='ocrx_word' id='word_1_5' title='bbox 2120 463 2262 536; x_wconf 74' lang='lat' dir='ltr'>Jas,</span> 
     </span>
    </p>
   </div>
   <div class='ocr_carea' id='block_1_3' title="bbox 694 611 3176 3584">
    <p class='ocr_par' dir='ltr' id='par_1_3' title="bbox 698 611 3168 783">
     <span class='ocr_line' id='line_1_3' title="bbox 698 611 3168 691; baseline -0.001 -16"><span class='ocrx_word' id='word_1_6' title='bbox 698 612 1073 675; x_wconf 85' lang='lat' dir='ltr'>videbatur</span> <span class='ocrx_word' id='word_1_7' title='bbox 1090 661 1104 690; x_wconf 94' lang='lat'>,</span> <span class='ocrx_word' id='word_1_8' title='bbox 1138 622 1207 675; x_wconf 93' lang='lat' dir='ltr'>et</span> <span class='ocrx_word' id='word_1_9' title='bbox 1236 612 1537 691; x_wconf 91' lang='lat' dir='ltr'>collegio</span> <span class='ocrx_word' id='word_1_10' title='bbox 1560 612 1899 675; x_wconf 85' lang='lat' dir='ltr'>molestus</span> <span class='ocrx_word' id='word_1_11' title='bbox 1922 620 2111 688; x_wconf 91' lang='lat' dir='ltr'>erat,</span> <span class='ocrx_word' id='word_1_12' title='bbox 2138 611 2306 674; x_wconf 91' lang='lat' dir='ltr'>dum</span> <span class='ocrx_word' id='word_1_13' title='bbox 2330 612 2622 675; x_wconf 88' lang='lat' dir='ltr'>nimium</span> <span class='ocrx_word' id='word_1_14' title='bbox 2648 628 2853 675; x_wconf 90' lang='lat' dir='ltr'>suam</span> <span class='ocrx_word' id='word_1_15' title='bbox 2876 620 3168 689; x_wconf 88' lang='lat' dir='ltr'>urgeret</span> 
     </span>
     <span class='ocr_line' id='line_1_4' title="bbox 701 718 1118 783; baseline -0.005 -3"><span class='ocrx_word' id='word_1_16' title='bbox 701 718 1118 783; x_wconf 89' lang='lat' dir='ltr'>libertatem.</span> 
     </span>
    </p>

    <p class='ocr_par' dir='ltr' id='par_1_4' title="bbox 698 823 3176 2602">
     <span class='ocr_line' id='line_1_5' title="bbox 818 823 3160 906; baseline 0 -20"><span class='ocrx_word' id='word_1_17' title='bbox 818 825 958 889; x_wconf 88' lang='grc'>477.</span> <span class='ocrx_word' id='word_1_18' title='bbox 1044 823 1123 888; x_wconf 91' lang='lat' dir='ltr'>In</span> <span class='ocrx_word' id='word_1_19' title='bbox 1152 825 1320 889; x_wconf 87' lang='lat' dir='ltr'>anni</span> <span class='ocrx_word' id='word_1_20' title='bbox 1348 840 1734 906; x_wconf 89' lang='lat' dir='ltr'>progressu</span> <span class='ocrx_word' id='word_1_21' title='bbox 1760 842 2098 889; x_wconf 88' lang='lat' dir='ltr'>numerus</span> <span class='ocrx_word' id='word_1_22' title='bbox 2119 826 2712 889; x_wconf 88' lang='lat' dir='ltr'>scholasticorum</span> <span class='ocrx_word' id='word_1_23' title='bbox 2737 824 3160 904; x_wconf 84' lang='lat' dir='ltr'>augebatur,</span> 
     </span>
     <span class='ocr_line' id='line_1_6' title="bbox 701 930 3165 1013; baseline 0 -18"><span class='ocrx_word' id='word_1_24' title='bbox 701 933 866 996; x_wconf 92' lang='lat' dir='ltr'>licet</span> <span class='ocrx_word' id='word_1_25' title='bbox 896 931 1270 1013; x_wconf 89' lang='lat' dir='ltr'>paulatim,</span> <span class='ocrx_word' id='word_1_26' title='bbox 1306 942 1374 995; x_wconf 91' lang='lat' dir='ltr'>et</span> <span class='ocrx_word' id='word_1_27' title='bbox 1402 930 1551 996; x_wconf 84' lang='lat' dir='ltr'>fere</span> <span class='ocrx_word' id='word_1_28' title='bbox 1582 932 1674 996; x_wconf 95' lang='lat' dir='ltr'>ad</span> <span class='ocrx_word' id='word_1_29' title='bbox 1713 932 2060 997; x_wconf 89' lang='lat' dir='ltr'>ducentos</span> <span class='ocrx_word' id='word_1_30' title='bbox 2092 942 2161 996; x_wconf 90' lang='lat' dir='ltr'>et</span> <span class='ocrx_word' id='word_1_31' title='bbox 2192 933 2556 1012; x_wconf 91' lang='lat' dir='ltr'>octoginta</span> <span class='ocrx_word' id='word_1_32' title='bbox 2587 933 2719 996; x_wconf 89' lang='lat' dir='ltr'>sub</span> <span class='ocrx_word' id='word_1_33' title='bbox 2759 932 2928 996; x_wconf 88' lang='lat' dir='ltr'>anni</span> <span class='ocrx_word' id='word_1_34' title='bbox 2956 931 3165 995; x_wconf 89' lang='lat' dir='ltr'><strong>finem</strong></span> 
     </span>
     <span class='ocr_line' id='line_1_7' title="bbox 702 1037 3168 1119; baseline 0 -18"><span class='ocrx_word' id='word_1_35' title='bbox 702 1040 1152 1103; x_wconf 82' lang='lat' dir='ltr'>ascendebat.</span> <span class='ocrx_word' id='word_1_36' title='bbox 1193 1038 1491 1103; x_wconf 86' lang='lat' dir='ltr'>Praetor</span> <span class='ocrx_word' id='word_1_37' title='bbox 1523 1050 1761 1103; x_wconf 89' lang='lat' dir='ltr'>autem</span> <span class='ocrx_word' id='word_1_38' title='bbox 1802 1037 1954 1118; x_wconf 88' lang='lat' dir='ltr'>ejus</span> <span class='ocrx_word' id='word_1_39' title='bbox 1984 1039 2180 1102; x_wconf 88' lang='lat' dir='ltr'>urbis</span> <span class='ocrx_word' id='word_1_40' title='bbox 2218 1039 2399 1103; x_wconf 89' lang='lat' dir='ltr'>duas</span> <span class='ocrx_word' id='word_1_41' title='bbox 2426 1039 2766 1102; x_wconf 88' lang='lat' dir='ltr'>lectiones</span> <span class='ocrx_word' id='word_1_42' title='bbox 2795 1038 3064 1119; x_wconf 86' lang='lat' dir='ltr'>logices</span> <span class='ocrx_word' id='word_1_43' title='bbox 3095 1038 3168 1101; x_wconf 90' lang='lat' dir='ltr'>in</span> 
     </span>
     <span class='ocr_line' id='line_1_8' title="bbox 698 1145 3168 1227; baseline 0 -18"><span class='ocrx_word' id='word_1_44' title='bbox 698 1148 1001 1226; x_wconf 88' lang='lat' dir='ltr'>collegio</span> <span class='ocrx_word' id='word_1_45' title='bbox 1049 1155 1297 1210; x_wconf 90' lang='lat' dir='ltr'>nostro</span> <span class='ocrx_word' id='word_1_46' title='bbox 1344 1147 1661 1227; x_wconf 84' lang='lat' dir='ltr'>praelegi</span> <span class='ocrx_word' id='word_1_47' title='bbox 1702 1145 2064 1227; x_wconf 89' lang='lat' dir='ltr'>cupiebat,</span> <span class='ocrx_word' id='word_1_48' title='bbox 2119 1154 2187 1211; x_wconf 89' lang='lat' dir='ltr'>et</span> <span class='ocrx_word' id='word_1_49' title='bbox 2229 1162 2393 1210; x_wconf 89' lang='lat' dir='ltr'>cum</span> <span class='ocrx_word' id='word_1_50' title='bbox 2441 1146 2710 1210; x_wconf 89' lang='lat' dir='ltr'>reditus</span> <span class='ocrx_word' id='word_1_51' title='bbox 2754 1146 3168 1227; x_wconf 91' lang='lat' dir='ltr'>quingento-</span> 
     </span>
     <span class='ocr_line' id='line_1_9' title="bbox 702 1253 3168 1334; baseline -0 -18"><span class='ocrx_word' id='word_1_52' title='bbox 702 1270 858 1317; x_wconf 88' lang='lat' dir='ltr'>rum</span> <span class='ocrx_word' id='word_1_53' title='bbox 886 1262 1249 1318; x_wconf 88' lang='lat' dir='ltr'>scutorum</span> <span class='ocrx_word' id='word_1_54' title='bbox 1280 1254 1807 1334; x_wconf 84' lang='lat' dir='ltr'>applicarentur</span> <span class='ocrx_word' id='word_1_55' title='bbox 1838 1254 2137 1334; x_wconf 92' lang='lat' dir='ltr'>collegio</span> <span class='ocrx_word' id='word_1_56' title='bbox 2166 1263 2446 1334; x_wconf 90' lang='lat' dir='ltr'>nostro,</span> <span class='ocrx_word' id='word_1_57' title='bbox 2478 1253 2552 1317; x_wconf 95' lang='lat' dir='ltr'>id</span> <span class='ocrx_word' id='word_1_58' title='bbox 2581 1253 2715 1317; x_wconf 89' lang='lat' dir='ltr'>sibi</span> <span class='ocrx_word' id='word_1_59' title='bbox 2736 1254 3168 1334; x_wconf 88' lang='lat' dir='ltr'>promissum</span> 
     </span>
     <span class='ocr_line' id='line_1_10' title="bbox 700 1360 3170 1441; baseline 0 -17"><span class='ocrx_word' id='word_1_60' title='bbox 700 1360 918 1424; x_wconf 88' lang='lat' dir='ltr'>fuisse</span> <span class='ocrx_word' id='word_1_61' title='bbox 948 1360 1367 1425; x_wconf 87' lang='lat' dir='ltr'>affirmabat.</span> <span class='ocrx_word' id='word_1_62' title='bbox 1403 1361 1871 1425; x_wconf 78' lang='lat' dir='ltr'>provincialis</span> <span class='ocrx_word' id='word_1_63' title='bbox 1899 1371 2139 1424; x_wconf 91' lang='lat' dir='ltr'>autem</span> <span class='ocrx_word' id='word_1_64' title='bbox 2167 1361 2230 1423; x_wconf 92' lang='lat' dir='ltr'>ei</span> <span class='ocrx_word' id='word_1_65' title='bbox 2274 1361 2640 1441; x_wconf 89' lang='lat' dir='ltr'>respondit</span> <span class='ocrx_word' id='word_1_66' title='bbox 2682 1361 2754 1424; x_wconf 89' lang='lat' dir='ltr'>in</span> <span class='ocrx_word' id='word_1_67' title='bbox 2795 1369 3170 1424; x_wconf 90' lang='lat' dir='ltr'>contractu</span> 
     </span>
     <span class='ocr_line' id='line_1_11' title="bbox 702 1465 3176 1547; baseline 0 -17"><span class='ocrx_word' id='word_1_68' title='bbox 702 1468 876 1531; x_wconf 91' lang='lat' dir='ltr'>inito</span> <span class='ocrx_word' id='word_1_69' title='bbox 895 1468 1109 1532; x_wconf 91' lang='lat' dir='ltr'>talem</span> <span class='ocrx_word' id='word_1_70' title='bbox 1131 1467 1637 1546; x_wconf 87' lang='lat' dir='ltr'>obligationem</span> <span class='ocrx_word' id='word_1_71' title='bbox 1654 1484 1796 1531; x_wconf 90' lang='lat' dir='ltr'>non</span> <span class='ocrx_word' id='word_1_72' title='bbox 1813 1468 2167 1531; x_wconf 90' lang='lat' dir='ltr'>contineri</span> <span class='ocrx_word' id='word_1_73' title='bbox 2187 1484 2201 1547; x_wconf 89' lang='grc'><strong>;</strong></span> <span class='ocrx_word' id='word_1_74' title='bbox 2225 1467 2681 1532; x_wconf 87' lang='lat' dir='ltr'>nihilominus</span> <span class='ocrx_word' id='word_1_75' title='bbox 2702 1465 2998 1532; x_wconf 90' lang='lat' dir='ltr'>Praetor</span> <span class='ocrx_word' id='word_1_76' title='bbox 3020 1484 3176 1547; x_wconf 91' lang='lat' dir='ltr'>pro-</span> 
     </span>
     <span class='ocr_line' id='line_1_12' title="bbox 701 1573 3172 1639; baseline -0.001 -1"><span class='ocrx_word' id='word_1_77' title='bbox 701 1575 1111 1638; x_wconf 85' lang='lat' dir='ltr'>missionem</span> <span class='ocrx_word' id='word_1_78' title='bbox 1143 1576 1215 1638; x_wconf 91' lang='lat' dir='ltr'>in</span> <span class='ocrx_word' id='word_1_79' title='bbox 1243 1574 1534 1638; x_wconf 89' lang='lat' dir='ltr'>consilio</span> <span class='ocrx_word' id='word_1_80' title='bbox 1564 1574 1878 1638; x_wconf 90' lang='lat' dir='ltr'>civitatis</span> <span class='ocrx_word' id='word_1_81' title='bbox 1907 1574 2174 1637; x_wconf 87' lang='lat' dir='ltr'>factam</span> <span class='ocrx_word' id='word_1_82' title='bbox 2195 1574 2416 1637; x_wconf 86' lang='lat' dir='ltr'>fuisse</span> <span class='ocrx_word' id='word_1_83' title='bbox 2440 1583 2856 1639; x_wconf 86' lang='lat' dir='ltr'>constanter</span> <span class='ocrx_word' id='word_1_84' title='bbox 2877 1573 3172 1637; x_wconf 88' lang='lat' dir='ltr'>affirma·</span> 
     </span>
     <span class='ocr_line' id='line_1_13' title="bbox 702 1679 3174 1763; baseline -0 -17"><span class='ocrx_word' id='word_1_85' title='bbox 702 1683 847 1759; x_wconf 89' lang='lat' dir='ltr'>bat,</span> <span class='ocrx_word' id='word_1_86' title='bbox 882 1692 953 1745; x_wconf 92' lang='lat' dir='ltr'>et</span> <span class='ocrx_word' id='word_1_87' title='bbox 981 1682 1308 1763; x_wconf 86' lang='lat' dir='ltr'>quamvis</span> <span class='ocrx_word' id='word_1_88' title='bbox 1338 1679 1412 1744; x_wconf 92' lang='lat' dir='ltr'>P.</span> <span class='ocrx_word' id='word_1_89' title='bbox 1448 1680 1709 1746; x_wconf 89' lang='lat' dir='ltr'>Paulus</span> <span class='ocrx_word' id='word_1_90' title='bbox 1733 1682 2109 1745; x_wconf 89' lang='lat' dir='ltr'>lectionem</span> <span class='ocrx_word' id='word_1_91' title='bbox 2138 1698 2356 1745; x_wconf 88' lang='lat' dir='ltr'>unam</span> <span class='ocrx_word' id='word_1_92' title='bbox 2385 1682 2460 1745; x_wconf 90' lang='lat' dir='ltr'>in</span> <span class='ocrx_word' id='word_1_93' title='bbox 2497 1683 2808 1761; x_wconf 87' lang='lat' dir='ltr'>gratiam</span> <span class='ocrx_word' id='word_1_94' title='bbox 2848 1697 3174 1762; x_wconf 90' lang='lat' dir='ltr'>quorum·</span> 
     </span>
     <span class='ocr_line' id='line_1_14' title="bbox 700 1788 3168 1869; baseline -0.001 -16"><span class='ocrx_word' id='word_1_95' title='bbox 700 1790 867 1854; x_wconf 90' lang='lat' dir='ltr'>dam</span> <span class='ocrx_word' id='word_1_96' title='bbox 897 1790 1287 1853; x_wconf 91' lang='lat' dir='ltr'>amicorum</span> <span class='ocrx_word' id='word_1_97' title='bbox 1319 1790 1785 1869; x_wconf 87' lang='lat' dir='ltr'>praelegeret,</span> <span class='ocrx_word' id='word_1_98' title='bbox 1821 1799 1898 1853; x_wconf 91' lang='lat' dir='ltr'>ut</span> <span class='ocrx_word' id='word_1_99' title='bbox 1929 1789 2242 1853; x_wconf 90' lang='lat' dir='ltr'>secunda</span> <span class='ocrx_word' id='word_1_100' title='bbox 2272 1788 2657 1853; x_wconf 90' lang='lat' dir='ltr'>adderetur</span> <span class='ocrx_word' id='word_1_101' title='bbox 2678 1789 3002 1868; x_wconf 89' lang='lat' dir='ltr'>urgebat,</span> <span class='ocrx_word' id='word_1_102' title='bbox 3037 1791 3168 1852; x_wconf 90' lang='lat' dir='ltr'>sal-</span> 
     </span>
     <span class='ocr_line' id='line_1_15' title="bbox 700 1894 3172 1975; baseline -0.002 -13"><span class='ocrx_word' id='word_1_103' title='bbox 700 1907 844 1962; x_wconf 89' lang='lat' dir='ltr'>tem</span> <span class='ocrx_word' id='word_1_104' title='bbox 886 1898 958 1960; x_wconf 92' lang='lat' dir='ltr'>in</span> <span class='ocrx_word' id='word_1_105' title='bbox 990 1904 1359 1973; x_wconf 90' lang='lat' dir='ltr'>autumn0,</span> <span class='ocrx_word' id='word_1_106' title='bbox 1393 1904 1463 1958; x_wconf 92' lang='lat' dir='ltr'>et</span> <span class='ocrx_word' id='word_1_107' title='bbox 1503 1894 1799 1959; x_wconf 83' lang='lat' dir='ltr'>Pro-rex</span> <span class='ocrx_word' id='word_1_108' title='bbox 1839 1894 2171 1961; x_wconf 89' lang='lat' dir='ltr'>satisfieri</span> <span class='ocrx_word' id='word_1_109' title='bbox 2213 1896 2528 1960; x_wconf 88' lang='lat' dir='ltr'>civitatis</span> <span class='ocrx_word' id='word_1_110' title='bbox 2558 1896 2910 1960; x_wconf 88' lang='lat' dir='ltr'>desiderio</span> <span class='ocrx_word' id='word_1_111' title='bbox 2940 1896 3172 1975; x_wconf 88' lang='lat' dir='ltr'>cupie-</span> 
     </span>
     <span class='ocr_line' id='line_1_16' title="bbox 705 2002 3172 2086; baseline -0.001 -18"><span class='ocrx_word' id='word_1_112' title='bbox 705 2007 828 2069; x_wconf 89' lang='lat' dir='ltr'>bat</span> <span class='ocrx_word' id='word_1_113' title='bbox 861 2002 902 2067; x_wconf 85' lang='lat'>¹.</span> <span class='ocrx_word' id='word_1_114' title='bbox 935 2003 1115 2068; x_wconf 89' lang='lat' dir='ltr'>Cum</span> <span class='ocrx_word' id='word_1_115' title='bbox 1144 2013 1383 2067; x_wconf 89' lang='lat' dir='ltr'>autem</span> <span class='ocrx_word' id='word_1_116' title='bbox 1411 2003 1547 2066; x_wconf 89' lang='lat' dir='ltr'>hoc</span> <span class='ocrx_word' id='word_1_117' title='bbox 1586 2021 1773 2067; x_wconf 87' lang='lat' dir='ltr'>anno</span> <span class='ocrx_word' id='word_1_118' title='bbox 1812 2004 2008 2083; x_wconf 91' lang='lat' dir='ltr'>Mag.</span> <span class='ocrx_word' id='word_1_119' title='bbox 2053 2002 2421 2067; x_wconf 89' lang='lat' dir='ltr'>Gerardus</span> <span class='ocrx_word' id='word_1_120' title='bbox 2461 2002 2872 2086; x_wconf 89' lang='lat' dir='ltr'>Lapidanus</span> <span class='ocrx_word' id='word_1_121' title='bbox 2900 2003 3172 2083; x_wconf 87' lang='lat' dir='ltr'>primae</span> 
     </span>
     <span class='ocr_line' id='line_1_17' title="bbox 702 2109 3176 2191; baseline -0.001 -16"><span class='ocrx_word' id='word_1_122' title='bbox 702 2112 917 2175; x_wconf 88' lang='lat' dir='ltr'>classi</span> <span class='ocrx_word' id='word_1_123' title='bbox 966 2110 1361 2174; x_wconf 88' lang='lat' dir='ltr'>rhetorices</span> <span class='ocrx_word' id='word_1_124' title='bbox 1405 2120 1798 2190; x_wconf 89' lang='lat' dir='ltr'>praeesset,</span> <span class='ocrx_word' id='word_1_125' title='bbox 1854 2111 2184 2191; x_wconf 89' lang='lat' dir='ltr'>quamvis</span> <span class='ocrx_word' id='word_1_126' title='bbox 2226 2126 2488 2191; x_wconf 88' lang='lat' dir='ltr'>graece</span> <span class='ocrx_word' id='word_1_127' title='bbox 2539 2119 2608 2174; x_wconf 94' lang='lat' dir='ltr'>et</span> <span class='ocrx_word' id='word_1_128' title='bbox 2658 2110 2875 2174; x_wconf 88' lang='lat' dir='ltr'>latine</span> <span class='ocrx_word' id='word_1_129' title='bbox 2920 2109 3176 2174; x_wconf 92' lang='lat' dir='ltr'>doctus</span> 
     </span>
     <span class='ocr_line' id='line_1_18' title="bbox 710 2216 3168 2298; baseline -0 -17"><span class='ocrx_word' id='word_1_130' title='bbox 710 2228 917 2298; x_wconf 88' lang='lat' dir='ltr'>esset,</span> <span class='ocrx_word' id='word_1_131' title='bbox 944 2217 1134 2298; x_wconf 91' lang='lat' dir='ltr'>quod</span> <span class='ocrx_word' id='word_1_132' title='bbox 1156 2218 1419 2297; x_wconf 87' lang='lat' dir='ltr'>exigua</span> <span class='ocrx_word' id='word_1_133' title='bbox 1446 2216 1829 2282; x_wconf 90' lang='lat' dir='ltr'>admodum</span> <span class='ocrx_word' id='word_1_134' title='bbox 1850 2218 2088 2297; x_wconf 89' lang='lat' dir='ltr'>gratia</span> <span class='ocrx_word' id='word_1_135' title='bbox 2110 2217 2476 2298; x_wconf 89' lang='lat' dir='ltr'>praeditus</span> <span class='ocrx_word' id='word_1_136' title='bbox 2499 2217 2594 2281; x_wconf 90' lang='lat' dir='ltr'>ad</span> <span class='ocrx_word' id='word_1_137' title='bbox 2613 2216 3168 2298; x_wconf 89' lang='lat' dir='ltr'>praelegendum</span> 
     </span>
     <span class='ocr_line' id='line_1_19' title="bbox 706 2322 3176 2405; baseline 0.001 -20"><span class='ocrx_word' id='word_1_138' title='bbox 706 2322 1095 2402; x_wconf 90' lang='lat' dir='ltr'>videretur,</span> <span class='ocrx_word' id='word_1_139' title='bbox 1130 2325 1391 2389; x_wconf 86' lang='lat' dir='ltr'>bonam</span> <span class='ocrx_word' id='word_1_140' title='bbox 1421 2336 1697 2405; x_wconf 89' lang='lat' dir='ltr'>partem</span> <span class='ocrx_word' id='word_1_141' title='bbox 1728 2325 2132 2389; x_wconf 89' lang='lat' dir='ltr'>auditorum</span> <span class='ocrx_word' id='word_1_142' title='bbox 2156 2326 2426 2403; x_wconf 89' lang='lat' dir='ltr'>amisit,</span> <span class='ocrx_word' id='word_1_143' title='bbox 2461 2325 2533 2387; x_wconf 90' lang='lat' dir='ltr'>in</span> <span class='ocrx_word' id='word_1_144' title='bbox 2556 2324 2811 2405; x_wconf 89' lang='lat' dir='ltr'>quibus</span> <span class='ocrx_word' id='word_1_145' title='bbox 2839 2340 3176 2388; x_wconf 82' lang='lat' dir='ltr'>exercen-</span> 
     </span>
     <span class='ocr_line' id='line_1_20' title="bbox 698 2431 3168 2512; baseline 0 -19"><span class='ocrx_word' id='word_1_146' title='bbox 698 2432 809 2495; x_wconf 89' lang='lat' dir='ltr'>dis</span> <span class='ocrx_word' id='word_1_147' title='bbox 846 2449 1100 2512; x_wconf 90' lang='lat' dir='ltr'>parum</span> <span class='ocrx_word' id='word_1_148' title='bbox 1148 2433 1363 2495; x_wconf 90' lang='lat' dir='ltr'>etiam</span> <span class='ocrx_word' id='word_1_149' title='bbox 1412 2432 1728 2509; x_wconf 79' lang='lat' dir='ltr'>valebat3</span> <span class='ocrx_word' id='word_1_150' title='bbox 1782 2431 1923 2495; x_wconf 92' lang='lat' dir='ltr'>duo</span> <span class='ocrx_word' id='word_1_151' title='bbox 1973 2441 2248 2495; x_wconf 90' lang='lat' dir='ltr'>tantum</span> <span class='ocrx_word' id='word_1_152' title='bbox 2297 2431 2573 2493; x_wconf 85' lang='lat' dir='ltr'>externi</span> <span class='ocrx_word' id='word_1_153' title='bbox 2622 2440 2692 2493; x_wconf 92' lang='lat' dir='ltr'>et</span> <span class='ocrx_word' id='word_1_154' title='bbox 2742 2439 3048 2511; x_wconf 90' lang='lat' dir='ltr'>quatuor</span> <span class='ocrx_word' id='word_1_155' title='bbox 3079 2447 3168 2493; x_wconf 83' lang='lat' dir='ltr'>ex</span> 
     </span>
     <span class='ocr_line' id='line_1_21' title="bbox 701 2536 1587 2602; baseline 0 -1"><span class='ocrx_word' id='word_1_156' title='bbox 701 2540 965 2602; x_wconf 86' lang='lat' dir='ltr'>nostris</span> <span class='ocrx_word' id='word_1_157' title='bbox 994 2555 1154 2601; x_wconf 91' lang='lat' dir='ltr'>eum</span> <span class='ocrx_word' id='word_1_158' title='bbox 1185 2536 1587 2601; x_wconf 85' lang='lat' dir='ltr'>audiebant.</span> 
     </span>
    </p>

    <p class='ocr_par' dir='ltr' id='par_1_5' title="bbox 694 2643 3176 3584">
     <span class='ocr_line' id='line_1_22' title="bbox 815 2643 3170 2725; baseline 0 -18"><span class='ocrx_word' id='word_1_159' title='bbox 815 2645 958 2709; x_wconf 84' lang='lat'>478.</span> <span class='ocrx_word' id='word_1_160' title='bbox 1046 2644 1122 2708; x_wconf 93' lang='lat' dir='ltr'>In</span> <span class='ocrx_word' id='word_1_161' title='bbox 1152 2644 1549 2709; x_wconf 88' lang='lat' dir='ltr'>studiorum</span> <span class='ocrx_word' id='word_1_162' title='bbox 1571 2645 2075 2725; x_wconf 87' lang='lat' dir='ltr'>renovatione,</span> <span class='ocrx_word' id='word_1_163' title='bbox 2104 2644 2503 2710; x_wconf 89' lang='lat' dir='ltr'>Cardinalis</span> <span class='ocrx_word' id='word_1_164' title='bbox 2527 2654 2596 2709; x_wconf 90' lang='lat' dir='ltr'>et</span> <span class='ocrx_word' id='word_1_165' title='bbox 2620 2644 3015 2725; x_wconf 86' lang='lat' dir='ltr'>Episcopus</span> <span class='ocrx_word' id='word_1_166' title='bbox 3042 2643 3170 2708; x_wconf 89' lang='lat' dir='ltr'>Pa-</span> 
     </span>
     <span class='ocr_line' id='line_1_23' title="bbox 701 2750 3172 2833; baseline -0.001 -16"><span class='ocrx_word' id='word_1_167' title='bbox 701 2754 1145 2817; x_wconf 90' lang='lat' dir='ltr'>normitanus</span> <span class='ocrx_word' id='word_1_168' title='bbox 1168 2750 1191 2783; x_wconf 71' lang='lat'><em>³</em></span> <span class='ocrx_word' id='word_1_169' title='bbox 1215 2770 1375 2816; x_wconf 91' lang='lat' dir='ltr'>cum</span> <span class='ocrx_word' id='word_1_170' title='bbox 1396 2753 1751 2833; x_wconf 85' lang='lat' dir='ltr'>Episcopo</span> <span class='ocrx_word' id='word_1_171' title='bbox 1766 2751 2200 2817; x_wconf 87' lang='lat' dir='ltr'>Siracusano</span> <span class='ocrx_word' id='word_1_172' title='bbox 2217 2750 2262 2833; x_wconf 83' lang='lat'>³,</span> <span class='ocrx_word' id='word_1_173' title='bbox 2284 2750 2486 2815; x_wconf 92' lang='lat' dir='ltr'>Duce</span> <span class='ocrx_word' id='word_1_174' title='bbox 2508 2768 2596 2815; x_wconf 89' lang='lat' dir='ltr'>ac</span> <span class='ocrx_word' id='word_1_175' title='bbox 2617 2751 2978 2831; x_wconf 89' lang='lat' dir='ltr'>Praetore,</span> <span class='ocrx_word' id='word_1_176' title='bbox 3009 2769 3172 2815; x_wconf 93' lang='lat' dir='ltr'>cum</span> 
     </span>
     <span class='ocr_line' id='line_1_24' title="bbox 701 2857 3175 2943; baseline -0 -21"><span class='ocrx_word' id='word_1_177' title='bbox 701 2860 861 2923; x_wconf 83' lang='lat' dir='ltr'>aliis</span> <span class='ocrx_word' id='word_1_178' title='bbox 886 2858 1154 2943; x_wconf 86' lang='lat' dir='ltr'>Juratis</span> <span class='ocrx_word' id='word_1_179' title='bbox 1184 2857 1209 2889; x_wconf 76' lang='lat'><strong>⁴</strong></span> <span class='ocrx_word' id='word_1_180' title='bbox 1236 2869 1306 2922; x_wconf 91' lang='lat' dir='ltr'>et</span> <span class='ocrx_word' id='word_1_181' title='bbox 1346 2870 1491 2923; x_wconf 92' lang='lat' dir='ltr'>tam</span> <span class='ocrx_word' id='word_1_182' title='bbox 1536 2860 1777 2924; x_wconf 87' lang='lat' dir='ltr'>multis</span> <span class='ocrx_word' id='word_1_183' title='bbox 1807 2860 2161 2924; x_wconf 90' lang='lat' dir='ltr'>nobilibus</span> <span class='ocrx_word' id='word_1_184' title='bbox 2189 2859 2779 2924; x_wconf 89' lang='lat' dir='ltr'>instaurationem</span> <span class='ocrx_word' id='word_1_185' title='bbox 2817 2860 3010 2923; x_wconf 88' lang='lat' dir='ltr'>illam</span> <span class='ocrx_word' id='word_1_186' title='bbox 3053 2860 3175 2922; x_wconf 92' lang='lat' dir='ltr'>ho-</span> 
     </span>
     <span class='ocr_line' id='line_1_25' title="bbox 705 2966 3176 3049; baseline -0 -19"><span class='ocrx_word' id='word_1_187' title='bbox 705 2977 1109 3047; x_wconf 90' lang='lat' dir='ltr'>nestarunt,</span> <span class='ocrx_word' id='word_1_188' title='bbox 1163 2978 1239 3030; x_wconf 91' lang='lat' dir='ltr'>ut</span> <span class='ocrx_word' id='word_1_189' title='bbox 1280 2978 1479 3031; x_wconf 88' lang='lat' dir='ltr'>tanta</span> <span class='ocrx_word' id='word_1_190' title='bbox 1516 2966 1918 3049; x_wconf 89' lang='lat' dir='ltr'>frequentia</span> <span class='ocrx_word' id='word_1_191' title='bbox 1955 2966 2362 3048; x_wconf 89' lang='lat' dir='ltr'>hujusmodi</span> <span class='ocrx_word' id='word_1_192' title='bbox 2401 2966 2767 3029; x_wconf 87' lang='lat' dir='ltr'>hominum</span> <span class='ocrx_word' id='word_1_193' title='bbox 2807 2967 2964 3029; x_wconf 88' lang='lat' dir='ltr'>visa</span> <span class='ocrx_word' id='word_1_194' title='bbox 3005 2984 3176 3030; x_wconf 89' lang='lat' dir='ltr'>nun-</span> 
     </span>
     <span class='ocr_line' id='line_1_26' title="bbox 700 3072 3173 3155; baseline -0.001 -17"><span class='ocrx_word' id='word_1_195' title='bbox 700 3092 915 3155; x_wconf 89' lang='lat' dir='ltr'>quam</span> <span class='ocrx_word' id='word_1_196' title='bbox 944 3092 987 3137; x_wconf 92' lang='lat' dir='ltr'>a</span> <span class='ocrx_word' id='word_1_197' title='bbox 1013 3075 1281 3138; x_wconf 90' lang='lat' dir='ltr'>nostris</span> <span class='ocrx_word' id='word_1_198' title='bbox 1309 3074 1543 3137; x_wconf 87' lang='lat' dir='ltr'>fuerit.</span> <span class='ocrx_word' id='word_1_199' title='bbox 1589 3074 1896 3138; x_wconf 90' lang='lat' dir='ltr'>Recitati</span> <span class='ocrx_word' id='word_1_200' title='bbox 1935 3074 2220 3138; x_wconf 88' lang='lat' dir='ltr'>fuerunt</span> <span class='ocrx_word' id='word_1_201' title='bbox 2263 3090 2512 3137; x_wconf 89' lang='lat' dir='ltr'>versus</span> <span class='ocrx_word' id='word_1_202' title='bbox 2555 3072 2837 3152; x_wconf 89' lang='lat' dir='ltr'>graeci,</span> <span class='ocrx_word' id='word_1_203' title='bbox 2874 3072 3076 3137; x_wconf 89' lang='lat' dir='ltr'>latini</span> <span class='ocrx_word' id='word_1_204' title='bbox 3103 3083 3173 3135; x_wconf 90' lang='lat' dir='ltr'>et</span> 
     </span>
     <span class='ocr_line' id='line_1_27' title="bbox 702 3180 3168 3259; baseline -0 -15"><span class='ocrx_word' id='word_1_205' title='bbox 702 3181 1051 3257; x_wconf 88' lang='lat' dir='ltr'>hebraici,</span> <span class='ocrx_word' id='word_1_206' title='bbox 1087 3182 1268 3245; x_wconf 89' lang='lat' dir='ltr'>duae</span> <span class='ocrx_word' id='word_1_207' title='bbox 1298 3182 1511 3246; x_wconf 89' lang='lat' dir='ltr'>etiam</span> <span class='ocrx_word' id='word_1_208' title='bbox 1553 3183 1943 3259; x_wconf 83' lang='lat' dir='ltr'>orationeS‚</span> <span class='ocrx_word' id='word_1_209' title='bbox 1990 3183 2216 3245; x_wconf 91' lang='lat' dir='ltr'>altera</span> <span class='ocrx_word' id='word_1_210' title='bbox 2254 3196 2516 3259; x_wconf 87' lang='lat' dir='ltr'>graeca</span> <span class='ocrx_word' id='word_1_211' title='bbox 2548 3191 2618 3244; x_wconf 92' lang='lat' dir='ltr'>et</span> <span class='ocrx_word' id='word_1_212' title='bbox 2659 3180 2884 3243; x_wconf 90' lang='lat' dir='ltr'>altera</span> <span class='ocrx_word' id='word_1_213' title='bbox 2925 3180 3168 3252; x_wconf 89' lang='lat' dir='ltr'>latina;</span> 
     </span>
     <span class='ocr_line' id='line_1_28' title="bbox 694 3287 3172 3367; baseline -0.001 -16"><span class='ocrx_word' id='word_1_214' title='bbox 694 3304 1032 3367; x_wconf 88' lang='lat' dir='ltr'>graecam</span> <span class='ocrx_word' id='word_1_215' title='bbox 1064 3298 1303 3352; x_wconf 90' lang='lat' dir='ltr'>autem</span> <span class='ocrx_word' id='word_1_216' title='bbox 1332 3307 1515 3353; x_wconf 88' lang='lat' dir='ltr'>unus</span> <span class='ocrx_word' id='word_1_217' title='bbox 1545 3307 1635 3352; x_wconf 86' lang='lat' dir='ltr'>ex</span> <span class='ocrx_word' id='word_1_218' title='bbox 1665 3288 2117 3352; x_wconf 87' lang='lat' dir='ltr'>scholasticis</span> <span class='ocrx_word' id='word_1_219' title='bbox 2147 3287 2495 3365; x_wconf 88' lang='lat' dir='ltr'>externis,</span> <span class='ocrx_word' id='word_1_220' title='bbox 2529 3287 2824 3351; x_wconf 89' lang='lat' dir='ltr'>latinam</span> <span class='ocrx_word' id='word_1_221' title='bbox 2869 3304 3052 3351; x_wconf 90' lang='lat' dir='ltr'>unus</span> <span class='ocrx_word' id='word_1_222' title='bbox 3082 3304 3172 3350; x_wconf 82' lang='lat' dir='ltr'>ex</span> 
     </span>
     <span class='ocr_line' id='line_1_29' title="bbox 696 3393 3172 3476; baseline -0.001 -19"><span class='ocrx_word' id='word_1_223' title='bbox 696 3394 1101 3459; x_wconf 89' lang='lat' dir='ltr'>domesticis</span> <span class='ocrx_word' id='word_1_224' title='bbox 1124 3396 1645 3476; x_wconf 87' lang='lat' dir='ltr'>pronunciavit.</span> <span class='ocrx_word' id='word_1_225' title='bbox 1676 3393 1935 3459; x_wconf 89' lang='lat' dir='ltr'>Omnia</span> <span class='ocrx_word' id='word_1_226' title='bbox 1966 3402 2205 3457; x_wconf 90' lang='lat' dir='ltr'>autem</span> <span class='ocrx_word' id='word_1_227' title='bbox 2233 3402 2303 3456; x_wconf 94' lang='lat' dir='ltr'>et</span> <span class='ocrx_word' id='word_1_228' title='bbox 2331 3394 2714 3474; x_wconf 87' lang='lat' dir='ltr'>praecipue</span> <span class='ocrx_word' id='word_1_229' title='bbox 2749 3410 3003 3457; x_wconf 84' lang='lat' dir='ltr'>versus</span> <span class='ocrx_word' id='word_1_230' title='bbox 3025 3394 3172 3474; x_wconf 89' lang='lat' dir='ltr'>qui-</span> 
     </span>
     <span class='ocr_line' id='line_1_30' title="bbox 700 3499 3173 3584; baseline -0.002 -19"><span class='ocrx_word' id='word_1_231' title='bbox 700 3502 864 3565; x_wconf 86' lang='lat' dir='ltr'>dam</span> <span class='ocrx_word' id='word_1_232' title='bbox 896 3503 969 3566; x_wconf 90' lang='lat' dir='ltr'>in</span> <span class='ocrx_word' id='word_1_233' title='bbox 1001 3503 1352 3567; x_wconf 90' lang='lat' dir='ltr'>actionem</span> <span class='ocrx_word' id='word_1_234' title='bbox 1401 3502 1804 3584; x_wconf 89' lang='lat' dir='ltr'>gratiarum</span> <span class='ocrx_word' id='word_1_235' title='bbox 1836 3515 2270 3581; x_wconf 88' lang='lat' dir='ltr'>magnopere</span> <span class='ocrx_word' id='word_1_236' title='bbox 2301 3499 2628 3564; x_wconf 88' lang='lat' dir='ltr'>omnibus</span> <span class='ocrx_word' id='word_1_237' title='bbox 2658 3499 3173 3563; x_wconf 87' lang='lat' dir='ltr'>satisfecerunt.</span> 
     </span>
    </p>
   </div>
   <div class='ocr_carea' id='block_1_4' title="bbox 698 3704 3185 4767">
    <p class='ocr_par' dir='ltr' id='par_1_6' title="bbox 698 3704 3184 4339">
     <span class='ocr_line' id='line_1_31' title="bbox 787 3704 3184 3763; baseline -0.001 -9"><span class='ocrx_word' id='word_1_238' title='bbox 787 3710 800 3739; x_wconf 85' lang='lat'><strong>¹</strong></span> <span class='ocrx_word' id='word_1_239' title='bbox 860 3708 1079 3763; x_wconf 84' lang='lat' dir='ltr'>Saepius</span> <span class='ocrx_word' id='word_1_240' title='bbox 1100 3709 1161 3753; x_wconf 89' lang='lat' dir='ltr'>de</span> <span class='ocrx_word' id='word_1_241' title='bbox 1194 3708 1294 3753; x_wconf 83' lang='lat' dir='ltr'>hac</span> <span class='ocrx_word' id='word_1_242' title='bbox 1322 3708 1515 3763; x_wconf 83' lang='lat' dir='ltr'>duplici</span> <span class='ocrx_word' id='word_1_243' title='bbox 1538 3708 1732 3762; x_wconf 75' lang='lat' dir='ltr'>logices</span> <span class='ocrx_word' id='word_1_244' title='bbox 1768 3705 1991 3750; x_wconf 83' lang='lat' dir='ltr'>lectione</span> <span class='ocrx_word' id='word_1_245' title='bbox 2025 3710 2202 3749; x_wconf 88' lang='lat' dir='ltr'>actum</span> <span class='ocrx_word' id='word_1_246' title='bbox 2223 3710 2302 3749; x_wconf 84' lang='lat' dir='ltr'>est</span> <span class='ocrx_word' id='word_1_247' title='bbox 2325 3712 2437 3750; x_wconf 82' lang='lat' dir='ltr'>toto</span> <span class='ocrx_word' id='word_1_248' title='bbox 2469 3706 2568 3750; x_wconf 81' lang='lat' dir='ltr'>hoc</span> <span class='ocrx_word' id='word_1_249' title='bbox 2599 3716 2734 3749; x_wconf 87' lang='lat' dir='ltr'>anno</span> <span class='ocrx_word' id='word_1_250' title='bbox 2757 3704 2882 3749; x_wconf 69' lang='lat'>155⁴.</span> <span class='ocrx_word' id='word_1_251' title='bbox 2901 3704 3004 3749; x_wconf 85' lang='lat' dir='ltr'>Sed</span> <span class='ocrx_word' id='word_1_252' title='bbox 3023 3716 3184 3760; x_wconf 83' lang='lat' dir='ltr'>quan.</span> 
     </span>
     <span class='ocr_line' id='line_1_32' title="bbox 700 3776 3183 3837; baseline -0.001 -14"><span class='ocrx_word' id='word_1_253' title='bbox 700 3786 809 3825; x_wconf 87' lang='lat' dir='ltr'>tum</span> <span class='ocrx_word' id='word_1_254' title='bbox 829 3792 921 3835; x_wconf 90' lang='lat' dir='ltr'>pro</span> <span class='ocrx_word' id='word_1_255' title='bbox 941 3792 1036 3825; x_wconf 83' lang='lat' dir='ltr'>sua</span> <span class='ocrx_word' id='word_1_256' title='bbox 1055 3792 1184 3837; x_wconf 78' lang='lat' dir='ltr'>erga</span> <span class='ocrx_word' id='word_1_257' title='bbox 1204 3780 1487 3834; x_wconf 71' lang='lat' dir='ltr'>Pron-egem</span> <span class='ocrx_word' id='word_1_258' title='bbox 1510 3778 1808 3823; x_wconf 79' lang='lat' dir='ltr'>reverentia</span> <span class='ocrx_word' id='word_1_259' title='bbox 1827 3778 1875 3821; x_wconf 83' lang='lat' dir='ltr'>ei</span> <span class='ocrx_word' id='word_1_260' title='bbox 1897 3778 2058 3829; x_wconf 85' lang='lat' dir='ltr'>licuit.</span> <span class='ocrx_word' id='word_1_261' title='bbox 2091 3778 2346 3831; x_wconf 79' lang='lat' dir='ltr'>pugnavit</span> <span class='ocrx_word' id='word_1_262' title='bbox 2368 3776 2602 3832; x_wconf 73' lang='lat' dir='ltr'>ignatius</span> <span class='ocrx_word' id='word_1_263' title='bbox 2619 3784 2834 3821; x_wconf 87' lang='lat' dir='ltr'>strenue</span> <span class='ocrx_word' id='word_1_264' title='bbox 2855 3788 2918 3821; x_wconf 88' lang='lat' dir='ltr'>ne</span> <span class='ocrx_word' id='word_1_265' title='bbox 2939 3776 3183 3821; x_wconf 87' lang='lat' dir='ltr'>admitte·</span> 
     </span>
     <span class='ocr_line' id='line_1_33' title="bbox 706 3848 3180 3907; baseline -0.002 -10"><span class='ocrx_word' id='word_1_266' title='bbox 706 3862 866 3907; x_wconf 87' lang='lat' dir='ltr'>retur,</span> <span class='ocrx_word' id='word_1_267' title='bbox 888 3864 987 3897; x_wconf 90' lang='lat' dir='ltr'>non</span> <span class='ocrx_word' id='word_1_268' title='bbox 1006 3855 1171 3897; x_wconf 83' lang='lat' dir='ltr'>solum</span> <span class='ocrx_word' id='word_1_269' title='bbox 1193 3852 1315 3907; x_wconf 81' lang='lat' dir='ltr'>quia</span> <span class='ocrx_word' id='word_1_270' title='bbox 1335 3852 1535 3896; x_wconf 86' lang='lat' dir='ltr'>reditus</span> <span class='ocrx_word' id='word_1_271' title='bbox 1557 3850 1773 3904; x_wconf 68' lang='lat' dir='ltr'>Collegit</span> <span class='ocrx_word' id='word_1_272' title='bbox 1796 3860 1898 3893; x_wconf 87' lang='lat' dir='ltr'>non</span> <span class='ocrx_word' id='word_1_273' title='bbox 1918 3848 2241 3893; x_wconf 80' lang='lat' dir='ltr'>sufficiebant</span> <span class='ocrx_word' id='word_1_274' title='bbox 2264 3850 2330 3893; x_wconf 88' lang='lat' dir='ltr'>ad</span> <span class='ocrx_word' id='word_1_275' title='bbox 2349 3855 2428 3893; x_wconf 87' lang='lat' dir='ltr'>tot</span> <span class='ocrx_word' id='word_1_276' title='bbox 2457 3851 2710 3893; x_wconf 86' lang='lat' dir='ltr'>lectorum</span> <span class='ocrx_word' id='word_1_277' title='bbox 2729 3850 3180 3901; x_wconf 83' lang='lat' dir='ltr'>sustentationem,</span> 
     </span>
     <span class='ocr_line' id='line_1_34' title="bbox 702 3920 3182 3979; baseline -0.002 -10"><span class='ocrx_word' id='word_1_278' title='bbox 702 3926 793 3969; x_wconf 87' lang='lat' dir='ltr'>sed</span> <span class='ocrx_word' id='word_1_279' title='bbox 814 3924 972 3969; x_wconf 88' lang='lat' dir='ltr'>etiam</span> <span class='ocrx_word' id='word_1_280' title='bbox 992 3930 1047 3968; x_wconf 88' lang='lat' dir='ltr'>et</span> <span class='ocrx_word' id='word_1_281' title='bbox 1067 3925 1344 3979; x_wconf 76' lang='lat' dir='ltr'>praecipue</span> <span class='ocrx_word' id='word_1_282' title='bbox 1367 3924 1489 3977; x_wconf 86' lang='lat' dir='ltr'>quia</span> <span class='ocrx_word' id='word_1_283' title='bbox 1504 3925 1637 3966; x_wconf 88' lang='lat' dir='ltr'>bono</span> <span class='ocrx_word' id='word_1_284' title='bbox 1658 3922 1912 3966; x_wconf 86' lang='lat' dir='ltr'>communi</span> <span class='ocrx_word' id='word_1_285' title='bbox 1934 3920 2118 3965; x_wconf 84' lang='lat' dir='ltr'>melius</span> <span class='ocrx_word' id='word_1_286' title='bbox 2137 3922 2427 3965; x_wconf 84' lang='lat' dir='ltr'>consultum</span> <span class='ocrx_word' id='word_1_287' title='bbox 2443 3920 2506 3967; x_wconf 89' lang='lat' dir='ltr'>iri</span> <span class='ocrx_word' id='word_1_288' title='bbox 2529 3923 2752 3976; x_wconf 86' lang='lat' dir='ltr'>putabat</span> <span class='ocrx_word' id='word_1_289' title='bbox 2771 3922 2815 3965; x_wconf 83' lang='lat' dir='ltr'>si</span> <span class='ocrx_word' id='word_1_290' title='bbox 2832 3920 3070 3965; x_wconf 80' lang='lat' dir='ltr'>Societas</span> <span class='ocrx_word' id='word_1_291' title='bbox 3090 3926 3182 3965; x_wconf 88' lang='lat' dir='ltr'>aut</span> 
     </span>
     <span class='ocr_line' id='line_1_35' title="bbox 706 3993 3177 4047; baseline -0.002 -6"><span class='ocrx_word' id='word_1_292' title='bbox 706 3998 1107 4043; x_wconf 72' lang='lat' dir='ltr'>panormitanae</span> <span class='ocrx_word' id='word_1_293' title='bbox 1138 3996 1299 4040; x_wconf 88' lang='lat' dir='ltr'>totius</span> <span class='ocrx_word' id='word_1_294' title='bbox 1329 3993 1709 4039; x_wconf 82' lang='lat' dir='ltr'>Universitatis</span> <span class='ocrx_word' id='word_1_295' title='bbox 1740 4004 1869 4036; x_wconf 85' lang='lat' dir='ltr'>onus</span> <span class='ocrx_word' id='word_1_296' title='bbox 1902 3998 2332 4046; x_wconf 86' lang='lat' dir='ltr'>cunctarumque,</span> <span class='ocrx_word' id='word_1_297' title='bbox 2355 3994 2761 4047; x_wconf 63' lang='lat' dir='ltr'>praeterlegunt</span> <span class='ocrx_word' id='word_1_298' title='bbox 2795 3998 2847 4036; x_wconf 88' lang='lat' dir='ltr'>et</span> <span class='ocrx_word' id='word_1_299' title='bbox 2875 3993 3177 4045; x_wconf 84' lang='lat' dir='ltr'>medicinae,</span> 
     </span>
     <span class='ocr_line' id='line_1_36' title="bbox 708 4064 3177 4119; baseline -0.002 -6"><span class='ocrx_word' id='word_1_300' title='bbox 708 4070 1018 4115; x_wconf 82' lang='lat' dir='ltr'>facultatum</span> <span class='ocrx_word' id='word_1_301' title='bbox 1040 4068 1293 4114; x_wconf 84' lang='lat' dir='ltr'>lectiones</span> <span class='ocrx_word' id='word_1_302' title='bbox 1326 4067 1571 4117; x_wconf 85' lang='lat' dir='ltr'>haberet.</span> <span class='ocrx_word' id='word_1_303' title='bbox 1593 4073 1685 4109; x_wconf 86' lang='lat' dir='ltr'>aut</span> <span class='ocrx_word' id='word_1_304' title='bbox 1714 4072 1867 4108; x_wconf 86' lang='lat' dir='ltr'>extra</span> <span class='ocrx_word' id='word_1_305' title='bbox 1889 4064 2160 4118; x_wconf 81' lang='lat' dir='ltr'>politiores</span> <span class='ocrx_word' id='word_1_306' title='bbox 2192 4064 2402 4109; x_wconf 80' lang='lat' dir='ltr'>litteras</span> <span class='ocrx_word' id='word_1_307' title='bbox 2432 4064 2740 4119; x_wconf 77' lang='lat' dir='ltr'>linguasque</span> <span class='ocrx_word' id='word_1_308' title='bbox 2760 4066 3005 4118; x_wconf 86' lang='lat' dir='ltr'>latinam,</span> <span class='ocrx_word' id='word_1_309' title='bbox 3027 4075 3177 4119; x_wconf 81' lang='lat' dir='ltr'>grae·</span> 
     </span>
     <span class='ocr_line' id='line_1_37' title="bbox 698 4134 3182 4191; baseline -0.003 -6"><span class='ocrx_word' id='word_1_310' title='bbox 698 4152 815 4185; x_wconf 88' lang='lat' dir='ltr'>cam</span> <span class='ocrx_word' id='word_1_311' title='bbox 848 4148 903 4185; x_wconf 91' lang='lat' dir='ltr'>et</span> <span class='ocrx_word' id='word_1_312' title='bbox 932 4140 1233 4186; x_wconf 81' lang='lat' dir='ltr'>hebraicam</span> <span class='ocrx_word' id='word_1_313' title='bbox 1253 4171 1264 4191; x_wconf 87' lang='lat'>,</span> <span class='ocrx_word' id='word_1_314' title='bbox 1298 4149 1398 4181; x_wconf 87' lang='lat' dir='ltr'>non</span> <span class='ocrx_word' id='word_1_315' title='bbox 1430 4148 1487 4180; x_wconf 88' lang='lat' dir='ltr'>se</span> <span class='ocrx_word' id='word_1_316' title='bbox 1520 4136 1826 4179; x_wconf 85' lang='lat' dir='ltr'>extenderet</span> <span class='ocrx_word' id='word_1_317' title='bbox 1842 4167 1853 4189; x_wconf 91' lang='lat'>,</span> <span class='ocrx_word' id='word_1_318' title='bbox 1890 4142 2042 4189; x_wconf 87' lang='lat' dir='ltr'>prout</span> <span class='ocrx_word' id='word_1_319' title='bbox 2077 4134 2426 4189; x_wconf 76' lang='lat' dir='ltr'>collegiorum</span> <span class='ocrx_word' id='word_1_320' title='bbox 2445 4169 2455 4187; x_wconf 87' lang='lat'><em>.</em></span> <span class='ocrx_word' id='word_1_321' title='bbox 2490 4147 2622 4191; x_wconf 88' lang='lat' dir='ltr'>quae</span> <span class='ocrx_word' id='word_1_322' title='bbox 2657 4135 3047 4181; x_wconf 72' lang='lat' dir='ltr'>universitates</span> <span class='ocrx_word' id='word_1_323' title='bbox 3081 4146 3182 4178; x_wconf 87' lang='lat' dir='ltr'>non</span> 
     </span>
     <span class='ocr_line' id='line_1_38' title="bbox 700 4206 3180 4268; baseline -0.003 -9"><span class='ocrx_word' id='word_1_324' title='bbox 700 4220 851 4258; x_wconf 87' lang='lat' dir='ltr'>erant</span> <span class='ocrx_word' id='word_1_325' title='bbox 865 4248 876 4268; x_wconf 93' lang='lat'>,</span> <span class='ocrx_word' id='word_1_326' title='bbox 898 4214 1209 4264; x_wconf 82' lang='lat' dir='ltr'>institutum,</span> <span class='ocrx_word' id='word_1_327' title='bbox 1226 4212 1381 4265; x_wconf 80' lang='lat' dir='ltr'>Juxta</span> <span class='ocrx_word' id='word_1_328' title='bbox 1400 4208 1592 4263; x_wconf 74' lang='lat' dir='ltr'>Ignatii</span> <span class='ocrx_word' id='word_1_329' title='bbox 1616 4214 1856 4259; x_wconf 87' lang='lat' dir='ltr'>mentem,</span> <span class='ocrx_word' id='word_1_330' title='bbox 1875 4207 2094 4250; x_wconf 85' lang='lat' dir='ltr'>ferebat.</span> <span class='ocrx_word' id='word_1_331' title='bbox 2119 4206 2261 4251; x_wconf 86' lang='lat' dir='ltr'>Haec</span> <span class='ocrx_word' id='word_1_332' title='bbox 2279 4208 2442 4253; x_wconf 78' lang='lat' dir='ltr'>fusius</span> <span class='ocrx_word' id='word_1_333' title='bbox 2463 4208 2514 4252; x_wconf 87' lang='lat' dir='ltr'>in</span> <span class='ocrx_word' id='word_1_334' title='bbox 2529 4208 2681 4252; x_wconf 84' lang='lat' dir='ltr'>Nova</span> <span class='ocrx_word' id='word_1_335' title='bbox 2703 4210 2845 4253; x_wconf 73' lang='lat' dir='ltr'>serie</span> <span class='ocrx_word' id='word_1_336' title='bbox 2866 4210 3180 4251; x_wconf 72' lang='lat' dir='ltr'>litterarum</span> 
     </span>
     <span class='ocr_line' id='line_1_39' title="bbox 704 4274 2587 4339; baseline -0.003 -10"><span class='ocrx_word' id='word_1_337' title='bbox 704 4286 900 4330; x_wconf 72' lang='lat' dir='ltr'>Sancti</span> <span class='ocrx_word' id='word_1_338' title='bbox 920 4281 1389 4339; x_wconf 59' lang='lat' dir='ltr'>Ignara-Confer</span> <span class='ocrx_word' id='word_1_339' title='bbox 1409 4282 1568 4325; x_wconf 84' lang='lat' dir='ltr'>etiam</span> <span class='ocrx_word' id='word_1_340' title='bbox 1601 4286 1865 4334; x_wconf 83' lang='lat' dir='ltr'>postrema</span> <span class='ocrx_word' id='word_1_341' title='bbox 1889 4290 2023 4322; x_wconf 89' lang='lat' dir='ltr'>num.</span> <span class='ocrx_word' id='word_1_342' title='bbox 2041 4280 2304 4333; x_wconf 84' lang='lat' dir='ltr'>sequentis</span> <span class='ocrx_word' id='word_1_343' title='bbox 2326 4282 2506 4324; x_wconf 83' lang='lat' dir='ltr'>verba.</span> <span class='ocrx_word' id='word_1_344' title='bbox 2583 4274 2587 4278; x_wconf 83' lang='grc'><strong>’</strong></span> 
     </span>
    </p>

    <p class='ocr_par' dir='ltr' id='par_1_7' title="bbox 786 4352 1699 4409">
     <span class='ocr_line' id='line_1_40' title="bbox 786 4352 1699 4409; baseline -0.008 -8"><span class='ocrx_word' id='word_1_345' title='bbox 786 4358 809 4389; x_wconf 72' lang='lat'>⁸</span> <span class='ocrx_word' id='word_1_346' title='bbox 867 4356 1053 4400; x_wconf 83' lang='lat' dir='ltr'>Petrus</span> <span class='ocrx_word' id='word_1_347' title='bbox 1075 4354 1356 4409; x_wconf 78' lang='lat' dir='ltr'>Tagliavia</span> <span class='ocrx_word' id='word_1_348' title='bbox 1377 4352 1441 4395; x_wconf 90' lang='lat' dir='ltr'>de</span> <span class='ocrx_word' id='word_1_349' title='bbox 1464 4352 1699 4405; x_wconf 76' lang='lat' dir='ltr'>Aragon.</span> 
     </span>
    </p>

    <p class='ocr_par' dir='ltr' id='par_1_8' title="bbox 789 4424 1574 4483">
     <span class='ocr_line' id='line_1_41' title="bbox 789 4424 1574 4483; baseline -0.009 -10"><span class='ocrx_word' id='word_1_350' title='bbox 789 4428 814 4461; x_wconf 80' lang='lat'>⁸</span> <span class='ocrx_word' id='word_1_351' title='bbox 870 4428 1217 4483; x_wconf 82' lang='lat' dir='ltr'>Hieronymus</span> <span class='ocrx_word' id='word_1_352' title='bbox 1238 4424 1301 4469; x_wconf 87' lang='lat' dir='ltr'>de</span> <span class='ocrx_word' id='word_1_353' title='bbox 1324 4424 1574 4468; x_wconf 84' lang='lat' dir='ltr'>Bononia.</span> 
     </span>
    </p>

    <p class='ocr_par' dir='ltr' id='par_1_9' title="bbox 704 4494 3185 4767">
     <span class='ocr_line' id='line_1_42' title="bbox 783 4494 3181 4552; baseline -0.001 -9"><span class='ocrx_word' id='word_1_354' title='bbox 783 4500 809 4533; x_wconf 62' lang='grc' dir='ltr'>ὁ</span> <span class='ocrx_word' id='word_1_355' title='bbox 861 4500 1011 4551; x_wconf 81' lang='lat' dir='ltr'>duce,</span> <span class='ocrx_word' id='word_1_356' title='bbox 1033 4510 1095 4541; x_wconf 85' lang='lat' dir='ltr'>ac</span> <span class='ocrx_word' id='word_1_357' title='bbox 1113 4498 1367 4552; x_wconf 79' lang='lat' dir='ltr'>praetore</span> <span class='ocrx_word' id='word_1_358' title='bbox 1388 4506 1509 4538; x_wconf 82' lang='lat' dir='ltr'>cum</span> <span class='ocrx_word' id='word_1_359' title='bbox 1533 4494 1663 4537; x_wconf 71' lang='lat' dir='ltr'>aliis</span> <span class='ocrx_word' id='word_1_360' title='bbox 1675 4494 1912 4549; x_wconf 69' lang='lat' dir='ltr'>Juratz&#39;S,</span> <span class='ocrx_word' id='word_1_361' title='bbox 1933 4496 2148 4549; x_wconf 82' lang='lat' dir='ltr'>scilicet,</span> <span class='ocrx_word' id='word_1_362' title='bbox 2168 4496 2385 4540; x_wconf 85' lang='lat' dir='ltr'>miiitiae</span> <span class='ocrx_word' id='word_1_363' title='bbox 2404 4496 2550 4549; x_wconf 89' lang='lat' dir='ltr'>duce,</span> <span class='ocrx_word' id='word_1_364' title='bbox 2573 4506 2634 4539; x_wconf 91' lang='lat' dir='ltr'>ac</span> <span class='ocrx_word' id='word_1_365' title='bbox 2656 4496 2892 4542; x_wconf 79' lang='lat' dir='ltr'>civitatis</span> <span class='ocrx_word' id='word_1_366' title='bbox 2912 4497 3181 4551; x_wconf 78' lang='lat' dir='ltr'>praefecto</span> 
     </span>
     <span class='ocr_line' id='line_1_43' title="bbox 704 4566 3181 4623; baseline -0.002 -8"><span class='ocrx_word' id='word_1_367' title='bbox 704 4582 821 4615; x_wconf 88' lang='lat' dir='ltr'>cum</span> <span class='ocrx_word' id='word_1_368' title='bbox 841 4571 959 4614; x_wconf 80' lang='lat' dir='ltr'>aliis</span> <span class='ocrx_word' id='word_1_369' title='bbox 980 4581 1011 4613; x_wconf 82' lang='lat' dir='ltr'>a</span> <span class='ocrx_word' id='word_1_370' title='bbox 1033 4569 1221 4623; x_wconf 84' lang='lat' dir='ltr'>populo</span> <span class='ocrx_word' id='word_1_371' title='bbox 1242 4567 1423 4611; x_wconf 84' lang='lat' dir='ltr'>electis</span> <span class='ocrx_word' id='word_1_372' title='bbox 1442 4573 1500 4610; x_wconf 86' lang='lat' dir='ltr'>ut</span> <span class='ocrx_word' id='word_1_373' title='bbox 1522 4566 1757 4609; x_wconf 78' lang='lat' dir='ltr'>civitatis</span> <span class='ocrx_word' id='word_1_374' title='bbox 1779 4568 2102 4620; x_wconf 81' lang='lat' dir='ltr'>praefectum</span> <span class='ocrx_word' id='word_1_375' title='bbox 2121 4567 2335 4611; x_wconf 86' lang='lat' dir='ltr'>consilio</span> <span class='ocrx_word' id='word_1_376' title='bbox 2355 4568 2670 4622; x_wconf 85' lang='lat' dir='ltr'>praesertim</span> <span class='ocrx_word' id='word_1_377' title='bbox 2685 4566 2954 4622; x_wconf 78' lang='lat' dir='ltr'>juvarent.</span> <span class='ocrx_word' id='word_1_378' title='bbox 2971 4567 3012 4612; x_wconf 85' lang='lat' dir='ltr'>Ii</span> <span class='ocrx_word' id='word_1_379' title='bbox 3023 4569 3181 4623; x_wconf 81' lang='lat' dir='ltr'>jura·</span> 
     </span>
     <span class='ocr_line' id='line_1_44' title="bbox 704 4638 3185 4694; baseline -0.001 -9"><span class='ocrx_word' id='word_1_380' title='bbox 704 4642 753 4685; x_wconf 72' lang='lat' dir='ltr'>ti</span> <span class='ocrx_word' id='word_1_381' title='bbox 772 4643 1077 4686; x_wconf 85' lang='lat' dir='ltr'>dicebantur</span> <span class='ocrx_word' id='word_1_382' title='bbox 1108 4644 1321 4694; x_wconf 87' lang='lat' dir='ltr'>propter</span> <span class='ocrx_word' id='word_1_383' title='bbox 1346 4638 1723 4691; x_wconf 83' lang='lat' dir='ltr'>juramentum,</span> <span class='ocrx_word' id='word_1_384' title='bbox 1746 4638 1882 4692; x_wconf 85' lang='lat' dir='ltr'>quod</span> <span class='ocrx_word' id='word_1_385' title='bbox 1903 4648 2020 4681; x_wconf 86' lang='lat' dir='ltr'>cum</span> <span class='ocrx_word' id='word_1_386' title='bbox 2049 4638 2102 4681; x_wconf 86' lang='lat' dir='ltr'>in</span> <span class='ocrx_word' id='word_1_387' title='bbox 2123 4638 2360 4683; x_wconf 76' lang='lat' dir='ltr'>civitatis</span> <span class='ocrx_word' id='word_1_388' title='bbox 2379 4639 2646 4683; x_wconf 83' lang='lat' dir='ltr'>consilium</span> <span class='ocrx_word' id='word_1_389' title='bbox 2666 4650 2756 4683; x_wconf 84' lang='lat' dir='ltr'>sen</span> <span class='ocrx_word' id='word_1_390' title='bbox 2777 4645 3012 4683; x_wconf 83' lang='lat' dir='ltr'>senatum</span> <span class='ocrx_word' id='word_1_391' title='bbox 3037 4651 3185 4683; x_wconf 83' lang='lat' dir='ltr'>assu·</span> 
     </span>
     <span class='ocr_line' id='line_1_45' title="bbox 710 4712 1307 4767; baseline -0.005 -10"><span class='ocrx_word' id='word_1_392' title='bbox 710 4716 1006 4767; x_wconf 85' lang='lat' dir='ltr'>mebantur,</span> <span class='ocrx_word' id='word_1_393' title='bbox 1030 4712 1307 4756; x_wconf 81' lang='lat' dir='ltr'>faciebant.</span> 
     </span>
    </p>
   </div>
  </div>
 </body>
</html>
