3742 5392
1621 502 1743 559 ΑΝ.
1789 500 1930 561 1554
2907 502 3016 560 257

544 650 685 712 tius
714 644 1490 712 commonefaciendum
1520 648 1753 729 ipsum
1783 664 1940 711 esse
1972 648 2057 710 de
2087 648 2534 711 alumnorum
2564 649 2778 711 rebus
2813 648 2857 729 ¹;
2889 649 3016 713 sed

544 757 771 819 bonus
800 772 885 819 ac
915 755 1074 836 pius
1104 772 1357 833 senex,
1390 755 1510 835 qui
1548 771 1719 818 suos
1758 754 2099 833 diligebat
2142 763 2210 817 et
2251 756 2340 818 ab
2384 755 2502 819 illo
2545 754 2763 824 Paulo
2805 772 3014 837 quae-

536 862 709 927 dam
732 862 1085 942 audiebat,
1116 880 1298 944 quae
1320 862 1457 944 ipsi
1479 879 1608 942 pro
1632 878 1764 925 suo
1791 862 2076 940 ingenio
2104 862 2340 925 dicere
2365 862 2675 940 lubebat,
2701 863 3014 943 aliquan-

544 968 665 1033 diu
696 986 739 1031 a
767 968 1121 1033 Societate
1153 970 1385 1033 alieno
1414 968 1653 1031 animo
1683 984 1841 1030 esse
1873 968 2111 1048 aliquo
2143 968 2353 1032 modo
2383 970 2584 1032 visus
2615 979 2744 1049 est;
2778 978 3017 1034 tamen

544 1084 625 1139 ut
652 1087 807 1139 erat
843 1076 1003 1157 pius
1042 1094 1130 1139 ac
1169 1085 1441 1154 rectuS‚
1475 1085 1544 1137 et
1587 1075 1930 1155 paulatim
1971 1075 2347 1139 olfaciebat
2395 1074 2788 1156 cujusmodi
2832 1086 3021 1141 esset

544 1182 839 1259 PauluS,
894 1181 986 1245 ad
1036 1182 1407 1263 pristinam
1458 1184 2023 1246 benevolentiam
2077 1194 2144 1245 et
2196 1183 2568 1246 charitatis
2618 1183 3026 1247 functiones

548 1291 750 1354 brevi
782 1289 987 1354 rediit
1016 1288 1063 1352 ’.

628 1535 643 1563 ¹
700 1530 931 1584 “Quanto
951 1532 1003 1575 ai
1025 1528 1479 1575 Reverendissimo
1501 1530 1871 1589 Labbaccense
1886 1562 1897 1582 ‚
1916 1531 2072 1575 credo
2093 1532 2190 1574 che
2211 1531 2380 1575 sarria
2403 1532 2468 1575 ad
2498 1533 2824 1586 propositum
2845 1534 3024 1577 auisar

545 1605 597 1647 la
626 1612 721 1647 sua
740 1602 1198 1646 Reverendissima
1227 1600 1469 1655 Signoria
1500 1602 1578 1644 de’
1604 1603 1773 1656 questi
1804 1602 1918 1646 suoi
1951 1600 2164 1646 Maesti-i
2197 1608 2250 1645 et
2279 1603 2470 1646 alumni
2507 1604 2728 1647 secondo
2761 1604 2856 1647 che
2887 1605 2956 1649 mi
2991 1609 3019 1648 e

542 1674 729 1717 scritto
750 1675 811 1717 de
842 1684 991 1718 nouo.
1009 1672 1096 1717 Ma
1126 1673 1316 1727 perche
1347 1684 1442 1716 sua
1465 1672 1524 1715 R.
1546 1672 1600 1716 S.
1621 1679 1705 1716 sta
1726 1672 1911 1716 adesso
1941 1673 1993 1716 in
2012 1672 2275 1723 Labbaco.
2297 1682 2350 1717 et
2371 1673 2507 1717 forze
2531 1674 2667 1717 tiene
2695 1686 2944 1729 appresso
2965 1676 3020 1719 di

542 1757 599 1788 se
621 1746 777 1799 quelli
800 1744 918 1789 duoi
938 1743 1153 1788 Maestri
1168 1776 1180 1797 ,
1202 1754 1303 1788 non
1322 1745 1387 1787 ho
1410 1746 1589 1788 voluto
1610 1745 1866 1788 mandarli
1888 1745 2056 1799 questi
2079 1744 2232 1787 auizi.
2253 1744 2416 1798 Spero
2437 1744 2532 1788 che
2554 1752 2772 1789 tornara
2801 1758 2894 1801 per
2914 1757 3020 1801 qua

526 1822 599 1861 ,et
628 1816 815 1860 alhora
845 1816 1151 1871 pigiiaremo
1174 1815 1205 1858 1’
1224 1815 1495 1859 occasione
1516 1815 1565 1858 d'
1587 1816 1765 1859 auisar
1784 1817 1838 1859 la
1866 1826 1964 1859 sua
1994 1815 2224 1869 signoria
2240 1848 2250 1868 ‚
2273 1826 2369 1859 con
2391 1816 2500 1859 dire
2523 1824 2717 1871 quanta
2747 1818 3018 1862 immanita

546 1888 633 1943 qui
657 1899 713 1931 se
735 1886 929 1931 habbia
949 1886 1087 1930 satta
1109 1887 1198 1930 alli
1228 1898 1339 1942 soy.
1362 1885 1507 1930 Iddio
1528 1887 1732 1941 voglia,
1755 1888 1849 1931 che
1882 1886 1960 1930 sia
1989 1888 2040 1930 ai
2063 1886 2226 1929 srutto
2249 1886 2382 1930 delle
2401 1888 2570 1930 anime
2601 1900 2734 1941 sue...
2757 1888 2839 1933 Ita
2871 1886 3024 1933 Cani·

546 1960 655 2004 sius
684 1959 876 2003 Sancto
909 1958 1190 2013 lgnat1016
1210 1959 1407 2012 Aprilis
1439 1958 1557 2003 1554.
1590 1958 1784 2011 Quibus
1816 1959 1884 2002 ad
1917 1970 2031 2002 rem
2063 1960 2192 2003 haec
2227 1960 2401 2003 subdit
2432 1960 2628 2004 editor:
2663 1960 2753 2003 ⁴8.
2787 1960 3028 2015 ignatius

548 2032 712 2076 Roma
730 2031 785 2075 27
806 2029 1079 2074 Februarii
1104 2030 1211 2073 1554.
1228 2030 1441 2074 Urbano
1472 2030 1685 2074 Textori
1704 2032 1945 2085 episcopo
1967 2031 2232 2075 labacensi
2257 2031 2483 2085 scripsit:
2509 2032 2838 2085 'Magistrum
2861 2034 3025 2077 Anto-

548 2104 687 2148 nium
708 2110 761 2146 et
782 2102 844 2146 D.
868 2102 1085 2146 Paulum
1116 2102 1166 2145 in
1188 2105 1343 2146 rebus
1364 2102 1721 2156 spIrituaiibus
1741 2103 1926 2147 iuvare
1949 2109 2000 2145 et
2023 2103 2074 2145 in
2095 2103 2212 2147 aliis
2232 2102 2539 2153 studuimus,
2561 2112 2612 2147 et
2635 2104 2838 2158 utrique
2865 2104 3024 2149 facul·

549 2182 713 2220 tatem
742 2173 894 2218 officii
926 2174 1049 2217 novi
1070 2173 1269 2217 dicendi
1299 2174 1585 2227 expediend
1604 2186 1673 2216 un
1699 2186 1793 2227 per
1823 2174 2019 2217 Summi
2049 2174 2315 2219 Pontificis
2343 2176 2670 2229 signaturam
2700 2178 3018 2221 curavimuS.

548 2247 691 2300 Quod
712 2247 902 2290 attinet
923 2246 987 2288 ad
1010 2245 1315 2289 facultatem
1334 2246 1397 2290 D.
1419 2245 1577 2289 Paulo
1599 2245 1980 2298 impetrandam
1999 2247 2066 2290 ad
2086 2247 2471 2290 haereticorum
2494 2248 2654 2291 libros
2676 2248 2919 2302 legendos
2937 2282 2948 2303 ‚
2970 2260 3024 2294 et

548 2318 653 2363 alia
682 2328 814 2372 quae
836 2317 903 2361 ad
932 2316 1100 2371 ipsum
1130 2318 1418 2371 pertinent.
1442 2316 1636 2375 Docior
1658 2316 1896 2361 Canisius
1929 2323 2108 2361 nostro
2138 2319 2342 2361 nomine
2373 2318 2566 2362 referet
2588 2318 2650 2363 D.
2673 2320 2739 2364 V.
2764 2320 3024 2365 Reveren-

544 2390 789 2434 dissimae
805 2422 816 2443 ,
835 2388 955 2443 quid
978 2390 1259 2433 sentiamus
1278 2389 1343 2432 ad
1367 2387 1461 2431 Dei
1492 2388 1713 2442 gloriam
1732 2394 1785 2431 et
1806 2389 2010 2433 animae
2032 2389 2192 2443 ipsius
2220 2396 2274 2433 et
2301 2390 2522 2434 aliorum
2553 2391 2839 2436 utilitatem
2868 2405 3022 2447 expe-

548 2460 915 2514 dire’(Cartas
934 2461 995 2503 de
1026 2460 1135 2503 San
1156 2459 1392 2513 Ignacio,
1426 2470 1499 2513 iv,
1519 2460 1715 2503 436-437.
1737 2460 1897 2509 79·80).
1918 2461 2158 2505 Dubitari
2181 2461 2272 2504 vix
2305 2467 2504 2514 potest.
2527 2463 2648 2516 quin
2680 2464 2768 2507 Ἴ).
2807 2464 3028 2517 Paulus..

552 2534 639 2578 ille
660 2534 729 2577 sit
750 2533 944 2577 Paulus
974 2530 1295 2585 Skaiichius,
1325 2544 1477 2586 quem
1510 2532 1763 2576 ecclesiae
1796 2534 2220 2587 perturbatorem
2255 2532 2486 2577 evasisse
2521 2535 2654 2579 infra
2689 2535 3026 2589 videbimus„

554 2606 967 2650 Baauusnaacaa
982 2636 993 2657 .
1016 2606 1050 2648 1.
1074 2616 1134 2653 c..
1151 2614 1272 2659 pag.
1292 2604 1388 2648 458.

631 2676 830 2721 Iterum
866 2674 1092 2720 Polanco
1121 2675 1183 2718 de
1215 2676 1309 2719 hoc
1332 2675 1493 2720 Paulo
1525 2675 1763 2720 Canisius
1794 2677 2004 2729 scripsit
2033 2678 2061 2719 8
2079 2676 2215 2730 Junii
2239 2678 2358 2729 1554,
2383 2686 2434 2721 et
2470 2677 2664 2722 Canisii
2687 2680 2864 2723 verbis
2892 2678 3027 2723 hanc

552 2747 701 2792 Pauli
730 2748 971 2791 notitiam
1005 2747 1245 2801 supponit
1280 2746 1718 2797 Banunsaaaoaa.
1738 2759 1857 2802 pag·-
1879 2748 1956 2791 471
1975 2780 1985 2799 ,
2007 2754 2184 2793 annot.
2217 2750 2265 2791 1:
2296 2750 2526 2793 “Paulus
2561 2750 2776 2794 Skaiich
2797 2750 2858 2793 de
2893 2750 3027 2794 Lika

552 2818 847 2876 (1584-1574),
866 2818 1156 2873 Zagrabiae
1178 2818 1417 2873 (Agram)
1438 2819 1487 2862 in
1511 2818 1726 2864 Croatia
1747 2820 1906 2863 nobili
1927 2830 2117 2873 genere
2139 2826 2285 2864 ortus
2301 2852 2312 2873 ,
2331 2820 2628 2875 ingeniosus
2648 2822 2853 2876 quidem
2869 2828 3031 2877 atque

550 2891 811 2945 eruditus,
834 2891 923 2934 sed
954 2890 1253 2935 inconstans
1283 2891 1593 2945 laudumque
1616 2891 1802 2935 avidus
1832 2898 1964 2935 erat.
1998 2890 2234 2936 Viennae
2265 2892 2456 2936 litteris
2477 2894 2740 2947 excultus,
2764 2904 2899 2938 anno
2923 2894 3033 2937 1553

550 2964 810 3020 Bononiae
831 2964 1036 3006 “theses
1055 2962 1278 3015 divinas,
1300 2962 1581 3017 angeilcas,
1604 2964 1874 3015 coelestes,
1897 2964 2248 3017 elementaies,
2272 2964 2541 3017 humanas,
2564 2964 2896 3018 christianae,
2919 2966 3027 3019 phi-

547 3035 857 3089 losophicas.
879 3034 1285 3090 metaphysica,
1308 3034 1571 3091 physicas,
1590 3036 1831 3085 morales.
1849 3036 2148 3087 rationales,
2167 3034 2502 3086 doctrinales.
2527 3044 2777 3089 secretas,
2800 3036 3032 3082 inferna-

546 3108 659 3160 les„
678 3105 883 3161 publice
905 3105 1148 3149 defendit.
1168 3104 1361 3149 Postea
1380 3104 1593 3149 Romam
1616 3106 1882 3160 profectus
1904 3111 1956 3149 et
1977 3102 2097 3149 cum*
2113 3108 2304 3151 litteris
2325 3109 2758 3153 commendatitiis
2777 3108 2898 3162 Julii
2919 3109 3022 3153 111.

544 3177 806 3221 Viennam
839 3188 1084 3220 reversus
1099 3208 1111 3229 ,
1140 3176 1328 3221 ibidem
1349 3178 1651 3230 capellanus
1673 3178 1811 3230 regis
1831 3176 2145 3222 constitutus
2167 3185 2246 3222 est
2268 3186 2320 3221 et
2339 3190 2474 3223 anno
2499 3180 2603 3223 1556
2623 3192 2748 3234 opus
2771 3184 2793 3203 ¹⁶
2811 3180 3029 3225 Occulta

546 3249 881 3294 Occultorum
910 3248 1163 3301 Occulta„
1184 3248 1357 3292 edidit.
1388 3247 1516 3292 Cum
1550 3256 1723 3291 autem
1754 3260 1889 3292 anno
1914 3249 2017 3292 1557
2045 3250 2096 3293 in
2125 3251 2468 3295 universitate
2499 3252 2763 3296 viennensi
2803 3253 3028 3298 insulsas

546 3320 799 3377 quasdam
819 3319 1108 3364 sententias
1128 3318 1453 3374 theologicas
1474 3320 1806 3369 defendisset.
1822 3320 2110 3375 Tubingam
2126 3322 2192 3365 ad
2210 3320 2541 3367 Euthernnos
2559 3324 2762 3378 aufugit
2783 3324 2952 3378 ibique
2975 3325 3028 3367 in

548 3404 804 3437 summum
836 3391 1132 3446 pontificem
1162 3398 1215 3435 et
1247 3390 1476 3443 Jesuitas
1499 3390 1694 3435 acriter
1726 3392 1966 3435 invectus
1987 3399 2083 3436 est.
2115 3394 2267 3437 Anno
2290 3395 2386 3437 1561
2413 3397 2480 3439 ab
2500 3396 2719 3439 Alberto
2751 3395 3029 3440 Borussiae

549 3464 676 3509 duce
712 3464 987 3508 lutherano
1016 3462 1296 3517 invitatus,
1320 3462 1656 3517 Regiomonte
1688 3462 2074 3518 (Kbuigsberg)
2095 3466 2412 3519 theologiam
2446 3466 2620 3510 docuit
2651 3473 2704 3510 et
2735 3470 2945 3521 plenum
2977 3469 3029 3511 in

550 3537 823 3580 Aibertum
844 3535 1117 3589 imperium
1138 3533 1385 3585 obtinuit,
1406 3545 1438 3577 a
1460 3546 1559 3588 quo
1584 3546 1681 3577 non
1714 3537 1881 3578 solum
1917 3536 2200 3581 consiliarii
2224 3538 2385 3581 officio
2407 3550 2469 3581 ac
2502 3538 2680 3582 multis
2711 3540 2943 3593 pecuniis
2977 3548 3030 3583 et

548 3608 827 3663 δεώμεθα
848 3614 903 3651 et
924 3607 1111 3661 oppido
1142 3618 1205 3650 ac
1236 3606 1569 3660 praefectura
1604 3608 2001 3659 creuzburgensi
2024 3608 2243 3652 donatus
2275 3617 2368 3652 est.
2403 3608 2610 3664 Seripto
2637 3610 2860 3664 quodam
2891 3619 3032 3655 asse-

548 3680 655 3724 ruit
690 3680 741 3724 in
764 3678 973 3725 Christo
1008 3689 1117 3723 tres
1152 3690 1265 3721 esse
1294 3685 1535 3731 naturas,
1558 3679 1709 3732 idque
1743 3680 1922 3723 multis
1957 3680 2192 3733 circulis,
2217 3682 2914 3736 triangulis.quadranoeuiis
2949 3684 3033 3728 de-

550 3762 845 3796 monstrare
858 3759 1079 3795 conatus
1098 3756 1191 3795 est.
1206 3750 1453 3794 Precibus
1472 3751 1632 3795 etiam
1649 3752 2005 3796 cabbalisticis
2021 3764 2082 3796 ac
2099 3764 2304 3797 nummo
2327 3757 2615 3808 annuloque
2631 3754 2834 3808 mag-ico
2849 3756 3028 3800 ducem

550 3823 781 3879 decepit,
802 3824 965 3867 donec
982 3856 993 3877 ,
1013 3822 1269 3866 communi
1288 3823 1345 3867 in
1368 3834 1423 3865 se
1446 3822 1562 3865 odio
1585 3824 1862 3876 concitato,
1885 3822 2051 3868 officio
2073 3832 2126 3867 et
2149 3825 2294 3868 bonis
2318 3826 2557 3879 privatus
2577 3833 2734 3881 atque
2756 3840 2818 3870 ex
2840 3826 3026 3871 Borus-

548 3896 631 3940 sia
657 3897 900 3939 exsulare
934 3904 1144 3939 coactus
1174 3900 1270 3937 est.
1291 3895 1373 3937 Ab
1395 3894 1635 3949 episcopo
1671 3896 2066 3942 monasteriensi
2089 3904 2356 3951 receptus,
2379 3898 2430 3941 in
2451 3898 2705 3942 ecclesiae
2735 3899 3033 3943 catholicae

551 3968 761 4012 tandem
781 3976 963 4021 pacem
982 3966 1198 4010 rediisse
1219 3966 1452 4019 videtur;
1474 3967 1629 4010 immo
1649 3974 1768 4011 sunt
1783 4001 1793 4021 ,
1820 3968 1907 4021 qui
1929 3974 2170 4012 asserant
2203 3969 2368 4023 ipsum
2389 3970 2570 4014 ducem
2593 3972 2868 4015 Albertum
2889 3971 3028 4016 haud

552 4040 719 4083 multo
756 4043 881 4082 ante
916 4037 1111 4082 obitum
1144 4048 1295 4081 suum
1322 4048 1438 4082 cum
1471 4039 1694 4082 ecclesia
1724 4040 1986 4083 catholica
2016 4039 2263 4085 Scalichii
2297 4052 2456 4095 opera
2489 4043 2881 4087 reconciliatum
2916 4054 3032 4087 esse

552 4108 853 4163 (Buchottae,
872 4108 913 4163 1,
934 4109 968 4153 l.
992 4120 1053 4159 c..
1073 4120 1185 4160 vm.
1205 4108 1403 4153 mm.
1430 4108 1617 4163 Dem’s,
1637 4111 1669 4154 l.
1692 4122 1737 4155 c.
1767 4122 1815 4165 p.
1844 4111 2042 4157 536537.
2065 4111 2178 4155 Nic.
2198 4111 2678 4167 Leuthermgerus,
2697 4114 2773 4158 De
2794 4117 3030 4160 marchia

552 4182 1033 4235 brandenburgensi
1054 4182 1089 4225 1.
1114 4182 1181 4234 14,
1204 4194 1252 4227 n.
1272 4181 1351 4225 7·9
1371 4179 1693 4236 [Scriptores
1714 4182 1775 4226 de
1806 4186 1962 4227 rebus
1983 4183 2246 4230 Marchiae
2267 4185 2774 4241 brandenburgensis
2797 4186 2816 4231 1
2836 4186 3004 4239 (Fran

551 4254 742 4299 cofurti
762 4260 816 4297 et
835 4252 1047 4315 Lipsiae
1068 4253 1213 4306 1729),
1232 4253 1446 4307 asa-4881.
1464 4253 1705 4308 Janssen
1728 4256 1743 4297 1
1778 4266 1841 4309 c.,
1864 4267 1936 4305 iv.
1957 4256 2035 4300 187
2053 4257 2120 4301 ad
2144 4257 2234 4301 188.
2259 4256 2577 4313 zeitschrift
2598 4260 2680 4302 fiir
2701 4259 3030 4303 kathoiische

550 4324 833 4379 ‘theologie
852 4357 864 4379 ,
887 4325 939 4368 18
954 4314 1137 4378 jain-g.
1164 4324 1477 4378 [Innsbruck
1510 4326 1641 4379 189-1]
1659 4358 1670 4379 ,
1692 4336 1742 4379 p.
1764 4327 1838 4370 411
1866 4328 1932 4371 ad
1952 4328 2049 4371 412.
2074 4328 2123 4372 C.
2143 4328 2205 4371 A.
2226 4328 2392 4382 Hase,
2422 4328 2630 4385 Herzog
2648 4331 2906 4376 Aibrecht
2925 4342 3028 4375 von

552 4398 807 4442 Preussen
830 4396 933 4440 und
952 4396 1064 4441 sein
1084 4394 1433 4450 Hosprediger
1454 4396 1690 4451 [Leipzig
1714 4398 1833 4451 1879]
1855 4410 1904 4453 p.
1921 4398 2118 4443 292317.
2139 4400 2386 4454 374-377).,,

632 4472 657 4503 ²
712 4468 953 4514 canisius
986 4468 1213 4512 Polanco
1244 4469 1531 4523 scripserat
1562 4469 1592 4512 8
1622 4468 1788 4522 Junii:
1833 4469 1998 4514 “Cras
2034 4454 2272 4516 abiturus
2305 4483 2386 4517 est
2417 4474 2608 4518 iterum
2640 4474 2931 4529 Episcopus
2963 4478 3030 4519 ad

552 4541 849 4587 Ecclesiam
883 4552 1055 4594 suam;
1088 4540 1181 4584 sed
1213 4551 1385 4594 conor,
1408 4548 1464 4585 ut
1499 4541 1698 4585 amicus
1718 4542 1902 4595 abeat,
1925 4543 2008 4597 qui
2041 4544 2343 4598 aliquandiu
2379 4553 2592 4600 propter
2623 4553 2833 4592 nostras
2852 4548 2916 4591 de
2949 4549 3032 4593 his

550 4615 659 4660 suis
681 4613 902 4657 alumnis
922 4610 1300 4656 admonitiones
1330 4613 1504 4657 nescio
1542 4625 1642 4667 quo
1663 4614 1817 4658 dubio
1848 4614 1900 4659 in
1930 4626 2026 4660 nos
2055 4617 2227 4660 animo
2249 4617 2457 4662 videtur
2489 4618 2692 4674 fuisse.„
2712 4619 2911 4664 Verum
2946 4621 3032 4665 hic

550 4686 737 4730 dubius
766 4684 967 4729 animus
994 4694 1089 4727 nec
1119 4684 1358 4738 duravit,
1380 4690 1435 4728 ut
1465 4686 1541 4728 ait
1564 4684 1847 4735 Polancus.
1867 4698 1964 4731 nec
1986 4694 2167 4732 tantus
2188 4690 2284 4734 suit
2317 4696 2543 4743 quantus
2573 4690 2768 4736 Romae
2800 4692 3034 4737 creditus

550 4764 663 4811 αις
699 4756 909 4811 scripsit
940 4754 1079 4799 enim
1112 4755 1277 4800 eidem
1314 4755 1535 4801 Polaneo
1571 4756 1809 4802 canisius
1846 4759 1897 4802 16
1928 4761 2179 4814 Augusti:
2214 4762 2318 4805 “De
2351 4762 2803 4808 Reverendissimo
2822 4766 3032 4810 domino

844 4844 922 4902 T.
956 4862 1033 4901 iv.
1608 4860 1617 4869 ·
2653 4870 2713 4926 ¹7
