3742 5392
741 475 816 533 70
1663 477 1920 539 Cimon.
1960 478 2114 540 soe.
2156 480 2293 552 JEs.

743 623 1022 686 cionem
1061 623 1383 701 haberet;
1417 632 1485 687 et
1508 623 1674 704 quia
1695 625 2227 704 monasterium,
2256 627 2445 707 quod
2474 628 2843 691 dicebatur
2866 627 3213 708 Corporis

740 727 1005 793 Christi
1041 727 1080 807 ¹,
1113 747 1335 810 prope
1365 731 1709 811 palatium
1731 731 2082 796 Ducissae
2105 745 2279 812 erat,
2306 743 2376 798 et
2398 735 2584 799 inter
2614 745 2900 799 centum
2924 747 2993 798 et
3016 745 3209 800 octo-

741 837 944 916 ginta
972 836 1344 916 religiosas
1385 855 1592 901 soror
1639 839 1861 920 ipsius
1910 838 2133 903 Ducis
2161 840 2256 904 ibi
2294 851 2448 906 erat
2478 840 2525 917 ²,
2560 851 2629 905 et
2668 851 2917 922 optare
2957 843 3095 924 ipsi
3124 844 3213 906 si-

743 943 1217 1024 gnificaverat
1246 954 1321 1007 ut
1342 945 1522 1009 haec
1551 946 1622 1010 in
1653 963 1784 1010 suo
1813 949 2247 1012 monasterio
2279 959 2351 1012 et
2379 952 2642 1030 templo
2682 949 2955 1030 fierent,
2990 969 3073 1014 eo
3095 969 3213 1013 ve-

746 1061 1002 1116 nerunt
1031 1051 1216 1115 filiae
1244 1051 1497 1131 DuciS,
1550 1063 1620 1116 et
1661 1067 1808 1118 tam
1836 1054 1989 1135 ipse
2038 1073 2252 1136 quam
2297 1073 2544 1120 earum
2592 1057 2867 1121 nobiles
2896 1059 3213 1139 virgines

745 1167 1121 1240 postquam
1152 1160 1521 1224 confessae
1549 1161 1863 1241 fuerunt,
1898 1163 2139 1226 audito
2168 1181 2377 1228 sacro
2418 1181 2664 1228 coram
2704 1165 3029 1229 omnibus
3057 1165 3211 1228 reli·

747 1266 970 1344 giosis
989 1315 1004 1344 ,
1061 1267 1590 1331 sanctissimum
1639 1268 2131 1333 Eucharistiae
2182 1281 2709 1336 sacramentum
2753 1272 2839 1335 de
2888 1272 3215 1337 manibus

745 1371 824 1436 P.
851 1371 1208 1437 Pelletarii
1231 1385 1658 1454 acceperunt
1679 1425 1694 1454 ‚
1727 1384 1796 1440 et
1822 1377 2243 1441 concionem
2268 1379 2473 1442 simul
2507 1396 2670 1442 cum
2694 1379 2850 1442 aliis
2870 1381 3217 1444 matronis
3314 1410 3322 1418 ·

746 1480 1102 1544 nobilibus
1131 1482 1529 1546 audierunt.
1565 1483 1744 1562 Quia
1777 1493 2017 1548 tamen
2046 1503 2132 1548 ea
2164 1487 2403 1550 omnia
2433 1487 2671 1551 dicere
2700 1503 2845 1551 non
2882 1489 3212 1570 yacabat,

748 1604 932 1667 quae
959 1588 1250 1668 spiritus
1272 1588 1559 1652 Domini
1589 1591 2054 1670 suggerebat,
2090 1591 2455 1657 admonuit
2488 1595 2677 1675 quod
2708 1613 2751 1658 a
2778 1594 3079 1674 prandio
3112 1613 3217 1658 re·

749 1695 1026 1758 diturus
1054 1705 1265 1773 esset,
1298 1713 1438 1776 quo
1469 1697 1682 1761 etiam
1711 1697 1879 1762 Dux
1910 1699 2061 1778 ipse
2088 1701 2335 1764 venire
2364 1703 2623 1776 voluit;
2653 1702 2811 1781 sed,
2851 1701 3217 1782 repentino

749 1801 1058 1881 quodam
1086 1803 1372 1882 negotio
1403 1803 1782 1884 impeditus
1811 1823 1976 1869 cum
2005 1805 2253 1870 fuisset
2270 1855 2285 1884 ,
2319 1806 2708 1872 Dominum
2729 1809 3218 1872 Alexandrum

747 1907 807 1971 F
810 1908 1133 1973 iaschum
1149 1909 1357 1974 misit.
1379 1909 1580 1974 Duas
1609 1928 1785 1992 ergo
1803 1913 2123 1992 integras
2139 1913 2357 1978 horas
2384 1913 2462 1978 P.
2489 1914 2903 1979 Pelletarius
2931 1915 3018 1978 de
3047 1915 3217 1979 San·

751 2015 1068 2079 ctissimo
1118 2013 1583 2081 Sacramento
1627 2019 2092 2083 concionatus
2141 2029 2279 2096 est,
2344 2031 2412 2085 et
2454 2021 2542 2084 de
2590 2022 2709 2086 illo
2766 2022 3215 2086 sanctissimo

748 2124 1123 2204 mysteriO,
1156 2141 1338 2204 quae
1369 2125 1459 2189 ad
1488 2142 1640 2189 rem
1670 2125 1910 2190 facere
1948 2127 2405 2207 videbantur,
2446 2128 2690 2193 habita
2728 2129 3062 2193 auditorii
3107 2147 3216 2192 ra-

749 2231 972 2306 tione,
999 2231 1374 2311 diligenter
1402 2241 1508 2295 est
1537 2243 1979 2313 prosecutus.
2014 2233 2170 2298 Hac
2211 2236 2576 2314 concione,
2620 2245 2697 2299 ut
2735 2237 2972 2315 angeli
3004 2238 3217 2299 laeta-

751 2337 1038 2416 bantur,
1072 2337 1173 2401 ita
1211 2338 1438 2402 hostis
1475 2339 1764 2403 humani
1804 2341 2091 2420 generis
2128 2342 2339 2405 valde
2379 2342 2807 2421 vexabatur,
2852 2352 2920 2407 et
2960 2344 3219 2423 inipso

749 2445 982 2507 medio
1013 2446 1378 2509 concionis
1409 2463 1620 2510 cursu
1651 2446 2034 2512 foeminam
2063 2449 2443 2528 quamdam
2473 2451 2783 2513 nobilem
2803 2500 2817 2528 ,
2865 2451 2991 2514 sed
3031 2451 3221 2514 inve-

752 2561 1056 2616 teratam
1078 2553 1152 2616 in
1167 2554 1390 2617 variis
1413 2553 1863 2633 opinionibus
1887 2555 2437 2634 haereticorum,
2459 2557 2530 2620 in
2553 2557 2867 2621 furorem
2890 2566 2960 2621 et
2983 2558 3222 2622 exani-

751 2661 1136 2724 mationem
1167 2661 1554 2740 convertit,
1588 2679 1770 2742 quae
1799 2663 1949 2726 suis
1978 2664 2408 2727 clamoribus
2425 2665 2790 2728 auditores
2813 2666 3047 2745 coepit
3072 2683 3223 2746 per-

753 2766 1065 2830 turbare.
1107 2767 1207 2830 At
1243 2765 1320 2830 P.
1376 2765 1814 2848 Pelletarius,
1860 2768 2242 2849 patefactis
2291 2770 2474 2834 dolis
2524 2770 2799 2852 antiqui
2851 2773 3222 2852 serpentis,

749 2873 948 2954 Jubet
976 2891 1101 2937 eos
1129 2875 1492 2955 quiescere
1522 2884 1591 2938 et
1619 2874 1798 2939 bene
1826 2891 2119 2957 sperare
2149 2876 2235 2940 de
2265 2886 2685 2956 aegrotante
2728 2879 2847 2941 illa
2887 2879 3222 2958 foemina,

757 2992 830 3045 et
857 2983 1044 3045 bono
1074 2981 1338 3061 anim0,
1371 2991 1449 3045 ut
1477 2994 1834 3063 coeperat,
1867 2999 2163 3047 causam
2190 2984 2517 3049 veritatis
2545 2986 2930 3064 peroravit.

883 3089 1018 3152 126.
1109 3087 1357 3168 Coepit
1385 3098 1623 3152 autem
1647 3106 1766 3152 res
1795 3089 1975 3153 haec
2002 3106 2265 3170 magna
2308 3091 2579 3155 laetitia
2619 3092 2987 3157 civitatem
3030 3093 3225 3157 illam

813 3295 830 3327 ¹
887 3292 1032 3338 “Una
1052 3294 1131 3338 tal
1152 3292 1477 3338 Bernardina
1490 3327 1502 3348 ,
1525 3293 1758 3348 figliuola
1780 3294 1830 3338 di
1851 3291 2106 3348 Gregorio
2128 3293 2421 3349 Sedazzari,
2443 3295 2695 3340 cittadino
2715 3309 2743 3340 e
2762 3303 3027 3341 mercante
3048 3295 3232 3341 Ferra-

757 3376 873 3409 reee
887 3399 899 3420 ,
923 3377 950 3408 e
973 3365 1026 3409 di
1045 3365 1222 3415 Lucia,
1241 3365 1412 3410 nobile
1433 3364 1710 3408 Viniziana
1727 3397 1738 3419 ,
1760 3376 1857 3408 sua
1887 3365 2131 3419 moglie...
2154 3365 2300 3409 diede
2331 3367 2582 3421 principio
2604 3367 2687 3410 da’
2704 3368 3022 3412 fundamenti
3044 3369 3107 3412 ad
3130 3379 3234 3413 una

757 3438 939 3481 chiesa
959 3448 987 3481 e
1007 3435 1303 3481 Monastero
1331 3437 1472 3481 nella
1502 3441 1654 3492 parte
1675 3436 1921 3481 inferiore
1943 3436 2080 3481 delia
2103 3436 2272 3491 Citta,
2294 3437 2347 3481 in
2376 3439 2532 3493 luogo
2554 3439 2698 3484 detto
2727 3440 2763 3483 il
2798 3439 3059 3484 Praissolo
3082 3446 3231 3484 entro

757 3510 812 3553 al
834 3514 1076 3563 presente
1102 3509 1368 3564 quartiero
1388 3508 1439 3552 <u
1461 3507 1513 3551 S.
1536 3507 1786 3560 Romane,
1807 3508 2105 3563 acquistato
2124 3521 2159 3552 a
2179 3513 2362 3563 questo
2382 3509 2557 3554 effetto
2578 3510 2647 3554 de
2666 3509 2899 3564 Giacopo
2920 3510 3055 3556 dalle
3078 3510 3232 3556 Calze

763 3578 929 3638 (come
963 3581 1082 3625 nelI’
1111 3581 1414 3625 istromento
1443 3580 1562 3624 deli’
1581 3579 1817 3634 acquisto
1849 3580 1895 3625 si
1927 3581 2057 3624 vede
2088 3587 2275 3635 rogato
2308 3593 2403 3636 per
2432 3581 2744 3626 Nascimben
2772 3581 2981 3627 Delaito
3001 3584 3048 3627 a·
3068 3588 3149 3626 tre
3180 3583 3231 3626 di

761 3651 1048 3697 Decembre
1069 3651 1200 3707 1⁴06)
1219 3657 1355 3696 sotto
1379 3652 1413 3696 il
1445 3652 1596 3696 titolo
1617 3653 1700 3695 del
1723 3651 1895 3706 Corpo
1916 3652 1966 3696 di
1991 3651 2165 3696 Cristo
2184 3663 2213 3695 e
2235 3652 2375 3697 della
2394 3651 2710 3698 visitatione
2732 3654 2869 3697 della
2900 3651 3068 3698 Beata
3100 3653 3228 3697 Ver-

761 3725 933 3780 gine...
961 3725 1040 3769 La
1061 3724 1206 3768 detta
1229 3723 1417 3768 Chiesa
1438 3734 1605 3768 venne
1625 3731 1935 3769 consecrata
1954 3736 1985 3768 a
2005 3725 2057 3768 13
2071 3724 2122 3768 di
2138 3723 2363 3780 uaggio.
2376 3724 2458 3769 Me
2474 3726 2697 3781 quando,
2714 3737 2741 3768 e
2759 3727 2827 3770 da
2850 3726 2936 3770 chi
2961 3737 3062 3770 non
3076 3737 3237 3781 appa-

761 3797 915 3840 risce.
938 3795 986 3840 S'
1003 3796 1195 3851 emptio
1213 3795 1297 3852 poi
1321 3796 1693 3850 grandemente
1714 3796 1749 3840 il
1769 3797 1913 3840 detto
1933 3795 2229 3840 Monastero
2250 3807 2346 3840 con
2364 3798 2395 3840 1’
2412 3797 2682 3842 occasione
2704 3797 2753 3840 di
2778 3798 2959 3842 alcune
2980 3797 3118 3842 della
3138 3797 3238 3842 Fa-

764 3869 942 3923 miglia
962 3868 1202 3922 Esteuse,
1224 3869 1318 3912 che
1340 3868 1392 3912 in
1425 3879 1542 3911 esso
1572 3868 1613 3910 si
1645 3878 2008 3920 monecarono,
2038 3867 2133 3912 che
2154 3868 2335 3912 turono
2354 3867 2595 3913 Leonora
2618 3868 2849 3923 figliuola
2872 3871 2954 3914 del
2978 3869 3123 3915 Duce
3143 3870 3235 3915 Al-

761 3941 910 3986 fonso
931 3940 1121 3992 Primo,
1143 3954 1170 3985 e
1192 3939 1446 3984 Lucrezia
1466 3940 1515 3984 d'
1539 3939 1758 3984 Hercoie
1789 3939 2037 3994 Secondo,
2059 3941 2273 3984 essendo
2295 3939 2331 3984 ii
2360 3939 2656 3986 Honestero
2684 3952 2779 3997 per
2798 3943 2851 3986 ιι
2871 3953 2968 3986 sua
2986 3944 3159 3998 bonta,
3182 3951 3236 3985 et

764 4013 993 4068 esempio
1013 4013 1140 4057 dalli
1161 4012 1356 4056 sudetti
1381 4011 1606 4066 Principi
1630 4013 1789 4056 molto
1809 4019 2004 4064 amato,
2026 4023 2055 4056 e
2074 4013 2417 4064 benefficiato,
2440 4013 2752 4067 donandogli
2780 4013 2817 4056 il
2848 4013 2995 4057 Duco.
3017 4013 3237 4058 Hercole

693 4111 709 4135 .
767 4084 956 4136 Primo,
977 4094 1010 4128 a
1030 4089 1213 4138 questo
1237 4082 1415 4127 effetto
1437 4084 1484 4126 le
1506 4093 1626 4126 case
1649 4083 1740 4136 gia
1757 4081 2035 4126 confiscate
2058 4093 2090 4126 a
2112 4081 2371 4126 Giovanni
2393 4082 2573 4127 Romei
2592 4093 2741 4138 poste
2762 4085 2903 4128 nella
2923 4090 3167 4128 contrata
3187 4084 3237 4128 di

765 4154 928 4200 Sento
961 4153 1259 4199 Francesco
1289 4153 1589 4207 dirimpetto
1609 4154 1663 4197 al
1697 4152 1951 4207 Paiaggio
1979 4154 2069 4207 gia
2098 4153 2181 4197 del
2215 4153 2492 4198 cardinale
2527 4153 2795 4208 Hippolito
2824 4155 3075 4209 Estense,
3108 4155 3241 4200 hore

763 4229 1042 4278 posseduto
1064 4225 1129 4270 da
1152 4225 1411 4269 Galeazzo
1443 4223 1735 4278 Gualengui
1755 4223 2023 4268 Marchese
2050 4225 2100 4268 di
2133 4225 2367 4278 Busana,
2388 4225 2485 4269 che
2520 4225 2801 4270 havevano
2832 4237 2925 4280 per
2956 4226 3150 4270 confine
3173 4227 3239 4270 da
3258 4243 3273 4255 ·

763 4311 869 4345 una
888 4306 1039 4355 parte
1060 4299 1097 4342 il
1129 4309 1285 4352 sopra
1303 4297 1568 4341 nominato
1589 4296 1866 4350 Praissolo,
1889 4308 1916 4339 e
1940 4296 2061 4340 dail'
2080 4298 2219 4340 altra
2240 4308 2335 4351 per
2363 4297 2413 4340 di
2436 4298 2602 4341 dietro
2632 4299 2683 4341 la
2710 4297 2800 4342 via
2820 4299 2966 4342 detta
2990 4299 3027 4342 il
3050 4298 3239 4353 Pergo-

767 4374 893 4424 lato,
915 4372 1086 4416 sicuro
1108 4371 1311 4424 rifugio,
1331 4381 1358 4412 e
1381 4368 1746 4423 camporranco
1766 4379 1834 4411 un
1855 4373 2029 4422 tempo
2058 4369 2105 4412 a·
2126 4369 2483 4422 quistionanti,
2504 4368 2557 4412 la
2586 4371 2738 4423 quale
2760 4369 3055 4425 franchigia
3074 4381 3240 4414 venne

763 4444 852 4500 poi
880 4443 1063 4487 affatto
1083 4441 1283 4486 abolita
1303 4441 1388 4485 dal
1413 4439 1558 4484 Duca
1581 4440 1800 4484 Hercole
1823 4438 2072 4492 Secondo,
2094 4452 2121 4483 e
2142 4451 2236 4494 per
2264 4441 2471 4484 levarla
2492 4451 2757 4484 com-enne
2778 4441 2995 4500 chiuder
3014 4441 3065 4486 di
3092 4453 3241 4486 mura

761 4527 859 4572 per
877 4527 946 4559 un
967 4521 1137 4569 tempo
1159 4513 1176 4557 i
1195 4513 1310 4568 capi
1335 4513 1472 4556 della
1488 4513 1635 4556 detta
1656 4513 1854 4556 strada.
1873 4511 2128 4556 Trovansi
2149 4513 2287 4556 neila
2308 4513 2485 4557 chiesa
2502 4513 2637 4556 delle
2658 4513 2801 4558 dette
2819 4513 3069 4558 Monache
3088 4521 3241 4569 posta

767 4591 820 4634 in
840 4590 1086 4634 clausura
1106 4586 1277 4630 alcuni
1298 4586 1377 4628 de'
1396 4584 1623 4640 Principi
1641 4583 1852 4629 Estensi
1874 4584 2097 4638 sepelliti
2115 4618 2125 4636 ,
2149 4586 2210 4628 ed
2230 4584 2355 4628 altri
2376 4585 2515 4629 della
2535 4585 2681 4628 detta
2704 4583 2965 4640 Famiglia
2986 4597 3079 4630 con
3102 4586 3245 4629 alcu-

765 4671 832 4705 ne
857 4659 992 4704 delle
1015 4658 1172 4713 mogli
1192 4657 1350 4702 loro.“
1372 4655 1617 4711 Gonnum,
1639 4658 1674 4700 1.
1697 4667 1739 4700 c.
1762 4667 1885 4711 pag.
1908 4655 2110 4700 283-285.

826 4732 849 4764 Ω
905 4731 1186 4775 Eleonora.
