3742 5392
1588 509 1716 567 Aa.
1761 509 1901 567 1554
2902 510 2981 570 ΘΙ

503 658 657 740 ejus
711 658 1252 738 perseverantia
1305 665 1375 719 et
1424 665 1804 735 augmento
1854 656 2144 736 spiritus
2191 657 2487 720 multum
2536 657 2609 719 in
2660 655 2971 720 Domino

504 765 924 830 laetabatur.
986 763 1104 827 Ad
1153 763 1492 827 Natalitia
1542 762 1758 826 etiam
1806 762 1990 826 festa
2040 762 2381 842 plurimas
2442 761 2595 844 eJus
2655 762 2969 827 familiae

507 872 991 937 confessiones
1019 871 1330 949 audivit,
1367 881 1436 934 et
1467 883 1612 934 tres
1651 869 1913 933 Missas
1955 870 2105 949 ipse
2148 871 2221 933 in
2266 871 2378 934 die
2416 869 2692 933 Natalis
2729 888 2975 935 coram

509 979 816 1044 Ducissa
845 989 916 1042 et
945 979 1270 1051 omnibus
1293 978 1500 1056 dixit,
1536 987 1604 1040 et
1634 977 2205 1041 communionem
2236 977 2340 1040 eis
2362 977 2687 1042 omnibus
2710 979 2971 1059 impen-

508 1087 644 1164 dit,
693 1087 788 1150 ab
837 1087 994 1166 ipsa
1033 1084 1342 1148 Ducissa
1387 1084 1821 1164 incipiendo,
1867 1085 2103 1165 aliqua
2150 1083 2237 1146 de
2273 1082 2739 1148 Sacramento
2776 1101 2983 1164 prae·

509 1194 718 1258 fatus,
773 1193 948 1257 Erat
998 1204 1237 1256 autem
1290 1194 1454 1254 aula
1508 1191 1985 1271 amplissima,
2040 1191 2112 1253 in
2161 1207 2303 1270 qua
2346 1192 2525 1254 haec
2567 1190 2858 1272 fiebant,
2910 1202 2981 1256 et

507 1301 706 1365 multi
751 1318 842 1364 ex
885 1300 1088 1375 urbe,
1143 1316 1226 1362 eo
1267 1299 1807 1376 convenienteS,
1852 1307 2293 1377 spectatores
2333 1296 2636 1362 fuerunt.
2682 1299 2982 1363 Audivit

504 1409 724 1472 etiam
753 1405 1272 1470 confessionem
1314 1404 1404 1469 D.
1451 1405 1833 1482 Ludovici,
1882 1405 2239 1484 designati
2282 1405 2648 1486 Episcopi,
2696 1417 2766 1470 et
2810 1407 2977 1470 alio-

505 1532 664 1578 rum
693 1513 1056 1592 nobilium,
1083 1513 1266 1576 inter
1290 1529 1468 1593 quos
1491 1512 1708 1592 aliqui
1733 1511 2130 1575 catholicae
2154 1510 2313 1574 fidei
2338 1512 2644 1577 restituti
2665 1510 2983 1592 fuerunt,

506 1631 580 1685 et
606 1630 858 1702 postea
883 1619 1100 1683 etiam
1129 1620 1202 1682 in
1230 1619 1494 1699 templo
1523 1627 1771 1681 nostro
1801 1618 2263 1681 concionibus
2287 1616 2361 1680 P.
2391 1617 2748 1683 Pelletarii
2770 1621 2981 1683 inter-

521 1736 748 1791 erant.
780 1727 884 1790 Eo
917 1726 1197 1790 demum
1227 1736 1568 1805 tempore,
1603 1741 1767 1788 cum
1796 1722 1997 1787 Duce
2022 1725 2375 1803 loquutuS,
2414 1742 2752 1805 magnum
2786 1727 2860 1789 in
2890 1743 2990 1790 eo

511 1835 840 1915 principe
867 1835 1098 1897 zelum
1125 1832 1350 1896 divini
1382 1833 1612 1895 cultus
1637 1831 1911 1894 invenit
1946 1829 1986 1892 ¹.

593 2095 612 2127 ¹
669 2091 857 2137 Totam
873 2092 1009 2136 hanc
1032 2091 1094 2134 de
1115 2089 1350 2134 Renatae
1373 2091 1719 2134 conversione
1739 2089 2093 2133 narrationem
2120 2091 2299 2144 paucis
2327 2090 2636 2144 compressit
2672 2089 2981 2146 Ouaunia-1,

513 2165 657 2210 fflst.
681 2163 792 2209 Soc.
813 2164 902 2208 lib.
921 2173 1033 2218 xiv,
1047 2174 1100 2208 n.
1119 2162 1190 2206 π.
1211 2161 1314 2206 Sed
1333 2162 1543 2206 Auonsr
1571 2171 1673 2205 von
1706 2159 1966 2213 Damnat,
1988 2173 2069 2216 op.
2100 2173 2260 2216 snpra
2290 2173 2353 2216 c.,
2384 2173 2503 2217 pag.
2530 2162 2602 2216 Δ-ι,
2622 2169 2799 2206 annot.
2814 2163 2859 2215 2,
2882 2163 2983 2208 On·

513 2247 722 2282 canona
742 2235 1108 2287 testimonium,
1129 2237 1316 2278 saitem
1338 2234 1388 2277 in
1410 2233 1504 2287 iis..
1521 2244 1652 2288 quae
1687 2232 1941 2278 Ducissae
1974 2235 2346 2280 confessionem
2368 2240 2625 2288 spectant.
2656 2235 2849 2280 nullius
2866 2247 2989 2280 esse

511 2307 752 2363 ponderis
771 2307 1007 2351 declarat
1027 2305 1162 2350 «Ani
1174 2305 1490 2349 orlandini's
1508 2304 2023 2358 uberschwangnche
2038 2305 2365 2361 ,Erzahiung.
2392 2305 2591 2350 Renate
2610 2307 2769 2350 habe»
2788 2307 2991 2362 ingenti

509 2380 670 2424 animi
689 2389 844 2424 seusu
865 2379 1124 2432 multoque
1143 2377 1518 2421 lachrimarum
1537 2375 1719 2428 imbre,
1741 2376 2108 2430 plaudentibus
2129 2379 2255 2422 utin
2276 2378 2419 2421 coelo
2439 2377 2655 2432 ang-elis,
2674 2377 2821 2422 sicin
2838 2384 2983 2423 terra

508 2451 839 2496 mortalibus·
863 2450 944 2494 bei
968 2449 1277 2493 Pelletarins
1295 2448 1611 2502 gebeichtet.
1654 2447 1784 2492 wird
1807 2459 1925 2491 man
1946 2449 2065 2492 kein
2094 2447 2333 2493 Gewicht
2366 2450 2516 2504 legen
2537 2449 2762 2496 darien.»
2798 2449 2983 2496 subtili

509 2524 690 2568 deinde
711 2522 894 2574 ironia,
912 2528 969 2566 ut
989 2522 1134 2566 nobis
1154 2521 1379 2570 videtur.
1401 2520 1630 2564 insinuat
1668 2519 2001 2564 Pelletarium
2036 2527 2219 2564 contra
2253 2521 2620 2565 conscientiam
2637 2521 2690 2564 in
2712 2522 2775 2566 iis
2796 2533 2851 2566 se
2872 2534 2988 2577 ges--

507 2597 655 2647 sisse,
675 2594 908 2639 etaddit:
942 2592 1232 2638 ‹orlandiui
1271 2592 1316 2636 is
1346 2591 1497 2635 keine
1537 2591 1891 2645 zuverlassige
1928 2592 2123 2643 Queile.
2160 2591 2278 2636 Wir
2312 2593 2483 2637 haben
2516 2605 2574 2635 es
2605 2593 2853 2647 ledigiich
2887 2594 2980 2637 mit

509 2669 654 2712 einer
673 2663 1255 2720 grosssprecherischen
1279 2661 1576 2717 Erzahinng
1595 2675 1658 2706 zu
1691 2663 1860 2707 thuri.»
1890 2662 2195 2708 -Oriandino
2215 2675 2316 2708 non
2332 2670 2413 2708 est
2428 2663 2698 2708 fidendum.
2713 2664 2821 2708 Res
2836 2665 2988 2709 nobis

509 2745 590 2783 est
603 2745 812 2783 tantum
831 2748 946 2781 cum
975 2737 1174 2780 fastosa
1209 2736 1511 2778 narratione
1537 2751 1554 2770 ι
1579 2733 1708 2778 Tum
1721 2734 2000 2792 pecasione
2032 2743 2265 2790 arrepta.
2300 2738 2472 2791 carpit
2504 2747 2772 2781 auctorem
2808 2738 2985 2792 operis

521 2810 656 2855 Vidn
680 2809 770 2854 del
787 2809 996 2863 grande
1017 2807 1129 2852 San
1148 2805 1443 2851 Francisco
1463 2807 1529 2850 de
1549 2805 1735 2860 Barsa,
1757 2805 2089 2851 cardinalem
2110 2807 2436 2863 Cieni'uegos.
2452 2808 2523 2852 Et
2540 2809 2749 2852 tandem
2769 2809 2979 2852 nniver-

509 2894 596 2926 sos
615 2881 1018 2936 Hagiooeraphos
1031 2879 1255 2935 jesuitas
1273 2879 1574 2932 profligans,
1600 2878 1674 2921 sie
1697 2889 1761 2921 ex
1783 2879 2037 2922 cathedra
2058 2878 2249 2933 definit;
2276 2879 2418 2924 «Man
2438 2881 2559 2924 dari
2576 2881 2658 2924 nie
2682 2891 2989 2936 vergessen,

510 2955 605 3000 das
625 2955 737 2998 eine
759 2963 862 2996 von
879 2951 1110 3005 Jesuiten
1131 2951 1391 2996 versasste
1409 2950 1722 3005 Biographie
1745 2949 1889 2994 eines
1922 2950 2162 3005 Heiiigen
2184 2952 2281 2995 den
2310 2951 2499 2996 Zweck
2528 2953 2622 2996 hat
2652 2953 2743 2997 der
2776 2953 2983 2998 Erbau-

515 3039 622 3080 ung
641 3038 703 3070 zu
723 3024 924 3076 dienen,
945 3025 1046 3068 und
1082 3024 1202 3068 dass
1233 3023 1345 3067 sich
1376 3023 1458 3066 die
1493 3022 1806 3066 historische
1839 3021 2122 3066 Wahrheit
2156 3023 2331 3070 dieser.
2358 3023 2595 3067 Tendenz
2630 3025 2979 3068 unterordnen

512 3108 694 3144 mussa
724 3095 967 3152 «oportet
999 3106 1260 3150 nunquam
1282 3094 1535 3146 oblivisci,
1576 3093 1754 3138 Sancti
1794 3094 2015 3149 alicujus
2047 3095 2410 3150 biographiam
2443 3097 2511 3140 ab
2543 3101 2759 3140 auctore
2787 3096 2985 3150 J'esuita

511 3171 782 3224 scriptam,
803 3167 955 3212 finem
975 3168 1170 3212 habere
1199 3173 1256 3211 nt
1269 3167 1472 3210 serviat
1506 3166 1877 3222 aedificationi
1913 3173 1965 3210 et
1999 3165 2120 3211 hnic
2140 3165 2229 3210 fini
2259 3167 2420 3211 etiam
2446 3168 2757 3212 historicam
2792 3169 2989 3213 verit&

513 3249 620 3286 tem
639 3241 828 3284 debere
847 3239 1217 3284 subordinat-in
1242 3237 1608 3282 subordinatio
1629 3245 1805 3281 antem
1825 3237 1973 3284 haec.
1988 3237 2140 3292 juxta
2157 3238 2419 3292 Daunum..
2434 3249 2539 3283 non
2558 3239 2793 3284 consistit
2814 3241 2985 3284 solum

512 3315 566 3357 in
587 3312 820 3357 celandis
837 3311 903 3356 iis
920 3321 1053 3365 qnae
1092 3309 1457 3364 aedificationi
1489 3315 1710 3352 noceant
1744 3309 1899 3363 (quod
1920 3309 2141 3362 quidem.
2162 3309 2261 3354 nisi
2296 3321 2413 3354 cum
2432 3311 2667 3355 charitas
2686 3309 2986 3355 aut‘n-eces-

513 3384 642 3428 sitas
664 3383 806 3428 aliud
835 3383 1032 3437 exig-at,
1067 3382 1245 3426 divina
1277 3383 1410 3435 leg-e,
1441 3380 1748 3424 historicum
1777 3379 2020 3424 similiter
2049 3391 2113 3424 ac
2147 3381 2404 3436 criticum,
2436 3382 2751 3427 catholicum
2783 3391 2835 3426 et
2864 3394 2987 3437 pro·

513 3461 813 3506 testantem,
825 3455 1073 3509 judaeum
1093 3459 1148 3496 et
1181 3463 1432 3506 graecum
1466 3451 1840 3504 obstringente,
1871 3451 2144 3506 jubemur),
2182 3453 2275 3496 aed
2294 3452 2455 3497 etiam
2474 3451 2525 3496 in
2546 3454 2707 3498 libere
2730 3453 2988 3509 fingendis

507 3527 862 3580 addendisque
882 3535 1014 3580 qnae
1036 3523 1380 3569 aedificationi
1411 3524 1614 3567 servire
1647 3533 1798 3576 posse
1833 3522 2095 3574 videntum
2134 3535 2255 3568 nam
2284 3525 2337 3568 in
2368 3524 2610 3569 adductis
2639 3525 2980 3570 orlandiniet

509 3597 822 3652 Cieni'uegos
839 3595 1017 3640 verbis
1045 3607 1144 3639 non
1165 3596 1217 3640 id
1233 3594 1566 3649 reprehendit
1589 3594 1724 3648 quod
1743 3593 1965 3638 veritati
1988 3594 2267 3639 historicae
2284 3596 2476 3650 aliquid
2496 3597 2565 3640 sit
2580 3597 2875 3642 detractum
2891 3600 2981 3642 sed

509 3670 646 3724 quod
665 3671 734 3713 sit
753 3667 1004 3718 additum.
1035 3667 1250 3722 ideoque
1279 3665 1550 3710 orlandini
1581 3665 1937 3710 narrationem
1970 3665 2509 3721 aberschwaengliche,
2534 3669 2989 3723 superabundan-

511 3747 622 3785 tem
646 3741 898 3796 appellat.

593 3811 710 3865 Jarn
732 3822 859 3856 vero
891 3812 960 3855 1.⁰
979 3813 1183 3867 gratias
1220 3811 1476 3856 maximas
1505 3809 1790 3864 rependere
1826 3809 2049 3854 Domino
2079 3810 2280 3855 Druffel
2312 3817 2551 3855 tenentur
2584 3811 2887 3866 quicumque
2920 3813 2989 3856 de

513 3883 738 3932 Sanctis.
759 3894 975 3938 quorum
995 3883 1138 3927 vitae
1159 3894 1251 3926 seu
1269 3882 1520 3926 historiae
1541 3891 1574 3924 a
1601 3881 1808 3936 jesuitis
1844 3882 2075 3936 scriptae
2108 3889 2243 3934 sunt,
2282 3883 2477 3937 aliquid
2510 3883 2739 3926 scribere
2773 3889 2864 3927 aut
2894 3896 2987 3928 no·

513 3967 661 4001 scere
681 3957 906 4011 cupiunt.
929 3954 1118 4000 Eorum
1138 3955 1274 3999 enim
1312 3954 1560 4008 pecuniae
1591 3960 1645 3997 et
1679 3953 1847 3997 labori
1880 3963 2195 4009 magnopere
2216 3955 2501 3999 consulitur
2516 3987 2527 4008 ,
2550 3956 2673 3999 dum
2692 3963 2983 4006 monentur.

511 4040 596 4082 ne,
615 4028 660 4072 si
689 4039 872 4072 verum
902 4027 1161 4081 attingere
1207 4026 1388 4075 velint.
1423 4027 1695 4080 pecuniam
1729 4025 1973 4079 viresque
2010 4026 2206 4070 frustra
2238 4027 2497 4071 insumant
2532 4027 2583 4071 in
2618 4027 2989 4080 comparandis

513 4101 846 4155 legendisque
866 4109 998 4154 qnae
1014 4099 1238 4154 jesuitae
1257 4099 1533 4152 scripsere.
1555 4096 1656 4140 Sed
1685 4095 1760 4140 2.⁰
1781 4096 1952 4140 facilis
1984 4103 2083 4148 est,
2101 4109 2282 4142 verum
2302 4099 2555 4152 inglorius
2574 4107 2625 4142 et
2656 4099 2880 4154 ingenuo
2900 4100 2987 4143 ho-

511 4174 650 4218 mine
669 4174 932 4227 proboque
951 4173 1136 4216 critico
1155 4171 1244 4215 vix
1267 4171 1468 4225 dignus.
1503 4171 1684 4213 modus
1705 4180 1760 4213 se
1796 4179 1828 4212 a
1857 4169 2251 4214 difficultatibus
2280 4171 2587 4222 extricandi,
2618 4177 2769 4226 terga
2799 4173 2987 4216 adver-

511 4245 685 4296 sariis,
705 4250 797 4288 aut
819 4243 904 4297 qui
925 4242 1217 4287 adversarii
1237 4249 1503 4297 putantur,
1526 4247 1737 4284 vertere
1759 4242 1907 4294 quasi
1938 4241 2161 4294 indignis
2194 4242 2499 4296 quibuscum
2528 4253 2679 4287 arma
2708 4253 2986 4287 conseran-

513 4325 618 4360 tnr.
639 4315 746 4360 Res
763 4317 900 4360 enim
919 4322 996 4359 est
1018 4325 1118 4358 non
1137 4314 1414 4367 supercilio
1434 4313 1524 4357 sed
1543 4313 1748 4360 sincera
1779 4311 1897 4355 veri
1934 4312 2267 4368 sontiumque,
2298 4315 2481 4368 quibus
2512 4325 2691 4358 verum
2720 4315 2989 4365 hauritur,

515 4387 840 4443 expositione
859 4386 1082 4441 agenda.

593 4457 792 4503 Verum
817 4463 877 4502 ut
895 4457 965 4501 ad
984 4456 1252 4503 Oriandini
1276 4457 1630 4502 narrationem
1649 4459 1939 4514 redeamus;
1970 4460 2111 4504 aliud
2142 4459 2266 4504 nihil
2289 4459 2333 4502 is
2354 4457 2461 4511 egit
2491 4459 2589 4502 nisi
2620 4457 2985 4503 selectioribne

511 4530 689 4574 verbis
707 4529 1038 4585 politioriqne
1057 4532 1194 4586 stylo
1213 4538 1267 4574 et
1287 4530 1516 4575 breviori
1533 4531 1703 4584 spatio
1724 4532 1921 4584 eadem,
1946 4543 2076 4586 quae
2099 4531 2352 4575 Poiancus
2381 4531 2464 4574 hic
2500 4536 2732 4584 enarrat,
2756 4541 2989 4585 compre-

512 4602 758 4646 hendere.
779 4596 1032 4646 Polancns
1053 4607 1246 4654 autem,
1280 4611 1412 4656 quae
1439 4601 1666 4656 scripsit,
1689 4615 1752 4646 ex
1789 4603 2054 4647 Pelletarii
2092 4602 2284 4647 litteris
2318 4610 2371 4646 et
2412 4613 2477 4645 ex
2498 4602 2615 4646 aliis
2650 4601 2996 4646 monumentis

517 4673 712 4718 eodem.
733 4683 831 4727 quo
851 4682 940 4716 res
958 4672 1087 4716 haec
1121 4673 1396 4726 agebatur,
1431 4679 1660 4727 tempore
1695 4673 1947 4718 confectis
1979 4673 2313 4728 deprompsit:
2350 4683 2478 4726 quas
2504 4672 2713 4716 litteras
2740 4679 2792 4715 et
2822 4683 2997 4716 monu-

453 4781 460 4790 .
512 4753 691 4790 menta
708 4754 832 4798 prae
854 4745 1018 4787 oculis
1039 4745 1219 4788 habuit
1242 4743 1440 4788 Bartoii
1463 4743 1580 4787 dum
1602 4756 1748 4788 suam
1765 4778 1776 4798 ,
1808 4745 2019 4788 Poianci
2051 4744 2337 4788 narrationi
2370 4744 2572 4787 omnino
2605 4743 2841 4797 similem,
2872 4754 2994 4788 nar-

804 4834 884 4890 T.
921 4851 996 4889 iv.
2605 4831 2639 4886 6
