3742 5392
730 511 835 573 152
1084 554 1095 563 .
1657 511 1915 571 Canon.
1955 506 2109 568 Soc.
2151 506 2290 582 Jsss.

725 660 914 722 tibus
961 676 1103 721 non
1145 659 1596 722 mediocriter
1640 657 2043 738 praeditus,
2075 655 2198 737 qui
2241 652 2751 718 consuetudine
2789 662 3204 717 nostrorum

726 766 820 829 ad
851 766 1269 829 imitandum
1297 766 1490 828 vitae
1531 765 1932 828 institutum
1972 762 2323 825 adductus
2365 760 2625 824 fuerat.
2665 760 2812 824 Alii
2849 761 3064 823 etiam
3108 761 3206 823 ad

724 872 1155 936 Societatem
1183 883 1506 935 nostram
1536 889 1614 934 se
1643 888 1688 934 a
1717 870 2026 934 Domino
2056 868 2304 933 vocari
2332 868 2760 943 sentiebant,
2795 866 2915 948 qui
2956 877 3199 931 tamen

726 988 796 1042 et
826 979 898 1043 in
938 980 1191 1043 litteris
1233 988 1303 1042 et
1340 979 1413 1043 in
1458 978 1779 1041 doctrina
1814 987 2294 1041 maturescere
2345 976 2419 1039 in
2469 976 2733 1039 scholis
2759 973 3201 1051 sinebantur3

725 1098 871 1149 tam
898 1086 1077 1150 bene
1108 1085 1296 1149 enim
1326 1085 1525 1148 multi
1554 1102 1631 1147 se
1669 1084 2016 1163 gerebant
2040 1131 2055 1162 ,
2103 1092 2178 1145 ut
2207 1082 2379 1145 facti
2410 1081 2803 1161 poeniteret
2840 1090 3194 1160 parenteS,

726 1194 845 1273 qui
874 1208 1043 1255 suos
1071 1192 1252 1256 filios
1282 1211 1325 1255 a
1371 1192 1637 1255 scholis
1688 1189 2206 1267 subduxerant,
2261 1199 2333 1252 et
2375 1190 2718 1270 paulatim
2758 1206 2881 1251 eos
2911 1188 3200 1251 reduce·

727 1309 915 1379 rent,
971 1308 1041 1364 et
1080 1300 1421 1380 paulatim
1460 1299 1727 1364 nostris
1766 1297 2221 1361 reconciliari
2265 1296 2698 1360 viderentur.
2754 1296 2929 1359 Erat
2957 1304 3203 1359 autem

725 1407 835 1470 vir
866 1406 1152 1487 quidam
1203 1422 1509 1487 magnae
1554 1406 2026 1483 auctoritatiS,
2062 1405 2218 1484 qui,
2267 1420 2432 1467 curn
2461 1403 2548 1466 de
2592 1401 2951 1467 Societate
2979 1403 3210 1465 multa.

724 1531 968 1579 coram
1000 1514 1157 1578 aliis
1186 1513 1515 1592 dixisset,
1568 1513 1932 1576 fatebatur
1981 1511 2492 1592 gratulandum
2542 1527 2698 1573 esse
2751 1510 3030 1589 patriae
3059 1526 3208 1572 non

723 1620 1169 1685 mediocriter
1199 1616 1390 1701 quod
1419 1630 1568 1684 tam
1595 1629 1884 1683 strenue
1907 1617 2285 1681 Societatis
2314 1634 2534 1697 opera
2564 1619 3033 1680 excoleretur.

845 1726 985 1791 308.
1083 1725 1486 1791 Secundum
1530 1726 1921 1808 Jubilaeum
1976 1726 2112 1787 hoc
2165 1741 2353 1786 anno
2409 1740 2572 1787 cum
2624 1722 2712 1785 ab
2765 1722 2958 1786 Urbe
3009 1738 3202 1785 ema·

722 1844 965 1899 nasset
995 1844 1065 1897 et
1091 1834 1461 1898 Perusium
1492 1834 1842 1912 perlatum
1870 1841 2088 1909 esset,
2116 1838 2407 1911 propter
2437 1828 3049 1893 confirmationem
3093 1828 3191 1892 di·

724 1943 871 2006 vini
894 1941 1059 2005 doni
1087 1943 1159 2004 in
1188 1940 1495 2020 Angliae
1526 1940 1970 2017 reductione,
2003 1938 2444 2017 Prolegatu5‚
2495 1938 2616 2017 qui
2645 1954 2886 2001 rerum
2917 1946 3200 2000 nostra-

724 2066 880 2113 rum
906 2047 1555 2129 promovendarum
1578 2047 1936 2110 studiosus
1959 2056 2136 2125 erat,
2177 2045 2392 2108 etiam
2425 2046 2562 2108 hoc
2596 2044 2975 2124 posteriuS,
3021 2044 3206 2107 sicut

722 2170 793 2219 et
824 2156 1052 2235 priuS,
1100 2165 1345 2219 nostro
1385 2155 1457 2217 in
1490 2155 1749 2233 templo
1781 2152 2085 2217 obtineri
2115 2152 2372 2229 voluit;
2404 2161 2477 2214 et
2502 2152 2605 2216 ita
2633 2168 2760 2231 per
2789 2150 3199 2230 quindecim

722 2271 909 2325 totos
931 2263 1082 2326 dies
1108 2261 1331 2325 nostri
1356 2261 1765 2324 sacerdotes
1787 2260 2143 2324 interdum
2163 2260 2508 2340 impransi
2531 2258 2623 2321 ad
2647 2261 2943 2322 multam
2975 2274 3207 2339 usque

725 2378 1007 2432 noctem
1036 2368 1405 2431 audiendis
1433 2366 2000 2431 confessionibus
2023 2384 2185 2429 cum
2207 2366 2786 2446 praesentissimo
2811 2366 3200 2429 multarum

729 2476 1130 2538 animarum
1160 2474 1425 2537 auxilio
1456 2472 1904 2537 insistebant.

847 2581 987 2644 309.
1072 2581 1496 2645 Recesserat
1525 2581 1807 2661 quidem
1830 2578 1981 2659 Jam
2013 2597 2097 2644 eo
2120 2589 2438 2661 tempore
2461 2579 2754 2643 Perusio
2785 2578 2858 2643 Ρ.
2885 2580 3206 2663 Joannes

727 2687 981 2769 Niger,
1015 2706 1225 2769 quem
1254 2690 1469 2753 studii
1508 2688 1896 2767 theologici
1934 2688 2173 2769 gratia
2202 2688 2274 2751 in
2314 2686 2579 2751 Urbem
2622 2686 2696 2750 P.
2741 2686 3064 2765 Ignatius
3096 2702 3201 2749 re-

728 2804 1121 2860 vocaverat
1156 2796 1197 2875 ';
1230 2796 1355 2859 sed
1386 2794 1461 2857 P.
1496 2795 1826 2859 Andreas
1864 2794 2363 2872 Galvanellus,
2407 2810 2620 2877 quem
2656 2794 2976 2857 charitas
3013 2793 3202 2856 inde-

730 2902 996 2968 fessum
1025 2913 1174 2966 tum
1196 2903 1268 2965 in
1293 2902 1783 2966 concionando
1801 2914 1954 2965 tum
1975 2902 2046 2965 in
2073 2902 2634 2966 confessionibus
2657 2900 3029 2964 audiendis
3049 2899 3207 2963 red·

730 3009 972 3088 debat,
1006 3009 1214 3073 facile
1252 3011 1486 3073 locum
1516 3010 1701 3073 illius
1740 3010 2146 3091 supplebat;
2179 3018 2250 3073 et
2300 3009 2629 3089 quamvis
2659 3009 2776 3071 ille
2817 3006 3205 3088 aliquando

731 3126 837 3181 ter
867 3117 1115 3181 eodem
1146 3117 1257 3180 die
1288 3118 1879 3197 concionabatur,
1915 3118 2064 3194 hic,
2097 3118 2158 3179 si
2183 3134 2362 3196 opus
2391 3127 2611 3193 esset,
2637 3115 2921 3196 saepius
2953 3114 3206 3179 eodem

730 3224 843 3288 die
877 3224 1288 3288 concionari
1317 3233 1613 3305 paratus
1644 3233 1801 3287 erat
1820 3222 1868 3288 ⁸.

851 3331 993 3396 310.
1081 3330 1237 3394 Hoc
1287 3348 1463 3413 ergo
1512 3341 1832 3413 tempore
1875 3330 2162 3412 iubilaei
2215 3332 2288 3396 in
2316 3330 2840 3412 poenitentibus
2863 3328 3204 3411 juvandis

734 3456 981 3501 omnes
1033 3455 1297 3502 nervos
1346 3440 1574 3502 nostri
1624 3437 2159 3518 impendebant3
2193 3448 2261 3501 et
2312 3438 2552 3519 aliqui,
2584 3438 2704 3517 qui
2739 3438 2888 3515 vix,
2923 3446 3208 3517 praeter

732 3562 1011 3622 nomen,
1031 3545 1405 3609 christiani
1422 3545 1728 3608 hominis
1750 3544 2129 3625 quicquam
2151 3560 2325 3624 prae
2341 3562 2418 3607 se
2435 3542 2778 3623 ferebant,
2805 3544 2878 3607 in
2894 3541 3204 3606 Domino

733 3650 953 3730 adjuti
981 3652 1285 3716 fuerunt.
1318 3651 1509 3716 Dum
1548 3662 1785 3714 autem
1834 3650 2148 3731 cujusvis
2199 3650 2626 3715 conditionis
2675 3651 3000 3715 homines
3037 3661 3208 3713 tem·

733 3762 930 3837 plum
960 3766 1285 3822 nostrum
1331 3758 1445 3822 his
1492 3757 1739 3821 diebus
1782 3757 2186 3836 visitarent,
2241 3757 2530 3838 quidam
2577 3776 2668 3821 ex
2711 3757 3204 3820 sacerdotibus

738 3864 1140 3944 conspexit,
1175 3865 1360 3929 inter
1387 3865 1569 3928 alios
1590 3912 1604 3941 ,
1640 3864 1832 3928 vitae
1881 3882 2136 3945 parum
2177 3864 2522 3929 honestae
2565 3864 2961 3941 mulierem,
2995 3880 3214 3943 quam

734 3971 1160 4033 accersitam
1191 3971 1354 4051 (nec
1384 3971 1572 4035 enim
1599 3972 1719 4034 illa
1750 3980 2004 4051 sponte
2036 3971 2477 4049 accesserat)
2519 3988 2661 4035 non
2701 3970 2899 4051 prius
2929 3987 3020 4033 ex
3049 3971 3208 4034 loco

825 4247 837 4277 ⁸
898 4246 1033 4293 Vide
1054 4257 1214 4301 snpra
1228 4278 1239 4300 ,
1260 4257 1381 4301 pag.
1404 4245 1497 4298 150,
1520 4256 1572 4287 n.
1590 4244 1689 4297 ³06,
1710 4252 1886 4290 annot.
1907 4246 2226 4300 ⁴.-Propter
2244 4246 2524 4290 adversam
2544 4252 2719 4291 tamen
2739 4248 3095 4292 valetudinem
3113 4258 3216 4291 non

736 4318 908 4373 potuit
929 4318 988 4361 P.
1009 4318 1231 4371 Joannes
1257 4316 1417 4371 Niger
1437 4316 1631 4361 diutius
1664 4318 1884 4362 haerere
1907 4316 2126 4367 Romae.
2147 4316 2238 4360 sed
2267 4322 2391 4361 ante
2423 4317 2574 4373 hujus
2597 4319 2716 4362 anni
2739 4316 2891 4363 finem
2912 4317 3216 4363 Ferrariam

736 4390 803 4435 ad
828 4389 881 4433 P.
903 4389 1239 4435 Pelletnrium
1258 4388 1445 4433 missus
1464 4388 1560 4433 fuit
1574 4420 1585 4436 .
1604 4395 1662 4433 nt
1682 4391 1884 4433 eruitur
1903 4400 1969 4433 ex
1997 4389 2192 4432 litteris
2211 4389 2510 4443 patentibus
2529 4400 2620 4434 seu
2641 4390 2994 4444 obedientiae,
3016 4401 3147 4446 qun
3165 4389 3216 4432 ei

740 4460 1013 4517 Polaticus,
1034 4474 1100 4505 ex
1120 4472 1271 4511 com„
1290 4461 1430 4505 dedit
1448 4461 1505 4504 24
1524 4460 1654 4504 Nov.
1677 4460 1811 4504 Eum
1839 4466 2018 4505 autem
2035 4460 2401 4515 comitabatur,
2424 4463 2573 4517 eique
2592 4463 2644 4505 in
2673 4462 2860 4507 itinere
2892 4463 3214 4507 inserviebat

738 4534 904 4578 frater
925 4534 1138 4589 quidam
1158 4535 1358 4577 nomine
1378 4531 1645 4576 Melchior.
2859 4561 2873 4583 ,

819 4610 841 4636 ²¹
897 4604 973 4649 De
994 4606 1091 4651 hoc
1113 4612 1284 4650 tamen
1306 4605 1396 4657 sic,
1418 4614 1487 4647 ex
1506 4614 1655 4655 com..
1675 4606 1942 4651 scribebat
1963 4604 2220 4649 Polaticus
2241 4603 2424 4649 eadem
2444 4604 2524 4648 dle
2549 4604 2694 4649 Patri
2715 4606 2991 4651 Evernrdo
3010 4603 3208 4649 Meren—

733 4678 899 4722 riano:
919 4678 1103 4723 “Circa
1120 4678 1159 4722 il
1192 4677 1248 4721 P.
1270 4676 1383 4719 Don
1408 4675 1635 4729 Andrea,
1656 4675 1722 4721 V.
1746 4676 1806 4721 R.
1828 4676 1863 4720 u
1888 4675 2056 4721 faccia
2077 4676 2289 4731 leggere
2329 4676 2480 4719 buoni
2504 4677 2674 4720 autori
2697 4687 2725 4719 e
2755 4677 2998 4730 predicar
3017 4678 3068 4719 ln
3097 4676 3210 4719 loro

734 4750 969 4795 dottrina
990 4760 1019 4793 e
1042 4760 1141 4794 non
1164 4751 1215 4793 la
1238 4760 1377 4801 sua.„
