3742 5392
731 512 843 572 614
1651 510 1908 571 Canon.
1949 508 2102 572 Soc.
2139 510 2281 586 Jns.

735 658 874 721 duo
905 674 996 721 ex
1023 656 1287 721 nostris
1315 656 1803 722 sacerdotibus
1831 656 2320 735 morabantur,
2339 659 2850 739 perverterint,
2882 658 3089 722 indos
3109 659 3211 721 ad

737 763 1049 828 hostium
1097 779 1347 827 necem
1394 778 1779 843 eorumque
1817 762 2142 828 carnium
2178 764 2712 830 devorationem
2755 764 3200 843 inducerent;

736 878 1194 953 quapropter,
1214 886 1377 935 cum
1392 870 1483 933 ab
1506 869 1619 934 his
1640 868 2018 951 depravati
2035 871 2303 935 nollent
2317 880 2724 937 nostrorum
2747 871 3204 953 acquiescere

737 978 1075 1059 consiliiS,
1106 976 1359 1041 Patres
1385 976 1485 1041 illi
1515 976 1851 1041 recedere
1879 977 1974 1041 ab
2001 976 2105 1041 eis
2133 978 2366 1043 coacti
2396 988 2584 1043 sunt.

862 1083 1039 1149 1302.
1124 1082 1328 1149 Unus
1378 1092 1617 1148 autem
1656 1100 1904 1148 eorum
1946 1102 2110 1150 cum
2149 1085 2290 1150 alio
2341 1084 2650 1167 quodam
2691 1084 2914 1149 fratre
2957 1094 3214 1149 nostro

738 1193 861 1258 diu
890 1192 1392 1274 peregrinatus
1419 1200 1529 1256 est
1554 1208 1717 1255 cum
1746 1208 2012 1272 magno
2055 1193 2334 1268 labore,
2375 1192 2564 1257 fame
2603 1209 2688 1257 ac
2733 1192 3001 1273 frigore
3044 1208 3202 1272 pro-

735 1310 896 1381 pter
939 1299 1410 1381 quorumdam
1447 1300 2035 1380 redemptionem,
2081 1300 2202 1381 qui
2241 1300 2510 1382 captivi
2549 1312 2626 1364 ut
2666 1300 3204 1365 comederentur

739 1406 1195 1471 tenebantur:
1249 1406 1530 1471 rediens
1574 1405 1855 1487 deinde,
1892 1405 1984 1470 ad
2011 1406 2570 1488 praedicandum
2607 1406 3015 1472 christianis
3043 1406 3206 1470 mis·-

740 1530 861 1578 sus
890 1523 1030 1577 est:
1067 1530 1333 1578 annum
1360 1514 1722 1594 integrum
1758 1514 1944 1579 inter
1980 1513 2327 1579 barbaros
2363 1514 2525 1579 illos
2567 1512 2937 1578 doctrinae
2976 1522 3048 1577 et
3087 1530 3208 1577 ex-

740 1621 1127 1685 hortationi
1156 1616 1502 1685 instantes
1524 1630 2138 1703 consumpserant;
2164 1619 2290 1685 sed
2319 1621 2693 1700 malorum,
2719 1630 2796 1685 ut
2822 1620 2994 1699 dixi,
3019 1620 3202 1683 chri·

742 1728 1134 1793 stianorum
1163 1728 1611 1793 suasionibus
1638 1726 1918 1809 pejores
1945 1728 2046 1794 illi
2073 1744 2288 1810 quam
2317 1737 2529 1793 antea
2562 1726 2818 1808 effecti,
2853 1746 2895 1791 a
2925 1726 3218 1792 Christo

741 1836 1075 1901 facillime
1097 1846 1570 1901 recesserunt.

867 1941 1044 2007 1303.
1129 1941 1236 2007 Illi
1251 1953 1490 2007 autem
1510 1942 1816 2007 ministri
1835 1941 2149 2008 Satanae
2169 1944 2382 2007 etiam
2405 1958 2553 2023 εοε,
2581 1944 2700 2025 qui
2717 1943 3143 2046 baptismum
3164 1958 3210 2006 a

745 2050 1010 2115 nostris
1048 2059 1472 2131 acceperant
1514 2051 1722 2129 (nam
1757 2050 1861 2128 hi,
1907 2050 1994 2115 de
2035 2050 2290 2131 quibus
2327 2051 2442 2131 egi
2463 2098 2478 2128 ,
2521 2050 3016 2114 catechumeni
3058 2060 3208 2113 tan-

747 2167 898 2221 tum
928 2155 1179 2235 erant),
1212 2158 1541 2237 exemplo
1568 2156 1920 2237 pessimae
1959 2157 2153 2221 vitae
2189 2166 2261 2220 et
2299 2156 2711 2221 morborum
2743 2174 3021 2220 veneno
3061 2155 3209 2220 infi-

749 2280 917 2328 cere
952 2273 1022 2329 et
1065 2281 1107 2327 a
1146 2262 1411 2327 nostris
1450 2262 1804 2327 abducere
1842 2264 2223 2343 curabant3
2266 2280 2428 2328 cum
2463 2264 2655 2328 enim
2693 2263 2955 2328 bellum
2992 2264 3210 2327 maxi-

750 2386 945 2435 mum
966 2370 1039 2434 in
1062 2370 1303 2433 hostes
1324 2369 1672 2450 quosdam
1694 2374 2092 2451 pararetur,
2121 2386 2368 2435 omnes
2390 2370 2514 2435 alii
2535 2370 2837 2435 aliorum
2859 2384 3220 2450 pagorum

750 2478 897 2542 indi
928 2476 1341 2557 convocati,
1374 2477 1446 2541 hi
1476 2477 1609 2541 soli
1636 2477 1946 2557 neglecti
1985 2488 2181 2557 sunt,
2224 2486 2300 2542 ut
2343 2478 2465 2559 qui
2487 2477 2636 2559 J‘am
2674 2493 2816 2542 non
2863 2478 3000 2541 viri
3023 2526 3038 2556 ,
3085 2477 3214 2541 sed

747 2584 1100 2649 foeminae
1129 2583 1364 2649 effecti
1393 2594 1652 2663 essent,
1686 2586 1852 2649 dum
1891 2593 2301 2649 nostrorum
2337 2584 2626 2649 monitis
2667 2594 2739 2649 et
2775 2584 3092 2649 moribus
3134 2598 3214 2647 se

747 2691 1317 2771 conformarent3
1358 2706 1521 2756 cum
1560 2700 1797 2756 autem
1842 2691 2032 2772 apud
2071 2708 2194 2756 eos
2238 2692 2312 2756 in
2351 2690 2763 2757 fortitudine
2805 2691 3218 2757 felicitatem

748 2816 905 2864 esse
933 2799 1241 2882 positam
1270 2798 1742 2875 existimetur,
1776 2800 1970 2862 nulla
1999 2798 2330 2863 machina
2357 2799 2634 2863 moveri
2661 2807 2942 2879 poterat
2970 2803 3218 2878 poten-

757 2908 897 2971 tior
926 2905 1017 2971 ad
1046 2922 1171 2971 eos
1200 2904 1679 2970 deturbandos
1707 2922 1921 2986 quam
1951 2906 2088 2971 hac
2119 2905 2510 2985 ignominia
2537 2922 2662 2970 eos
2693 2902 2975 2970 afficere
3009 2904 3052 2965 ¹.

883 3012 1058 3077 1304.
1145 3012 1382 3077 Illuxit
1412 3020 1651 3075 autem
1674 3013 1910 3091 gratia
1941 3010 2076 3076 Dei
2097 3012 2168 3075 in
2200 3012 2440 3094 populi
2467 3010 2950 3093 Piratiningae
2979 3011 3210 3093 capite

752 3123 868 3187 vel
895 3121 1101 3201 duce,
1132 3118 1253 3201 qui
1282 3118 1523 3183 statim
1560 3117 1740 3182 haec
1776 3119 2040 3183 nostris
2076 3118 2342 3199 retulit,
2388 3135 2521 3183 nec
2565 3134 3001 3200 magnopere
3039 3116 3220 3197 inju-

636 3278 643 3283 .
754 3230 936 3294 riam
966 3229 1158 3293 illam
1184 3226 1498 3303 curavit,
1524 3243 1735 3307 quem
1757 3216 2156 3307 mart-§rrum
2178 3228 2503 3307 exemplo
2526 3226 2752 3291 nostri
2777 3226 3206 3303 animarunt,

756 3336 882 3401 sed
911 3351 1139 3416 genus
1175 3332 1347 3398 illud
1378 3332 1743 3397 hominum
1772 3332 2394 3413 corruptissimum
2425 3334 2894 3408 (mamelucos
2920 3342 3217 3409 vocant,

762 3444 1033 3507 scilicet
1088 3459 1180 3505 ex
1236 3438 1541 3504 lusitano
1599 3449 1805 3519 patre
1857 3449 1930 3504 et
1977 3439 2381 3504 brasiliensi
2429 3449 2658 3504 matre
2707 3441 2949 3514 natos)
3002 3438 3232 3502 etiam·

764 3550 1134 3627 lusitanos,
1166 3548 1229 3611 si
1258 3564 1399 3627 qua
1428 3545 1705 3610 ratione
1735 3547 2173 3627 potuissent,
2207 3564 2251 3611 a
2280 3545 2674 3611 christiana
2717 3545 2852 3611 fide
2892 3556 3224 3610 avertere

758 3658 1183 3735 voluissent;
1216 3653 1551 3717 nolebant
1579 3654 1767 3719 enim
1802 3654 2218 3734 permittere
2253 3663 2332 3718 ut
2373 3652 2451 3717 P.
2493 3652 2832 3732 Nobrega
2876 3654 3224 3735 populum

760 3763 1158 3845 quemdam,
1190 3761 1310 3824 ubi
1354 3760 1490 3841 ipsi
1524 3760 1908 3824 manebant
1947 3754 2159 3824 simul
2199 3775 2362 3825 cum
2401 3760 2757 3839 lusitaniS,
2803 3760 2897 3825 ad
2943 3758 3216 3841 praedi-

761 3870 1067 3935 candum
1089 3869 1248 3948 illis,
1274 3867 1527 3949 quibus
1552 3867 1798 3931 solitus
1820 3877 1998 3947 erat,
2019 3866 2415 3946 accederet,
2437 3877 2506 3932 et
2528 3867 2979 3931 minabantur
2999 3876 3226 3947 usque

762 3974 967 4055 ade0,
996 3982 1074 4037 ut
1103 3973 1316 4037 etiam
1345 3974 1481 4055 ipsi
1508 3974 1834 4052 lusitani,
1866 3972 2103 4039 Patris
2142 3972 2294 4055 ejus
2331 3974 2522 4041 vitae
2563 3975 3046 4054 consulenteS,
3077 3990 3230 4037 ma-

764 4326 1001 4371 cniturae
1020 4326 1365 4370 lusitanorum
1386 4323 1601 4374 relictis,
1619 4322 1867 4367 interiore
1885 4323 1936 4368 in
1955 4328 2135 4368 tractu
2146 4324 2403 4379 geminam
2419 4325 2594 4368 sedem
2607 4324 2832 4369 instituit
2855 4323 2929 4378 [P.
2947 4322 3229 4378 Nobregnl,

764 4398 989 4442 alteram
1007 4394 1309 4449 Manicobae
1330 4394 1411 4448 [de
1434 4404 1537 4448 qua
1554 4393 1637 4436 hic
1661 4394 1776 4448 agit
1797 4392 2082 4447 Focaneus]
2105 4394 2283 4439 leucas
2296 4403 2329 4438 ι
2345 4394 2478 4439 mari
2498 4394 2710 4439 circiter
2727 4394 3118 4450 qninquaginta,
3137 4394 3226 4437 ubi

766 4468 1071 4514 Vincentius
1092 4466 1395 4511 Rodericins
1416 4472 1469 4509 et
1490 4464 1801 4509 Franciscus
1830 4464 2040 4509 Pettius
2061 4466 2366 4510 sacerdotes
2394 4476 2512 4511 cum
2545 4466 2760 4510 totidem
2792 4465 3045 4510 fratribun
3073 4464 3230 4509 collo·

763 4541 890 4595 cati,
910 4538 1167 4594 Gregorio
1186 4536 1415 4583 Serrano
1432 4547 1625 4591 pueros
1642 4538 1902 4581 elementa
1921 4546 2122 4592 qnoque
2140 4537 2439 4582 litterarum
2454 4539 2688 4585 docente.
2706 4540 2930 4582 aiteram
2951 4536 3227 4582 Pirntinin·

763 4621 882 4664 με,
913 4620 1045 4664 quae
1067 4608 1290 4662 ampliu·
1318 4606 1694 4652 incrementum
1728 4606 2172 4661 accepit.„-vide
2192 4607 2352 4652 etiam
2379 4606 2794 4659 vascosanus.
2821 4614 2903 4664 op.
2933 4606 3160 4659 cit.‚iib.
3189 4618 3234 4657 ι,

764 4693 815 4727 n.
846 4680 945 4726 1⁶³.

846 4754 869 4787 ¹
926 4752 1150 4797 Uberius
1170 4752 1233 4795 de
1254 4751 1335 4795 hio
1354 4752 1508 4795 reba·
1530 4750 1945 4805 Vasconcantos,
1967 4750 2063 4795 loc.
2085 4751 2174 4795 cit.
2197 4758 2250 4795 et
2269 4762 2376 4805 seq.
