3742 5392
1655 474 1784 534 ΑΝ.
1829 474 1969 535 155⁴
2946 479 3059 537 463

574 630 826 703 aperte
857 622 1138 685 dixerat
1180 622 1360 685 velle
1392 638 1468 685 se
1498 629 1575 686 ut
1605 622 1724 701 qui
1754 639 1844 684 ex
1888 622 2151 685 nostris
2194 622 2267 685 in
2310 623 2613 704 populos
2655 624 2766 688 sui
2805 623 3057 689 Archi·

581 728 1032 810 episcopatus
1063 736 1266 791 erant
1296 728 1711 807 ingressuri,
1747 744 1877 792 sua
1900 745 2064 791 cum
2088 730 2514 793 auctoritate
2536 738 2607 793 et
2636 731 2727 794 ab
2756 732 2911 812 ipso
2942 749 3055 795 co·

571 835 761 916 gniti
789 836 1370 915 ingrederentur;
1403 844 1472 898 et
1503 836 1680 899 satis
1725 834 2263 914 significaverat
2305 853 2383 899 se
2412 838 2777 901 decretum
2823 856 3052 918 suum,

573 942 766 1023 quod
815 942 888 1005 in
934 941 1280 1006 Toletana
1327 942 1634 1010 ecclesia
1685 942 2223 1023 impetraverat,
2278 943 2539 1008 ibidem
2588 945 2771 1008 velle
2824 946 3058 1031 obser-

584 1049 747 1113 vari
781 1048 821 1108 ¹.

697 1154 842 1219 989.
927 1155 1406 1221 Concionatus
1420 1164 1527 1219 est
1541 1156 1804 1220 ibidem
1819 1154 2031 1219 Pater
2053 1157 2339 1238 quidam
2363 1176 2453 1222 ex
2476 1161 2767 1239 nostriS,
2796 1178 3052 1241 cogno—

581 1264 770 1327 mine
793 1263 1008 1327 Avila
1029 1269 1074 1343 ⁸,
1103 1264 1222 1345 qui
1247 1282 1336 1328 ex
1363 1264 1499 1327 illis
1525 1272 1830 1344 quatuor
1846 1272 2022 1343 erat,
2043 1282 2219 1344 quos
2236 1262 2671 1330 Salmantica
2691 1266 2765 1331 P.
2791 1266 3057 1333 Torres

581 1370 658 1433 in
670 1368 1037 1434 Baeticam
1051 1370 1468 1434 adducebat.
1490 1370 1688 1434 Vidit
1709 1370 1925 1433 etiam
1950 1371 2235 1435 domum
2259 1373 2558 1453 collegio
2582 1374 3051 1453 designatam,

581 1477 702 1540 ubi
737 1477 942 1558 pueri
981 1478 1452 1558 docebantur,
1493 1495 1674 1558 quae
1715 1478 1977 1557 exigua
2027 1487 2213 1558 erat,
2256 1479 2381 1542 sed
2418 1480 2634 1545 situm
2677 1483 3055 1563 quemdam

581 1584 888 1647 babebat
917 1583 1371 1665 conjunctum
1411 1602 1572 1649 cum
1602 1585 1866 1647 sacello
1910 1584 2221 1665 quodam
2239 1634 2254 1664 ,
2288 1587 2476 1667 quod
2505 1588 2597 1651 ad
2626 1588 3053 1669 Magistrum

579 1690 852 1757 ordinis
888 1691 1318 1756 Calatravae
1358 1692 1794 1773 pertinebat,
1829 1700 1902 1755 et
1938 1692 2034 1755 ibi
2065 1692 2465 1757 aedificium
2508 1694 2862 1760 sufficiens
2898 1696 3054 1760 fieri

575 1807 861 1878 poterat
889 1808 961 1862 et
986 1799 1125 1864 hoc
1147 1799 1530 1879 impetrare
1558 1798 1767 1862 facile
1812 1807 2096 1879 poterat
2136 1817 2179 1862 a
2225 1798 2552 1882 Principe
2597 1805 2714 1865 vel
2764 1804 2854 1866 ab
2901 1802 3055 1884 ejus

579 1922 827 1969 sorore
857 1904 1401 1985 Gubernatrice,
1435 1923 1598 1969 cum
1625 1904 1782 1970 Rex
1811 1906 2203 1986 Hispaniae
2245 1906 2588 1988 Magister
2638 1910 2731 1973 sit
2781 1911 3052 1975 ordinis

576 2011 1008 2077 Calatravae
1039 2011 1084 2092 3;
1119 2013 1332 2076 immo
1352 2013 1688 2093 sperabat
1717 2030 1860 2075 non
1889 2012 2166 2077 difficile
2191 2013 2342 2077 fore
2368 2023 2446 2079 ut
2469 2016 2702 2096 ipsam
2731 2017 3045 2097 domum,

577 2136 763 2201 quae
791 2120 1119 2199 Magistri
1148 2121 1418 2184 ordinis
1447 2120 1701 2198 fuerat,
1737 2120 1828 2183 ad
1857 2120 1995 2184 hoc
2026 2137 2203 2201 opus
2234 2122 2759 2202 impetraretur.

695 2225 838 2289 990.
923 2227 1235 2291 Ulterius
1285 2243 1710 2308 progressus
1760 2226 2168 2291 Cordubam
2217 2245 2512 2308 versuS,
2567 2230 2643 2294 P.
2697 2232 3050 2315 joannem

569 2332 938 2397 Gonzalez
962 2333 1270 2414 quodam
1293 2334 1366 2397 in
1391 2335 1547 2396 loco
1574 2314 1807 2414 (quem
1847 2333 2092 2397 Visum
2116 2346 2381 2399 vocant
2398 2336 2445 2414 ⁴)
2470 2338 2761 2418 invenit,
2790 2348 2858 2403 et
2881 2338 3053 2403 Gra-

577 2451 821 2507 natam
847 2458 1010 2505 eum
1038 2441 1258 2518 misit,
1293 2450 1443 2504 tum
1479 2450 1555 2504 ut
1584 2441 1995 2521 pensionem
2034 2443 2417 2521 quamdam
2456 2456 2913 2525 recuperaret
2957 2448 3049 2512 ab

575 2546 1168 2628 ArchiepiscopO,
1221 2556 1699 2611 trecentorum
1748 2548 2020 2611 scilicet
2066 2549 2523 2631 ducatorum,
2581 2570 2796 2633 quam
2849 2552 3053 2618 Patri

661 2934 678 2967 ¹
735 2935 916 2980 Sermo
947 2944 1028 2980 est
1051 2938 1113 2979 de
1145 2936 1372 2979 Decreto
1395 2936 1461 2979 ab
1483 2933 1894 2989 Archiepiscopo
1922 2935 2191 2989 Toletano,
2212 2934 2409 2988 Joanne
2428 2936 2680 2981 Martinez
2709 2935 2913 2989 Siliceo,
2931 2948 3049 2993 pro-

571 3010 827 3063 mulcato.
853 3018 952 3063 quo
984 3009 1274 3052 cavebatur
1296 3018 1356 3050 ne
1378 3007 1492 3062 quis
1523 3008 1577 3051 in
1596 3006 1903 3051 cathedrale
1924 3018 2019 3051 nec
2042 3008 2092 3050 in
2126 3008 2259 3051 alius
2282 3008 2536 3052 ecclesiae
2571 3010 2623 3051 in
2642 3007 2894 3053 Toletana
2914 3008 3050 3053 dioe-

577 3081 682 3124 cesi
705 3080 990 3133 capitulum
1011 3080 1415 3132 adscriberetur,
1437 3078 1521 3132 qui
1553 3090 1619 3122 ex
1643 3078 1955 3131 iudaeorum
1972 3084 2064 3122 aut
2094 3090 2465 3123 saracenorum
2494 3090 2685 3134 genere
2706 3086 2879 3125 ortum
2899 3080 3051 3123 duce-

577 3158 678 3195 ret.
705 3152 798 3195 “El
829 3161 955 3205 puso
985 3162 1048 3195 en
1071 3151 1222 3205 vigor
1243 3152 1294 3195 la
1315 3150 1590 3204 disciplina
1609 3149 1955 3203 eclesiastica
1980 3150 2237 3204 introdujo
2258 3152 2308 3194 el
2328 3150 2576 3195 Estatuto
2597 3162 2695 3205 que
2714 3154 2835 3206 aqui
2857 3153 3051 3195 llaman

576 3224 672 3276 (de
704 3223 974 3277 limpieza)
994 3255 1005 3275 ,
1035 3233 1168 3276 para
1201 3233 1298 3276 que
1330 3222 1452 3266 todo
1485 3221 1817 3276 prebendado
1848 3222 1983 3265 deba
2002 3228 2280 3276 presentar
2299 3224 2451 3267 antes
2488 3222 2549 3265 de
2588 3227 2757 3266 tomar
2795 3223 3049 3277 posesion,

577 3294 979 3339 informaciones
1001 3306 1036 3350 y
1056 3294 1287 3349 pruebas
1325 3293 1386 3337 de
1421 3293 1664 3346 limpieza
1698 3293 1761 3335 de
1790 3303 2009 3347 sangre.
2039 3303 2169 3347 pues
2199 3292 2357 3337 habia
2390 3294 2575 3337 mucho
2608 3297 2771 3337 abuso
2803 3306 2867 3337 en
2896 3300 3053 3347 esto...

579 3366 784 3420 Panno,
815 3364 1006 3408 Toledo
1028 3372 1093 3408 en
1115 3364 1169 3408 la
1209 3362 1732 3419 mano.-Biograsia
1760 3364 2097 3408 eclesiastica
2120 3363 2405 3417 completa,
2425 3370 2463 3407 t.
2485 3375 2597 3417 xm,
2620 3375 2743 3419 pag.
2764 3365 2861 3409 ³61.

657 3436 942 3483 Decretum
961 3438 1058 3481 hoc
1081 3448 1170 3481 seu
1194 3436 1472 3479 statutum
1495 3444 1762 3479 auctorem
1783 3436 2007 3491 primum
2026 3435 2269 3479 habuisse
2294 3436 2499 3480 videtur
2516 3435 2605 3481 Fr.
2620 3436 2872 3488 Joannem
2888 3438 3054 3481 Alva-

577 3520 665 3553 rez
699 3510 762 3553 de
782 3508 991 3563 Toledo,
1015 3508 1374 3563 cardinalem,
1408 3507 1466 3551 Ο.
1489 3508 1538 3553 S.
1562 3507 1644 3561 D..
1676 3510 2120 3563 promulgatorem
2142 3518 2269 3551 vero
2303 3508 2470 3562 ipsum
2500 3507 2743 3553 Carolum
2763 3508 2832 3553 V.
2859 3508 2966 3553 Nec
3000 3508 3053 3553 in

576 3580 883 3626 Toletanam
912 3581 1190 3625 ecclesiam
1210 3586 1416 3624 tantum
1435 3580 1698 3624 inductum
1717 3579 1807 3623 sed
1829 3580 1881 3623 in
1901 3580 2037 3623 alias
2070 3590 2164 3633 per
2191 3586 2360 3624 totam
2382 3578 2687 3635 Hispaniam
2708 3588 2759 3624 et
2782 3580 2991 3625 tandem
3022 3593 3055 3624 a

577 3652 739 3696 Paulo
769 3652 843 3695 lv
863 3663 956 3707 pro
989 3652 1250 3697 universis
1284 3652 1646 3707 approbatum.
1675 3650 1769 3695 “El
1789 3649 2042 3694 Pontifice
2073 3650 2237 3694 Paulo
2269 3650 2345 3693 IV
2367 3651 2615 3695 confirmo
2636 3652 2683 3695 el
2713 3652 2967 3696 Estatuto
2991 3651 3053 3695 de

578 3724 816 3779 limpieza
835 3728 868 3767 a
887 3724 1064 3769 veinte
1092 3737 1127 3781 y
1147 3723 1250 3767 seis
1283 3726 1343 3768 de
1376 3722 1527 3777 Mayo
1549 3723 1610 3767 de
1633 3728 1744 3767 este
1777 3725 1878 3767 ailo
1911 3723 1973 3767 de
2004 3723 2281 3767 cincuenta
2308 3736 2343 3780 y
2365 3723 2527 3767 cinco:
2564 3735 2767 3777 uunque
2804 3735 2859 3769 se
2895 3725 3055 3769 habia

577 3796 868 3840 observatio
889 3799 1017 3841 anos
1037 3800 1188 3840 antes
1219 3808 1314 3850 por
1334 3796 1545 3840 decreto
1567 3795 1650 3839 del
1670 3794 1999 3851 Emperador
2018 3808 2053 3851 y
2074 3794 2348 3838 solicitado
2369 3806 2463 3839 con
2497 3801 2676 3839 cartas
2696 3807 2854 3853 suyas
2877 3808 2975 3851 que
3007 3798 3053 3840 le

577 3868 832 3921 aprobase
854 3868 902 3911 el
918 3868 1082 3922 Papa,
1107 3878 1172 3911 no
1193 3878 1248 3911 se
1268 3868 1426 3911 habia
1445 3867 1631 3921 podido
1651 3865 1926 3920 consegulr
1943 3867 2101 3910 hasta
2124 3866 2301 3921 ahora,
2323 3877 2420 3920 que
2444 3870 2476 3910 a
2497 3866 2783 3911 instancias
2803 3868 2887 3911 del
2909 3866 3055 3911 Obis-

570 3950 642 3993 po
661 3952 698 3997 y
719 3938 951 3992 Cabildo,
971 3938 1176 3983 solicito
1205 3940 1255 3982 la
1287 3937 1652 3982 confirmacion
1686 3939 1734 3980 el
1766 3937 2027 3981 Cardenal
2059 3936 2171 3981 Dou
2202 3937 2290 3981 Fr.
2313 3937 2445 3991 Juan
2468 3939 2531 3982 de
2550 3938 2762 3991 Toledo,
2784 3950 2844 3982 su
2877 3944 3051 3995 autor,

575 4023 674 4066 que
695 4022 752 4055 se
773 4012 916 4056 hallo
935 4023 998 4054 en
1017 4013 1070 4055 la
1089 4011 1320 4055 eleccion
1339 4011 1403 4054 de
1423 4018 1534 4053 este
1555 4010 1816 4053 Pontlfice.
1835 4009 1902 4053 El
1923 4009 2114 4064 obispo
2135 4019 2261 4053 tuvo
2281 4010 2759 4065 anticipadamente
2780 4012 2831 4054 la
2854 4011 3049 4055 noticia

578 4082 642 4127 de
669 4082 834 4128 haber
854 4083 1021 4127 hecho
1041 4084 1089 4127 el
1109 4084 1256 4138 Papa
1291 4084 1344 4127 la
1377 4082 1560 4136 gracia
1589 4095 1624 4138 y
1647 4084 1698 4126 la
1718 4080 1979 4138 participo
1998 4083 2052 4125 al
2074 4080 2287 4125 Cabildo
2308 4092 2405 4126 con
2436 4093 2569 4137 gran
2598 4088 2755 4137 gusto
2789 4082 2851 4125 de
2884 4082 3052 4133 todoS.

579 4165 676 4210 por
701 4167 798 4199 ver
816 4156 1035 4206 logrado
1053 4157 1104 4199 lo
1125 4166 1221 4210 que
1253 4154 1445 4199 habian
1466 4154 1690 4198 deseado
1713 4166 1808 4199 con
1841 4154 1991 4198 ansia
2022 4165 2114 4208 por
2140 4154 2453 4198 veinticinco
2474 4157 2602 4199 anos
2634 4156 3055 4209 antecedentes...

579 4227 757 4271 Gonsz
785 4226 985 4281 Baavo,
1011 4228 1235 4282 obispos
1254 4228 1322 4270 de
1344 4226 1595 4280 Cdrdoba,
1612 4228 1702 4271 lib.
1725 4238 1798 4280 xv,
1821 4238 1937 4281 cap.
1960 4228 2000 4270 1.

662 4301 686 4333 ἱ
741 4301 818 4353 Ρ.,
842 4306 960 4343 tunc
984 4300 1230 4353 temporis
1253 4300 1566 4353 Amnon-sus,
1589 4303 1774 4355 postea
1797 4298 2045 4349 Basilius,
2069 4298 2132 4342 de
2152 4298 2331 4349 Avila.
2349 4304 2441 4343 aut
2462 4300 2621 4344 etiam
2642 4297 2853 4353 Davlla,
2870 4300 3056 4345 dictus.

660 4374 684 4407 ³
738 4373 798 4416 In
829 4372 998 4428 prima
1017 4370 1266 4417 Ordinum
1301 4371 1606 4415 militarium
1628 4370 1826 4425 origine
1861 4380 2124 4423 nunquam
2142 4370 2253 4413 fere
2286 4372 2374 4425 qui
2407 4377 2619 4427 sceptra
2638 4371 2803 4428 Regni
2826 4373 3052 4425 tenebat,

580 4445 828 4491 Ordinum
849 4446 1008 4489 etiam
1029 4445 1238 4488 illorum
1258 4454 1528 4498 supremus
1550 4448 1666 4485 erat
1687 4442 2004 4495 moderator;
2026 4442 2115 4485 sed
2145 4453 2263 4486 cum
2283 4443 2597 4497 dignitatem
2624 4443 2761 4487 hanc
2781 4453 2905 4497 opes
2926 4445 3051 4487 mul-

581 4523 666 4561 tae
689 4508 900 4561 et’baud
923 4517 1110 4571 exigua
1127 4516 1362 4569 potentia
1381 4515 1758 4559 comitarentur
1778 4515 2098 4569 plerumque,
2121 4514 2370 4569 temporis
2392 4514 2613 4558 decursu
2645 4515 2841 4558 factum
2868 4520 2948 4557 est
2978 4520 3052 4564 ut.

577 4590 799 4633 mutatis
828 4588 1056 4633 moribus
1089 4586 1512 4642 guber-nandique
1545 4585 1682 4641 apud
1711 4587 1889 4639 plures
1918 4592 2105 4639 gentes
2136 4586 2355 4638 ratione,
2378 4597 2409 4628 a
2432 4585 2661 4639 Regibus
2692 4591 2967 4630 curaretur
2998 4590 3053 4629 ut

578 4661 811 4716 dignitas
831 4660 964 4705 haec
985 4660 1164 4715 regiae
1186 4658 1438 4714 dignitati
1460 4666 1802 4702 accresceret.

660 4735 686 4767 ⁴
739 4732 807 4777 El
839 4732 978 4783 Viso,
999 4734 1238 4788 oppidum
1258 4730 1396 4775 haud
1419 4731 1644 4784 ignobile
1667 4731 1717 4773 in
1739 4730 2011 4784 provincia
2032 4728 2321 4774 Cordubae.
