3742 5392
1640 484 1771 543 Au.
1813 483 1956 541 1554
2923 484 3034 545 535

574 636 925 709 ponerent
963 638 1033 691 et
1072 629 1439 710 augendas
1478 639 1817 693 curarent
1851 629 1893 710 ';
1927 640 2081 695 erat
2110 632 2299 695 enim
2327 631 2585 696 nobilis
2613 631 2902 712 quidam
2938 634 3029 695 ci-

567 738 703 817 vis,
736 736 1023 801 nomine
1052 735 1461 803 Ludovicus
1482 738 1571 803 de
1591 738 1898 817 Medina,
1926 741 2047 820 qui
2069 740 2523 804 donationem
2551 748 3026 803 trecentorum

564 844 993 909 ducatorum
1016 846 1233 909 annui
1253 846 1525 911 reditus
1546 845 1787 910 facere
1808 847 2116 925 volebat,
2144 864 2359 929 quam
2384 846 2584 926 prius
2603 856 3032 911 testamento

563 953 973 1031 legaverat;
1014 962 1085 1015 et
1121 952 1289 1017 fecit
1321 955 1607 1017 omnino
1629 1004 1643 1032 ,
1677 954 1802 1017 sed
1847 971 2010 1018 cum
2047 954 2468 1035 quibusdam
2508 954 3034 1018 conditionibus

564 1060 1025 1138 gravioribus
1055 1078 1271 1141 quam
1300 1077 1431 1140 par
1460 1070 1591 1125 est.
1626 1060 1809 1141 Quia
1838 1072 2079 1125 tamen
2121 1061 2275 1141 eJus
2305 1063 2587 1126 animae
2630 1072 2797 1125 tunc
2829 1062 3032 1125 satis-

570 1168 738 1231 fecit
776 1167 855 1231 P.
903 1166 1337 1232 Franciscus
1381 1178 1452 1232 et
1494 1169 1569 1231 in
1613 1168 2062 1233 fundatorem
2105 1186 2262 1233 eum
2306 1170 2619 1247 admisit,
2669 1170 2854 1233 idem
2898 1169 3036 1233 Lu-

568 1275 872 1338 dovicus
900 1275 1183 1339 curavit
1222 1284 1299 1338 ut
1336 1273 1491 1355 ejus
1518 1277 1742 1339 frater
1780 1286 2064 1340 centum
2091 1276 2272 1341 alios
2309 1294 2566 1341 aureos
2593 1277 2814 1340 annui
2855 1276 3034 1339 redi-

566 1392 683 1445 tus
706 1383 956 1463 optimi
985 1383 1215 1446 eidem
1244 1382 1561 1463 Collegio
1594 1385 2018 1465 applicaret,
2052 1394 2122 1447 et
2149 1402 2501 1449 summam
2527 1384 2862 1448 frumenti
2892 1403 3034 1451 non

567 1489 999 1553 mediocrem
1026 1490 1327 1569 singulis
1354 1491 1567 1554 etiam
1598 1493 1807 1555 annis
1834 1492 2356 1572 accipiendam;
2387 1493 2515 1556 sed
2542 1493 2826 1557 demum
2855 1493 3036 1572 ipse-

569 1604 712 1659 met
736 1598 811 1659 in
841 1594 1269 1661 Societatem
1298 1598 1665 1677 ingressus
1694 1607 1825 1677 est,
1856 1610 1928 1662 et
1967 1600 2421 1663 donationem
2465 1598 2806 1663 Societati
2848 1617 3035 1662 com-

574 1704 965 1768 modiorem
996 1704 1229 1769 denuo
1258 1705 1562 1769 confecit
1590 1705 1639 1769 ².

694 1811 871 1876 1246.
958 1812 1053 1876 Ut
1080 1811 1401 1892 Reginae
1432 1814 1915 1894 portugalliae
1945 1812 1968 1843 ³
1998 1824 2067 1876 et
2096 1811 2408 1893 Principi
2431 1813 2754 1894 Philippo
2786 1810 2811 1843 ⁴
2837 1830 3036 1893 pare-

570 1928 704 1998 ret,
738 1920 1035 1983 contulit
1064 1938 1142 1983 se
1172 1920 1247 1983 in
1276 1920 1608 2001 oppidum
1639 1921 2072 1984 Tordesillas
2111 1918 2185 1983 P.
2221 1920 2674 1997 FranciscuS,
2705 1928 2782 1982 ut
2826 1936 3034 1999 expe-

570 2027 832 2089 riretur
871 2028 930 2089 si
971 2028 1139 2107 quid
1183 2028 1430 2091 auxilii
1466 2027 1785 2107 Reginae
1832 2028 2153 2111 Joannae
2206 2024 2229 2057 ⁸
2271 2036 2510 2107 posset
2560 2025 2914 2105 adhiberi,
2968 2037 3040 2089 et

570 2133 751 2196 duos
780 2134 873 2197 ibi
905 2151 1184 2198 menses
1206 2136 1468 2215 exegit,
1502 2134 1627 2199 sed
1650 2135 1801 2198 sine
1824 2136 1964 2199 alio
1987 2135 2220 2199 fructu
2248 2152 2461 2215 quam
2485 2132 2822 2215 implendi
2843 2132 3036 2197 Prin-

579 2241 819 2321 cipum
848 2242 1202 2305 dictorum
1242 2244 1715 2319 voluntatem,
1762 2258 1930 2305 narn
1959 2242 2244 2305 omnino
2289 2240 2570 2321 Regina.
2598 2241 2878 2324 Joanna
2920 2259 3036 2304 ex-

580 2364 749 2428 pers
778 2360 933 2411 erat
964 2349 1329 2412 discursus
1358 2348 1654 2412 rationis
1684 2347 1733 2408 ⁶.
1758 2348 1936 2413 Cum
1960 2349 2220 2411 ibidem
2241 2357 2450 2427 esset,
2483 2348 2757 2411 litteras
2778 2366 2821 2410 a
2845 2346 3038 2410 Prin·

580 2456 739 2536 cipe
765 2455 1039 2538 Joanna
1069 2454 1089 2484 ⁷
1111 2505 1125 2534 ,
1152 2473 1334 2536 quae
1365 2456 1597 2519 adhuc
1627 2467 1783 2519 erat
1810 2457 1884 2518 in
1913 2454 2373 2534 Portugallia,
2401 2452 2756 2535 [accepit,]
2789 2455 3040 2535 quibus

588 2579 755 2626 eum
791 2563 1093 2643 rogabat
1122 2572 1199 2627 ut
1228 2563 1300 2626 in
1324 2564 1461 2627 hac
1490 2562 1869 2627 Provincia
1899 2562 2251 2627 Castellae
2290 2562 2440 2643 ejus
2494 2561 2879 2625 adventum
2921 2578 3039 2624 ex-

582 2680 924 2751 pectaret,
958 2671 1551 2751 quandoquidem,
1588 2680 1879 2751 propter
1908 2669 2257 2749 Principis
2291 2667 2594 2750 Philippi
2619 2668 3037 2747 absentiam,

575 2779 668 2842 ad
689 2778 1281 2857 gubernationem
1301 2794 1687 2857 regnorum
1708 2777 2098 2858 Hispaniae
2121 2777 2560 2840 evocabatur
2590 2774 2634 2834 ⁸.

700 2884 875 2947 1247.
962 2883 1167 2948 Prius
1206 2895 1445 2948 tamen
1494 2883 1778 2947 Patrem
1809 2883 2436 2947 Bartholomaeum
2466 2883 2550 2946 de
2581 2884 3042 2946 Bustamante

572 2992 666 3055 ad
694 2992 1209 3074 professionem
1239 3004 1543 3072 quatuor
1573 3000 1902 3055 votorum
1931 2991 2004 3054 in
2039 2989 2288 3054 eodem
2317 2991 2578 3071 oppido
2605 2989 3040 3053 Tordesillas

580 3100 867 3163 admisit
896 3099 968 3163 in
999 3101 1259 3162 sacello
1291 3099 1685 3178 hospitaliS,
1718 3099 1792 3161 in
1820 3116 1961 3180 quo
1991 3098 2375 3179 hospitium
2406 3097 2714 3160 habebat
2743 3094 2790 3176 ⁹,
2823 3097 2896 3159 in
2925 3096 3040 3159 do-

660 3452 673 3481 ·
734 3452 868 3495 Vide
892 3462 1070 3503 supra.
1092 3462 1213 3506 pag.
1234 3452 1330 3501 462,
1354 3463 1403 3493 n.
1422 3452 1517 3493 987.

656 3526 678 3556 Ξ
733 3523 868 3568 Vide
896 3524 1087 3567 Carras
1108 3524 1177 3567 de
1198 3522 1309 3565 San
1332 3522 1571 3575 lgnacio,
1590 3534 1627 3566 t.
1650 3535 1701 3577 v,
1724 3534 1845 3577 pag.
1873 3522 1971 3565 436.

652 3596 677 3626 ³
736 3596 1045 3648 catharina,
1065 3596 1239 3640 Caroli
1266 3595 1313 3637 V
1336 3606 1501 3639 soror.

664 3671 685 3701 ⁸
742 3668 1112 3723 Hispaniarum
1138 3668 1385 3721 Princeps
1408 3667 1692 3721 Philippus.
1716 3665 1894 3710 Caroli
1915 3665 1962 3707 V
1987 3664 2119 3709 finus
2145 3666 2378 3709 -“Hallo
2395 3666 2483 3715 (P.
2505 3664 2816 3708 Franciecus
2837 3662 3052 3721 Borgia)

576 3742 629 3783 al
659 3740 896 3795 Principe
920 3753 982 3785 en
1004 3744 1049 3785 el
1073 3739 1245 3783 Pardo
1265 3752 1367 3783 una
1389 3743 1614 3784 maliana
1633 3772 1644 3789 .
1670 3750 1766 3793 que
1788 3739 2023 3782 saliendo
2045 3738 2106 3781 de
2142 3738 2222 3781 oir
2240 3737 2390 3792 Misa,
2409 3749 2466 3781 se
2485 3736 2726 3781 esti-echo
2756 3746 2852 3778 con
2873 3733 3047 3787 Borja.

586 3813 871 3867 rogandole
892 3825 988 3868 que
1011 3824 1195 3867 pasase
1218 3816 1250 3855 a
1270 3810 1297 3854 ‘1
1316 3812 1607 3863 ordesillas,
1628 3810 1861 3865 siquiera
1883 3821 1979 3865 por
1999 3810 2091 3853 dos
2115 3820 2283 3853 meses
2298 3842 2308 3862 ,
2329 3813 2359 3853 a
2379 3820 2475 3853 ver
2494 3810 2538 3853 si
2557 3806 2772 3863 pudlese
2793 3806 3049 3850 encender

585 3886 781 3938 alguna
803 3886 884 3928 luz
905 3896 968 3928 en
992 3887 1042 3929 la
1065 3896 1219 3928 razon
1244 3884 1485 3938 apagada
1508 3884 1570 3927 de
1591 3884 1643 3926 la
1666 3882 1848 3938 Reyna
1868 3894 1928 3925 su
1952 3882 2170 3925 Abnela:
2193 3880 2402 3934 Perque
2422 3880 2533 3923 solo
2553 3890 2648 3923 vos
2667 3879 2792 3933 (dijo
2825 3880 2875 3921 el
2905 3878 3050 3921 Prin-

577 3958 709 4011 cipe)
731 3958 781 4001 εἰ
805 3958 909 4000 ano
926 3959 1136 4011 pasado
1155 3958 1209 3999 la
1238 3957 1583 4011 mejomstet's
1606 3956 1725 3997 mas
1746 3966 1813 3997 en
1830 3961 1992 4009 pocos
2011 3955 2136 3997 dias
2158 3962 2258 4007 que
2279 3954 2398 3997 «sien
2417 3952 2665 3995 hombres
2685 3952 2864 3995 doctos
2881 3963 2918 4005 y
2941 3958 3056 3993 niu·

575 4030 701 4072 ahos
726 4030 957 4073 medicos
980 4041 1046 4071 en
1068 4032 1332 4073 cuarenta
1354 4027 1524 4078 dias...
1545 4024 1886 4079 cmmumm,
1910 4028 1940 4069 Ι.
1959 4036 2022 4079 c.‚
2045 4027 2134 4069 lib.
2157 4036 2226 4075 iv,
2253 4036 2370 4078 cap.
2391 4035 2504 4078 vm,
2527 4024 2554 4077 5
2571 4024 2618 4068 2.

662 4100 682 4131 ‘·
738 4102 941 4153 Regina
960 4100 1180 4155 Joanna,
1204 4100 1380 4145 Caroli
1400 4099 1441 4142 V
1462 4107 1646 4143 mater.

658 4174 683 4201 ⁶
738 4174 871 4218 Vide
892 4184 1051 4228 supra
1070 4207 1081 4221 .
1102 4184 1222 4227 pag.
1242 4172 1338 4221 487,
1360 4184 1409 4215 n.
1423 4172 1545 4215 1026.

661 4247 681 4277 Ἰ
738 4246 961 4301 Philippi
986 4244 1213 4291 llsoror.

662 4320 689 4351 ⁸
746 4318 877 4361 Vide
898 4330 1073 4371 supra,
1094 4329 1214 4373 pag.
1236 4318 1333 4371 434,
1356 4330 1403 4362 n.
1419 4319 1516 4363 933.

656 4388 683 4419 ⁹
734 4390 895 4445 Juxta
922 4390 1124 4439 Manoz.
1156 4390 1501 4435 Ds'ccionario
1530 4392 1826 4446 geografico
1862 4400 1900 4443 y
1932 4388 2246 4433 estadistico
2277 4389 2344 4431 de
2380 4386 2622 4443 Espaaa,
2654 4392 2692 4435 t.
2721 4396 2810 4432 xv.
2841 4395 2962 4438 pag.
2983 4384 3052 4435 26.

579 4463 679 4508 duo
700 4470 853 4507 erant
878 4464 975 4507 hoc
999 4472 1231 4516 tempore
1254 4463 1537 4517 hospitalia
1570 4464 1619 4507 ln
1651 4462 1837 4516 oppido
1877 4461 2211 4505 Tordesillas:
2235 4462 2308 4503 “el
2331 4460 2394 4502 de
2424 4458 2604 4503 Mater
2637 4458 2756 4509 Det3
2778 4468 2810 4511 y
2846 4457 2894 4499 el
2915 4456 2978 4498 de
3000 4457 3072 4509 la,

581 4534 909 4589 Concepcion
934 4535 1213 4579 Geronima
1248 4546 1379 4589 para
1401 4535 1773 4590 recogimiento
1805 4534 1867 4577 de
1902 4535 1979 4577 los
2013 4536 2200 4587 pobres
2229 4532 2599 4586 peregrinos...;
2633 4531 2680 4573 el
2714 4528 2938 4584 primero
2969 4526 3052 4571 fue

584 4606 813 4650 fundado
834 4618 928 4661 por
949 4606 1093 4651 Dona
1121 4606 1345 4659 Beatriz.
1367 4608 1475 4662 hijn
1496 4607 1577 4651 del
1604 4606 1804 4649 Infante
1828 4606 1892 4649 D.
1909 4606 2091 4649 Dionis
2124 4605 2187 4647 de
2222 4604 2472 4658 Portugal
2499 4604 2549 4645 el
2580 4602 2702 4646 cual
2727 4604 2940 4654 compro
2960 4611 3056 4645 con

581 4690 641 4723 su
669 4681 908 4734 legitima
930 4680 1011 4723 las
1032 4682 1226 4723 tercias
1242 4682 1416 4723 reales
1435 4680 1517 4722 del
1537 4680 1751 4729 diurno,
1774 4690 1835 4721 en
1854 4678 2005 4722 todos
2025 4680 2102 4721 los
2117 4677 2330 4731 pueblos
2344 4677 2424 4720 del
2441 4675 2830 4729 arciprestazffo
2849 4673 2913 4716 de
2929 4673 3056 4716 Tor·

580 4752 797 4797 desinas
818 4766 851 4809 y
874 4754 953 4795 las
972 4752 1173 4795 destino
1197 4756 1227 4795 a
1248 4753 1399 4795 dotat
1422 4752 1469 4794 el
1496 4751 1960 4802 establecimiento;
1981 4761 2074 4793 son
2103 4760 2190 4792 sua
2210 4755 2457 4803 patronos
2485 4749 2532 4790 el
2562 4745 2732 4791 Conde
2754 4744 2818 4789 de
2838 4744 2998 4795 Mora,
3021 4756 3058 4801 y
