3742 5392
1638 460 1765 520 ΑΝ.
1810 462 1952 520 1554
2920 461 3032 519 249

554 606 943 671 salutiferis
972 607 1574 671 admonitionibus
1597 611 2080 688 consolantur,
2105 626 2248 673 non
2268 608 2358 673 ab
2378 609 2538 673 aliis
2565 609 2882 689 peccatis
2909 627 3014 672 so·

550 716 730 793 lum,
762 714 888 777 sed
920 715 1013 777 ab
1043 716 1323 778 haeresi
1354 715 1568 777 etiam
1600 716 1948 795 quosdam
1973 724 2429 795 revocarunt,
2461 716 2644 779 inter
2667 732 2847 796 quos
2873 716 3020 795 qui-

554 821 719 885 dam
756 820 911 899 fuit,
956 822 1108 901 qui,
1143 822 1231 884 ob
1276 822 1585 885 amicum
1616 822 2098 899 interfectum,
2152 822 2583 904 implacabili
2615 820 2778 886 odio
2807 822 3024 885 alium

548 929 1145 1008 prosequebatur,
1173 937 1243 991 et
1272 937 1510 995 tamen
1539 946 1701 992 cum
1731 930 1883 1009 ipse
1913 930 1984 993 in
2015 946 2381 994 carcerem
2409 930 2774 1011 conjectus
2803 939 3018 1005 esset,

550 1050 817 1098 noxam
856 1052 1175 1113 omnem,
1220 1046 1298 1099 ut
1338 1036 1563 1099 nostri
1605 1036 2032 1115 suadebant,
2071 1037 2138 1100 ei
2178 1037 2473 1101 remisit.
2521 1036 2775 1100 Mulier
2812 1052 3020 1116 quae-

552 1141 719 1205 dam
770 1158 933 1203 cum
980 1143 1221 1205 multis
1266 1142 1474 1205 annis
1503 1143 1635 1206 sub
1684 1152 1984 1224 utraque
2033 1145 2273 1223 specie
2322 1144 2946 1220 communicasset,
2983 1160 3026 1204 a

556 1248 629 1311 P.
664 1246 949 1313 Canisio
984 1248 1345 1312 admonita
1373 1258 1443 1313 et
1471 1248 1749 1327 edocta,
1782 1250 2100 1330 resipuit,
2125 1261 2194 1315 et
2223 1250 2298 1314 in
2317 1250 2498 1313 festo
2530 1247 2902 1313 Paschatis
2937 1248 3030 1311 de

550 1372 750 1419 more
780 1355 1149 1419 Ecclesiae
1178 1357 1311 1419 sub
1341 1357 1567 1419 altera
1606 1357 1843 1437 specie
1883 1358 2458 1421 communicavit.
2503 1356 2666 1420 Fuit
2705 1365 2774 1419 et
2813 1356 3018 1434 aliuS,

556 1463 678 1543 qui
706 1480 924 1543 opera
954 1460 1029 1525 P.
1084 1460 1359 1527 Nicolai
1412 1462 1744 1527 Gaudani
1792 1464 1884 1527 ad
1925 1465 2492 1528 communionem
2536 1462 2857 1527 eamdem
2894 1464 3030 1526 sub

554 1569 777 1633 altera
808 1570 1044 1649 specie
1074 1570 1412 1635 reductus
1440 1580 1571 1649 est,
1606 1580 1676 1635 et
1703 1571 2058 1635 haeresim
2089 1572 2558 1650 lutheranam,
2592 1570 2708 1633 cui
2739 1588 2782 1633 a
2804 1587 3028 1650 puero

555 1675 881 1740 addictus
909 1677 1171 1755 fuerat,
1227 1676 1621 1757 abjuravit;
1662 1679 1982 1742 nonnulli
2030 1678 2242 1741 etiam
2279 1678 2616 1755 studiosi,
2650 1678 2770 1757 qui
2807 1676 3028 1741 libros

553 1783 1075 1847 haereticorum
1096 1784 1475 1863 habebant,
1504 1784 1759 1865 quibus
1780 1784 2073 1848 nimium
2093 1784 2309 1847 dediti
2332 1784 2654 1847 homines
2675 1784 2814 1846 illis
2831 1783 2904 1846 in
2921 1800 3026 1846 re-

556 1889 887 1968 gionibus
908 1900 1094 1969 sunt,
1118 1891 1208 1954 ad
1232 1900 1517 1955 nostros
1533 1890 1960 1970 detulerunt,
1986 1901 2056 1955 et
2080 1908 2262 1955 unus
2291 1908 2562 1968 eorum,
2591 1892 2742 1954 zelo
2765 1907 3030 1970 magno

554 1997 909 2075 incensus,
942 1997 1319 2077 diligenter
1350 1997 1779 2061 observabat
1817 1998 2002 2061 alios
2029 2014 2196 2061 num
2225 1997 2476 2061 eadem
2514 2005 2712 2078 peste
2753 1997 3026 2060 labora-

556 2112 747 2179 rent,
786 2112 855 2167 et
893 2105 1151 2167 librum
1190 2104 1847 2184 pestilentissimum
1885 2105 2075 2185 apud
2115 2105 2463 2185 quosdam
2508 2103 3030 2183 deprehensum

555 2210 824 2291 (plures
854 2211 1041 2274 enim
1072 2228 1236 2274 eum
1264 2221 1631 2275 auctorem
1662 2211 2050 2287 habebant)
2082 2211 2344 2275 nostris
2383 2220 2632 2291 sponte
2671 2227 2801 2275 sua
2829 2211 3027 2273 exhi-

550 2316 735 2392 buit,
768 2334 949 2397 quae
980 2334 1095 2381 res
1124 2328 1325 2380 tanto
1355 2318 1630 2397 gratior
1659 2318 1948 2396 accidit,
1993 2326 2259 2398 quanto
2305 2316 2532 2397 major
2569 2326 2723 2380 erat
2761 2317 3026 2380 raritas

550 2422 951 2504 hujusmodi
982 2426 1473 2505 exemplorum
1504 2425 1577 2488 in
1620 2437 1956 2506 corrupta
2001 2426 2118 2489 illa
2141 2422 2536 2504 juventute.

666 2530 811 2593 543.
896 2530 1099 2594 Multi
1129 2542 1599 2595 externarum
1626 2532 2016 2611 nationum,
2069 2532 2190 2610 qui
2227 2530 2446 2611 Re‘giS
2475 2531 2748 2594 curiam
2779 2548 3016 2611 seque·

547 2637 835 2716 bantur,
868 2638 943 2701 in
971 2654 1240 2717 graves
1264 2647 1331 2701 et
1357 2638 1713 2703 interdum
1738 2640 1954 2703 etiam
1969 2639 2428 2719 contagiosos
2451 2639 2736 2702 morbos
2761 2638 3022 2701 incide-

548 2743 750 2823 bant,
784 2745 905 2826 qui
936 2745 1026 2807 ad
1056 2754 1347 2809 nostros
1376 2762 1747 2809 recursum
1784 2746 2048 2810 habere
2077 2747 2266 2810 soliti
2303 2754 2537 2824 erant;
2581 2746 2836 2808 horum
2865 2747 3008 2824 plu-

551 2850 785 2929 rimiS,
812 2861 963 2915 tum
990 2864 1189 2933 peste
1209 2902 1223 2931 ,
1253 2864 1405 2915 tum
1437 2854 1596 2916 aliis
1626 2854 1892 2916 morbis
1919 2853 2426 2931 laborantibuS‚
2453 2851 2572 2916 diu
2593 2860 2949 2932 noctuque
2981 2870 3024 2913 a

555 2958 821 3021 nostris
852 2958 1272 3023 inservitum
1302 2969 1431 3039 est,
1468 2968 1536 3022 et
1566 2960 1637 3022 in
1667 2960 2051 3025 salutiferis
2079 2960 2548 3023 sacramentis
2579 2969 2724 3023 tam
2753 2957 3022 3021 confes-

552 3063 777 3128 sionis
805 3082 890 3128 ac
936 3066 1457 3129 communionis
1482 3083 1695 3147 quam
1724 3075 2087 3130 extremae
2125 3066 2498 3131 Unctionis
2527 3066 3026 3129 administran-
3061 3062 3070 3069 ’

554 3170 663 3233 dis
692 3170 1161 3235 satisfactum.
1198 3172 1585 3237 Contracta
1626 3182 1791 3237 sunt
1820 3174 2032 3237 etiam
2067 3174 2520 3239 matrimonia
2558 3173 3025 3249 advenarum,

554 3278 677 3357 qui
703 3279 943 3341 multis
974 3280 1181 3342 annis
1212 3280 1285 3343 in
1315 3280 1829 3343 concubinatus
1854 3281 2181 3344 sordibus
2204 3278 2600 3360 jacuerant.

668 3384 811 3447 544.
898 3384 1322 3450 Scholastici
1357 3404 1603 3450 omnes
1632 3386 1768 3451 hac
1800 3388 2348 3467 quadragesima
2388 3387 2473 3450 de
2513 3386 2830 3467 peccatis
2861 3402 3021 3448 con-

555 3491 729 3556 fessi
768 3503 957 3567 sunt,
1010 3512 1153 3557 non
1197 3496 1425 3557 solum
1468 3505 1755 3575 praeter
1792 3511 2084 3573 morem,
2132 3496 2258 3559 sed
2301 3496 2439 3558 alio
2481 3510 2777 3575 prorsus
2816 3492 3032 3557 modo

554 3615 769 3679 quam
798 3608 1093 3663 eatenus
1124 3600 1194 3663 id
1219 3600 1579 3679 fecissent,
1608 3602 1866 3682 quippe
1889 3602 2207 3681 generali
2229 3601 2658 3666 confessioni
2681 3600 2948 3663 assueti
2977 3598 3022 3677 ¹;

554 3722 839 3768 sacram
867 3706 1083 3769 etiam
1114 3708 1686 3771 communionem
1724 3724 1988 3788 magna
2017 3726 2106 3771 ex
2136 3720 2338 3789 parte
2368 3716 2852 3788 sumpserunt:
2879 3724 3022 3770 non

556 3812 784 3875 solum
814 3822 1053 3876 autem
1081 3814 1283 3893 pueri
1311 3814 1534 3876 libros
1563 3812 1964 3878 haereticos
1991 3816 2256 3878 nostris
2277 3814 2796 3878 comburendos
2819 3813 3024 3876 dede-

557 3928 745 3999 runt,
777 3919 903 3983 sed
932 3930 999 3983 et
1029 3920 1493 4001 plurimorum
1525 3930 1856 4000 parentes
1887 3922 2378 4001 significarunt
2407 3922 2671 3985 nostris
2698 3937 2826 4001 per
2855 3936 3028 3983 suos

556 4024 740 4088 filios
768 4028 950 4089 velle
979 4044 1057 4089 se
1086 4044 1571 4107 quoscumque
1613 4027 1900 4091 codices
1937 4028 2333 4092 haereticos
2370 4027 2745 4107 haberent,
2777 4028 2852 4090 in
2883 4044 3028 4090 ma-

559 4150 698 4196 nus
724 4142 1131 4198 nostrorum
1162 4135 1469 4197 tradere.

672 4240 820 4303 545.
906 4240 1327 4319 Augebatur
1356 4241 1427 4303 in
1462 4258 1653 4304 novo
1695 4241 1998 4320 collegio
2041 4242 2630 4306 scholasticorum
2660 4258 3018 4318 numeruS,

557 4346 751 4427 quod
778 4349 1289 4411 monasterium
1318 4348 1520 4427 illud,
1558 4348 1727 4411 olim
1757 4350 2286 4413 carmelitarum
2307 4400 2322 4430 ,
2356 4350 2430 4414 in
2457 4352 2614 4413 loco
2647 4348 3030 4413 admodum

559 4464 960 4535 opportuno
993 4456 1206 4518 situm
1237 4464 1424 4518 esset
1456 4456 1546 4519 ad
1580 4472 2041 4536 concursum,
2074 4465 2219 4520 tam
2242 4456 2333 4520 ad
2354 4457 2677 4537 scholas,
2705 4474 2918 4537 quam
2939 4456 3034 4518 ad

646 4696 663 4728 ¹
725 4696 857 4741 Vide
880 4708 1056 4751 supra.
1092 4710 1210 4753 pag.
1242 4698 1337 4745 241.
1360 4708 1407 4739 n.
1430 4697 1523 4740 529.
