3742 5392
1659 459 1784 516 ΑΝ.
1831 457 1971 516 1554
2934 454 3044 512 535

571 601 788 666 dituri
813 585 1402 684 perseverabant,
1436 612 1515 668 ut
1540 603 1958 668 viderentur
1987 603 2153 684 igne
2184 601 2437 683 majori
2466 602 2731 664 amoris
2760 599 2897 664 Dei
2929 618 3041 664 ac·

571 709 772 773 censi
801 727 992 773 esse:
1025 729 1238 791 saepe
1269 720 1507 775 autem
1535 710 1811 791 Regina
1841 708 1993 790 ejus
2023 710 2470 784 lectionibus,
2516 725 2697 790 quas
2738 709 2811 772 in
2849 709 3040 788 pala-

571 817 674 879 tio
704 816 1040 897 faciebat,
1074 819 1436 883 intererat.

701 923 876 988 1143.
963 925 1040 989 Ρ.
1076 935 1312 990 autem
1343 927 1404 990 T
1406 927 1734 1008 yburtius
1763 927 1850 991 de
1882 927 2211 1007 Quadros
2250 927 2394 1009 (qui
2428 943 2683 989 nomen
2716 926 2790 988 in
2820 924 3041 988 Anto-

571 1033 768 1096 nium
799 1033 1124 1112 mutavit)
1155 1043 1230 1098 ut
1261 1034 1736 1116 quadraginta
1767 1035 2187 1099 lectionibus
2210 1034 2645 1098 christianae
2670 1032 3040 1096 doctrinae

573 1158 614 1201 a
646 1138 724 1202 P.
765 1139 1045 1219 Ignatio
1085 1139 1418 1222 injunctis
1450 1140 1672 1221 (quod
1717 1142 1808 1204 ad
1846 1141 2206 1222 professos
2245 1139 2521 1218 attinet)
2568 1139 3034 1222 satisfaceret,

575 1247 650 1308 in
680 1247 1014 1327 oppidum
1047 1247 1402 1328 quoddam
1432 1247 1858 1329 Olyssipone
1887 1248 2159 1311 distans
2186 1247 2548 1329 profectus
2576 1255 2686 1309 est
2714 1242 3039 1325 (Setubal

577 1354 644 1415 ei
693 1370 953 1417 nomen
983 1355 1160 1433 erat)
1193 1372 1354 1418 cum
1385 1355 1644 1418 comite
1672 1354 1749 1418 P.
1784 1355 2019 1419 Prado
2052 1353 2102 1434 ¹,
2138 1364 2207 1418 et
2230 1355 2329 1418 ita
2358 1371 2435 1418 se
2457 1353 2719 1434 gessit,
2746 1361 2823 1416 ut
2854 1361 3035 1415 setu-

574 1460 902 1524 balenses
933 1461 1246 1524 studiose
1277 1463 1508 1543 ipsum
1537 1463 1844 1526 retinere
1886 1465 2003 1526 vel
2032 1463 2266 1525 denuo
2296 1463 2680 1542 impetrare
2723 1468 3034 1524 tentave-

571 1567 738 1645 rint,
771 1569 1096 1647 quamvis
1128 1568 1197 1632 id
1237 1587 1382 1632 non
1422 1569 1908 1648 obtinuerunt;
1953 1570 2023 1632 in
2062 1569 2410 1650 hospitale
2453 1578 2694 1632 autem
2736 1566 3035 1630 diverte·

577 1675 750 1740 bant
795 1683 864 1737 et
893 1691 984 1737 ex
1015 1676 1484 1756 eleemosynis
1511 1675 1909 1740 vivebant.‘

705 1781 880 1845 1144.
968 1781 1150 1845 Cum
1195 1791 1432 1847 autem
1475 1783 1552 1846 P.
1607 1783 2078 1847 Provincialis
2122 1784 2585 1847 christianam
2637 1781 3038 1846 doctrinam

571 1889 1008 1969 explicabat,
1043 1889 1296 1954 orandi
1325 1892 1674 1956 rationem
1705 1892 1976 1971 docuit,
2012 1909 2152 1972 qua
2182 1893 2255 1955 in
2278 1909 2355 1955 re
2378 1891 2667 1955 utilitati
2688 1888 3041 1971 spirituali

571 1997 954 2061 multorum
983 2000 1382 2062 consultum
1410 2007 1540 2076 est;
1569 1999 1770 2062 multi
1793 2000 2157 2080 utriusque
2187 2017 2425 2078 sexuS,
2460 1999 2701 2062 audito
2732 2013 2944 2061 sacro
2966 1996 3038 2058 in

571 2105 837 2183 templo
867 2113 1144 2183 nostro,
1176 2102 1397 2184 jejuni
1435 2106 1946 2185 permanebant
1988 2107 2061 2169 in
2103 2123 2188 2169 eo
2228 2123 2448 2185 usque
2492 2104 2583 2167 ad
2620 2103 3038 2185 pomeridiz-

574 2227 744 2273 nam
773 2211 1183 2290 lectionem,
1217 2213 1405 2292 quod.
1433 2214 1723 2276 mallent
1761 2213 2118 2294 corporali
2159 2211 2541 2276 refectione
2579 2229 2797 2293 quam
2839 2212 2967 2291 spi·
2996 2213 3039 2272 i-

576 2318 753 2380 tuali
781 2318 1084 2397 privari3
1119 2328 1185 2381 et
1217 2327 1419 2382 tanta
1451 2329 1604 2382 erat
1633 2320 1998 2383 hominum
2039 2320 2266 2400 pietas
2304 2327 2373 2382 et
2411 2318 2889 2399 tranquillitas
2936 2329 3035 2396 ut,

571 2441 737 2487 cum
765 2424 1104 2488 refertum
1136 2435 1325 2488 esset
1365 2429 1736 2507 templum,
1781 2427 2014 2490 nullus
2052 2435 2291 2489 tamen
2327 2443 2569 2490 rumor
2610 2427 2727 2489 vel
2768 2434 3037 2506 pertur-

574 2531 770 2594 batio
800 2533 1210 2612 sentiretur,
1246 2534 1534 2613 perinde
1567 2551 1651 2598 ac
1684 2535 1745 2597 si
1774 2535 1870 2599 ibi
1899 2535 2130 2598 nullus
2161 2535 2475 2598 adesset:
2509 2551 2671 2598 cum
2712 2533 3038 2597 aedituus

569 2637 840 2702 diceret
889 2640 1171 2702 cuidam
1210 2652 1286 2703 ut
1341 2640 1770 2721 discederet,
1819 2641 1968 2724 jam
2017 2643 2206 2705 enim
2248 2641 2578 2705 meridies
2627 2641 3034 2719 transierat,

570 2745 936 2827 respondit
966 2747 1115 2809 ille:
1155 2747 1594 2824 “gRedibone
1631 2749 1919 2813 domum
1970 2758 2270 2829 excepta
2318 2750 2531 2830 paulo
2584 2758 2747 2812 ante
2799 2764 3035 2812 sacro-

574 2861 824 2915 sancta
853 2852 1390 2932 Eucharistia?„
1425 2853 1648 2918 Erant
1680 2864 1919 2918 autem
1947 2856 2348 2919 uberrimae
2387 2857 2751 2936 lacrymae
2790 2864 2938 2918 tam
2967 2855 3036 2917 in

570 2959 978 3039 receptione
1023 2959 1230 3041 hujus
1272 2959 1494 3024 SSmi.
1538 2959 1985 3025 Sacramenti
2027 2979 2240 3042 quam
2282 2963 2498 3025 etiam
2547 2963 2619 3025 in
2670 2960 3037 3025 audiendis

573 3065 1043 3130 concionibus
1073 3065 1150 3129 P.
1185 3067 1530 3130 Gonsalvi
1561 3067 1744 3130 Vaz.

697 3171 871 3234 1145.
959 3172 1036 3235 In
1067 3173 1634 3237 confessionibus
1662 3173 2031 3238 audiendis
2062 3184 2261 3239 tanta
2307 3184 2464 3239 erat
2506 3175 2879 3255 occupatio
2928 3193 3036 3238 sa-

571 3278 941 3342 cerdotum
967 3279 1338 3343 Professae
1363 3279 1638 3359 domuS,
1665 3291 1742 3345 ut
1771 3299 1939 3345 raro
1970 3291 2259 3362 possent
2301 3283 2459 3345 aliis
2491 3283 2775 3362 pietatis
2814 3283 3036 3362 operi·

578 3385 710 3448 bus
761 3403 1024 3448 vacare
1077 3385 1430 3467 (quamvis
1483 3385 1694 3468 [cum]
1736 3405 1779 3450 a
1822 3387 2386 3453 confessionibus
2424 3389 2722 3452 liberum
2754 3389 3041 3469 aliquod

574 3500 853 3572 tempus
886 3491 1189 3556 dabatur
1213 3543 1227 3572 ,
1263 3493 1352 3556 iis
1383 3495 1598 3558 etiam
1628 3495 2031 3573 vacarent),
2077 3497 2243 3580 quia
2294 3497 2419 3558 vix
2470 3513 2714 3559 omnes
2763 3496 3037 3560 satisfa-

573 3614 738 3661 cere
788 3599 1216 3662 multitudini
1267 3600 1776 3680 poenitentium
1825 3611 2187 3682 poterant,
2247 3612 2318 3665 et
2364 3603 2745 3684 praecipue
2793 3604 3039 3683 primis

582 3714 887 3784 quatuor
915 3705 1304 3784 mensibuS,
1342 3707 1412 3769 in
1439 3708 1692 3787 quibus
1714 3717 1784 3771 et
1807 3717 2087 3789 tempus
2106 3708 2712 3789 Quadragesimae
2738 3719 2808 3773 et
2831 3728 3038 3790 quae-

584 3810 747 3874 dam
781 3812 1293 3892 indulgentiae,
1329 3830 1508 3893 quas
1541 3814 1941 3879 Cardinalis
1970 3815 2210 3878 Infans
2231 3865 2246 3895 ,
2281 3824 2356 3879 ut
2378 3815 2725 3895 LegatuS,
2754 3834 3038 3880 conces-

575 3919 704 3999 sit,
735 3930 803 3982 et
828 3917 1216 3999 jubilaeum
1244 3937 1374 4000 pro
1405 3922 1818 3985 reductione
1847 3922 2154 4003 Angliae
2187 3922 2281 3985 ibi
2310 3925 2869 4003 promulgatum,
2902 3923 3038 3986 effi·

573 4027 855 4089 ciebant
886 4035 961 4089 ut
991 4035 1140 4090 toto
1172 4027 1306 4090 hoc
1336 4038 1654 4108 tempore
1683 4038 1828 4093 tam
1860 4031 2059 4093 multi
2104 4030 2195 4093 ad
2227 4032 2603 4094 ecclesiam
2645 4030 2771 4095 Sti.
2814 4031 3039 4095 Rochi

575 4133 1044 4197 confessionis
1077 4135 1312 4214 gratia
1341 4135 1815 4216 confluerent,
1851 4148 1927 4200 ut
1957 4138 2336 4217 aliquando
2368 4137 2659 4218 perinde
2687 4149 2876 4202 esset
2900 4142 3033 4218 ple·

571 4259 668 4304 na
697 4242 1000 4305 ecclesia
1031 4251 1106 4304 ut
1137 4242 1198 4303 si
1229 4243 1647 4306 concionem
1676 4253 1913 4306 essent
1943 4245 2273 4308 audituri.
2307 4243 2397 4309 Et
2427 4256 2629 4309 extra
2660 4245 2839 4309 haec
2868 4257 3037 4308 tem-

651 4479 669 4512 ¹
729 4479 786 4524 P.
805 4479 1162 4524 Ferdlnandus
1199 4482 1384 4532 Prado.
1405 4491 1562 4526 natus
1595 4483 1936 4534 Carraicedo,
1953 4485 2005 4528 in
2040 4486 2313 4540 provincia
2342 4485 2477 4530 Tras
2496 4497 2553 4529 os
2576 4489 2800 4538 montes,
2818 4488 2869 4530 in
2891 4487 3037 4530 Lud-

571 4551 735 4606 tanla,
757 4551 1114 4596 conimbricae
1146 4552 1464 4598 Societatem
1492 4555 1756 4608 ingressus
1775 4556 1803 4598 2
1819 4555 1945 4608 Julii
1966 4567 2051 4601 an.
2075 4557 2204 4610 1548,
2227 4558 2314 4612 qui
2344 4559 2555 4602 tandem
2574 4557 2886 4612 Ulyssipone
2906 4561 3035 4602 obiit

565 4621 626 4666 22
657 4623 885 4678 Augusti
918 4635 1002 4666 an.
1038 4623 1313 4668 1579.—Hic
1352 4626 1598 4670 sacerdos
1631 4627 1719 4670 ille
1753 4629 2178 4682 est.cognomlne
2216 4629 2401 4680 Prado.
2432 4629 2495 4673 dc
2530 4639 2629 4682 quo
2666 4641 2849 4684 supra,
2888 4637 2921 4675 t.
2962 4641 3034 4684 ιιι,

573 4703 695 4749 pag.
717 4695 816 4748 ⁴16,
837 4706 886 4740 n.
907 4695 1004 4741 919.
