3742 5392
1629 467 1758 525 AN.
1801 467 1943 527 1554
2942 464 3021 524 73

541 624 687 678 met
732 613 942 692 Duci,
998 614 1188 694 quod
1229 612 1321 676 ad
1364 613 1929 678 aedificationem
1971 630 2114 677 non
2156 613 2495 692 exiguam
2537 612 2731 676 urbis
2772 613 3015 675 cessit.

543 721 757 786 Dedit
784 731 1022 784 autem
1045 721 1184 784 illis
1206 721 1600 800 virginibus
1625 721 2058 784 christianae
2080 720 2445 785 doctrinae
2468 719 2740 782 libellos
2762 718 2838 782 P.
2866 718 3017 783 Pel·

539 828 856 906 letariuS,
889 837 958 891 et
986 828 1172 892 filiae
1200 827 1426 891 Ducis
1447 877 1462 908 ‚
1496 829 1752 892 devote
1783 845 1907 891 eos
1935 828 2367 907 accipientes
2390 877 2403 906 ,
2430 827 2727 891 summis
2746 827 3011 890 deside·

543 936 672 1000 riis
713 927 1056 1016 optabant
1103 943 1180 998 ut
1231 935 1478 998 crebro
1529 951 1654 998 eas
1696 934 2069 1014 inviseret,
2120 952 2282 998 cum
2330 933 2641 1015 quotidie
2682 934 2821 997 illis
2870 950 3017 996 cer-

545 1042 840 1106 tandum
870 1051 1057 1106 esset
1091 1058 1254 1105 cum
1281 1051 1542 1120 matre;
1576 1050 1644 1104 et
1674 1057 1832 1105 cum
1873 1041 1945 1104 id
1987 1040 2157 1105 Dux
2195 1041 2650 1122 intelligeret,
2682 1041 2915 1120 magis
2944 1040 3016 1136 in

545 1149 698 1213 dies
744 1149 1195 1213 animabatur
1237 1149 1329 1214 ad
1371 1149 1551 1213 haec
1595 1149 1870 1212 zizania
1914 1166 2007 1212 ex
2049 1158 2199 1212 tota
2243 1150 2418 1212 urbe
2456 1147 2915 1228 extirpanda;
2946 1156 3021 1210 et

549 1267 965 1337 pergratum
992 1256 1028 1319 f
1025 1256 1125 1320 uit
1153 1256 1251 1319 illi
1281 1273 1444 1320 cum
1473 1257 1939 1320 intellexisset
1967 1255 2044 1319 P.
2076 1255 2433 1336 Ignatium
2448 1253 2597 1335 jam
2619 1253 2782 1318 inde
2813 1255 2901 1318 ab
2930 1271 3025 1316 eo

547 1372 864 1444 tempore
904 1381 1042 1443 quo
1086 1363 1484 1443 Collegium
1527 1363 1939 1428 Ferrariam
1986 1363 2346 1441 mittebat,
2392 1361 2789 1426 arctissime
2833 1378 3020 1424 com-

553 1470 923 1534 mendasse
953 1470 1166 1533 etiam
1196 1471 1268 1533 in
1297 1470 1582 1550 scriptis
1625 1471 1640 1500 ¹
1684 1469 1760 1533 P.
1803 1469 2179 1534 Pelletario
2225 1479 2302 1532 ut
2342 1469 2629 1533 domum
2673 1467 3029 1532 Ducissae

559 1577 748 1641 serio
773 1575 1170 1657 adjuvaret.

677 1682 814 1747 130.
901 1683 1105 1764 Quod
1142 1685 1340 1764 prius
1377 1685 1655 1748 difficile
1685 1685 2044 1762 censebat,
2077 1692 2182 1762 ut,
2216 1683 2520 1762 scilicet,
2555 1683 2647 1746 ad
2675 1701 2751 1746 se
2774 1682 3025 1746 Ducis-

557 1807 712 1854 sam
739 1801 1097 1869 evocaret,
1131 1801 1299 1855 tunc
1331 1792 1615 1855 tandem
1649 1790 1902 1866 effecit,
1937 1793 2314 1854 occasione
2338 1790 2761 1871 proditionis
2794 1789 3027 1870 cujus·

551 1897 750 1974 dam,
784 1915 998 1978 quam
1029 1897 1372 1961 haeretiei
1411 1897 1912 1976 moliebantur,
1957 1898 2078 1978 qui
2114 1897 2447 1961 comitem
2486 1895 2863 1977 quemdam
2898 1907 3026 1960 aut

554 2005 1040 2068 marchionem
1070 2004 1366 2069 Geneva
1394 2006 1756 2080 miserant,
1792 2005 1934 2085 qui,
1967 2004 2213 2067 habitu
2241 2004 2628 2084 incognitO,
2662 2003 2853 2084 apud
2875 2004 3018 2067 Du-

555 2111 815 2175 015sam
843 2111 1105 2188 fuerat,
1140 2121 1210 2178 et
1241 2129 1460 2193 usque
1489 2113 1584 2176 ad
1621 2130 1752 2176 sex
1793 2113 2012 2176 horas
2053 2111 2283 2174 noctis
2312 2111 2383 2175 in
2408 2111 2559 2174 suis
2588 2111 2882 2175 zizaniis
2920 2128 3027 2174 se-

559 2218 909 2282 minandis
946 2219 1355 2299 perstiterat
1393 2228 1463 2282 et
1493 2218 1841 2283 Ducissae
1888 2219 2497 2298 perseverantiam
2528 2219 2600 2280 in
2631 2219 2869 2282 carnis
2900 2235 3030 2282 esu

455 2325 464 2332 ’
559 2337 1016 2404 persuaserat
1044 2328 1098 2406 ’3
1143 2325 1333 2406 quod
1371 2343 1534 2390 cum
1568 2325 1736 2390 Dux
1774 2325 2287 2403 intellexisset,·
2316 2342 2475 2388 eam
2514 2325 2605 2390 ad
2643 2324 3032 2390 Castellum

660 2497 672 2516 “
730 2493 862 2538 Vide
883 2506 1061 2548 supra,
1083 2501 1120 2540 t.
1142 2505 1202 2547 11,
1221 2507 1342 2550 pag.
1366 2495 1458 2549 187,
1480 2502 1655 2540 annot.
1679 2496 1717 2538 1.

638 2566 661 2598 ἱ
716 2565 897 2610 Sermo
918 2565 1002 2610 hic
1024 2578 1137 2610 csse
1157 2568 1367 2611 videtur
1387 2567 1450 2610 de
1475 2567 1754 2611 Francisco
1777 2566 1953 2612 Morel.
1973 2577 2125 2622 quem
2154 2566 2371 2611 Geneva
2392 2565 2641 2612 Calvinus
2670 2566 2810 2611 misit
2839 2565 3033 2611 Ferra-

561 2637 695 2680 riam
713 2639 808 2680 sub
829 2638 1030 2683 initium
1053 2639 1294 2686 Anzusti.
1316 2639 1494 2683 “Cette
1517 2639 1824 2683 desaillance
1845 2638 2140 2689 (Ducissae)
2172 2639 2304 2682 dura
2324 2650 2439 2694 peu;
2463 2650 2529 2682 un
2560 2649 2798 2682 nouveau
2822 2649 3028 2692 person·

563 2719 696 2762 uage
729 2711 910 2753 venait
944 2709 1204 2753 d'arriver
1225 2711 1256 2753 a
1289 2707 1533 2762 Ferrare,
1568 2711 1692 2754 dont
1714 2710 1999 2754 l'lnfluence
2032 2720 2123 2754 sur
2144 2711 2219 2753 les
2241 2712 2577 2754 evenements
2616 2709 2703 2759 qui
2738 2711 2955 2754 allalent
2974 2720 3037 2752 se

563 2781 802 2824 derouler
823 2780 1004 2825 devait
1024 2784 1135 2824 etre
1158 2781 1400 2836 decisive,
1420 2783 1469 2825 le
1489 2781 1721 2826 ministre
1744 2781 1973 2834 franceis
1994 2780 2169 2835 Μαι-ει,
2188 2781 2429 2836 seigneur
2448 2780 2510 2824 de
2545 2779 2817 2834 Colonges.

639 2851 872 2906 “Caii-in,
892 2857 1184 2908 prevoyant
1205 2864 1304 2907 que
1325 2854 1378 2898 la
1398 2853 1646 2897 duchesse
1667 2853 1830 2897 serait
1864 2864 1930 2897 en
1952 2855 2097 2898 butte
2128 2865 2231 2897 aux
2262 2855 2377 2908 plus
2399 2853 2554 2896 rudes
2588 2859 2831 2906 attnques
2852 2859 2905 2896 et
2924 2853 3031 2896 mal

559 2927 649 2967 sur
671 2925 732 2968 de
753 2935 814 2968 sa
833 2924 1067 2978 fer-mete,
1091 2926 1158 2968 lui
1180 2925 1326 2970 avait
1364 2925 1576 2970 adresse
1614 2936 1811 2969 comme
1832 2925 2002 2979 gulde,
2038 2925 2138 2968 l’un
2161 2925 2251 2968 des
2288 2925 2517 2968 hommes
2540 2936 2605 2968 en
2624 2923 2711 2978 qui
2744 2925 2779 2968 il
2812 2922 2961 2968 avait
2982 2924 3034 2966 le

561 2996 676 3048 plus
689 2996 754 3039 de
773 2995 1036 3041 constance
1055 3003 1108 3041 et
1129 2998 1215 3051 qui
1237 2999 1307 3041 lul
1327 2998 1569 3041 semblait
1589 2998 1636 3040 le
1653 2999 1768 3051 plns
1788 2997 1962 3041 habile
1979 2997 2303 3041 dialecticien
2322 2997 2489 3050 parmi
2510 3007 2595 3041 ses
2613 2996 2871 3050 disciples.
2887 2994 3032 3040 Dans

560 3069 612 3110 la
628 3068 784 3111 lettre
809 3079 905 3122 par
943 3069 1164 3122 laquelle
1187 3069 1224 3112 il
1243 3069 1587 3114 1'accredltalt
1605 3072 1796 3123 aupres
1817 3069 1982 3122 d'elle‚
2006 3067 2195 3112 Calvia
2216 3068 2388 3113 disait:
2414 3066 2665 3117 Madame,
2704 3067 3035 3122 l’inqnietude
3070 3066 3083 3080 ⁶

562 3137 772 3194 d’esprit
794 3141 856 3183 οὺ
873 3140 964 3195 j'ai
1003 3144 1088 3184 ete
1107 3140 1290 3195 depuis
1308 3152 1406 3195 que
1431 3147 1580 3185 votre
1600 3139 1782 3184 ancien
1801 3142 2067 3184 serviteur
2082 3139 2292 3192 (Jamet)
2309 3151 2467 3194 passa
2488 3151 2585 3194 par
2620 3140 2701 3192 ici,
2724 3139 2821 3184 m’a
2842 3139 2939 3184 fait
2968 3151 3035 3182 en

561 3211 612 3254 la
633 3209 702 3254 fin
719 3211 952 3265 changer
987 3212 1048 3254 de
1069 3213 1278 3266 conseil;
1311 3212 1546 3257 combien
1579 3223 1676 3266 que
1698 3212 1759 3255 de
1793 3212 1961 3266 prime
1992 3212 2106 3256 face
2136 3212 2327 3267 j'avais
2357 3214 2513 3266 pense
2545 3223 2673 3266 pour
2708 3213 2753 3254 le
2776 3211 2948 3255 mieux
2969 3211 3031 3255 de

562 3283 844 3336 suspendi-e
865 3285 914 3327 le
934 3294 1142 3340 voyage
1163 3283 1225 3328 de
1264 3285 1502 3328 l'homme
1523 3284 1708 3338 duquel
1726 3285 1780 3338 je
1803 3295 1933 3327 vous
1952 3285 2103 3329 avsis
2137 3283 2285 3337 ecrit,
2309 3285 2345 3327 il
2384 3287 2482 3328 m'a
2520 3285 2714 3328 semble
2749 3295 2863 3337 que,
2900 3294 3035 3336 pour

563 3357 611 3399 le
629 3356 812 3409 moins,
833 3355 868 3399 il
891 3367 953 3399 ne
973 3356 1210 3410 pourrait
1235 3355 1394 3400 faillir
1415 3356 1478 3400 de
1499 3367 1630 3400 vous
1649 3356 1792 3401 offrir
1813 3366 1908 3400 son
1928 3355 2133 3400 service
2154 3368 2217 3399 en
2239 3357 2312 3399 tel
2344 3355 2520 3400 bes-oin
2552 3366 2661 3408 car,
2691 3356 2735 3399 si
2755 3365 2884 3400 nous
2912 3355 3033 3398 lais-

559 3436 680 3470 sons
699 3437 882 3482 passer
919 3427 1198 3472 roccasion
1217 3427 1278 3471 de
1303 3439 1430 3471 vous
1449 3428 1696 3483 secourir‚
1737 3429 1772 3472 il
1801 3441 1836 3485 y
1867 3428 2043 3472 sursit
2076 3429 2275 3482 danger
2306 3427 2389 3484 d'y
2428 3427 2579 3471 venir
2612 3433 2728 3481 trop
2764 3427 2901 3470 tard.
2932 3425 3033 3478 J'al

559 3497 724 3542 choisi
743 3500 790 3543 le
813 3502 1021 3554 present
1040 3505 1270 3554 portent.
1291 3498 1544 3544 Francols
1559 3501 1622 3546 de
1641 3499 1819 3553 Μαι-ει,
1840 3499 1905 3543 Μ.
1928 3500 1991 3544 de
2008 3499 2279 3554 omotages,
2301 3510 2497 3544 comme
2516 3499 2549 3543 1·
2570 3499 2789 3544 homme.
2804 3497 2890 3553 qui
2910 3508 3031 3542 sera

559 3571 609 3613 le
628 3573 744 3625 plus
764 3581 970 3626 propre,
991 3573 1024 3614 a
1045 3582 1161 3615 mou
1180 3572 1311 3624 avis,
1347 3582 1410 3614 en
1434 3579 1604 3616 tontes
1635 3578 1805 3616 sortes
1825 3578 1877 3615 et
1912 3582 2041 3626 pour
2077 3572 2129 3614 la
2150 3571 2381 3615 doctrine
2418 3583 2516 3625 que
2545 3581 2676 3625 pour
2704 3572 2851 3614 l’etat
2891 3570 3029 3613 d’au-

535 3632 542 3638 ’
567 3641 776 3686 monier.
815 3642 950 3686 Pour
987 3653 1046 3686 ce
1078 3643 1199 3697 qu‘il
1234 3650 1314 3687 est
1348 3643 1716 3698 gentilhomme
1755 3643 2029 3688 d’honnete
2063 3639 2276 3693 maison,
2310 3644 2346 3687 11
2377 3654 2441 3687 en
2473 3654 2595 3688 sera
2644 3643 2879 3686 d'autant
2917 3643 3041 3696 plus

565 3715 812 3759 mettable
833 3725 1022 3758 envers
1041 3725 1174 3758 ceux
1194 3716 1278 3769 qui
1301 3725 1364 3758 ne
1384 3716 1669 3760 cherchent
1690 3716 1806 3770 qu'a
1825 3716 2033 3760 reculer
2048 3717 2125 3760 les
2144 3717 2288 3760 bons.

645 3855 834 3911 „Morel
853 3857 1002 3901 avait
1021 3857 1186 3911 quitte
1210 3855 1420 3902 Geneve
1439 3869 1560 3902 vers
1577 3860 1624 3903 le
1642 3859 1672 3902 5
1689 3863 1830 3912 aeut,
1851 3860 1891 3903 il
1910 3859 2001 3903 dut
2018 3858 2227 3903 art-iver
2242 3861 2275 3902 a
2298 3856 2522 3902 Ferrare
2541 3858 2627 3901 dix
2647 3859 2682 3901 a
2699 3856 2879 3911 quinae
2892 3856 3043 3910 Jours

571 3929 686 3982 plus
705 3929 842 3972 tard-
873 3927 1046 3972 Renee
1079 3931 1126 3973 le
1149 3929 1228 3973 vit
1257 3940 1319 3972 en
1350 3937 1521 3975 secret
1555 3931 1814 3986 plusieurs
1841 3931 1985 3984 fois.‚‚
2020 3929 2409 3983 Rooocmmcm,
2433 3931 2467 3973 l.
2489 3941 2547 3984 α,
2580 3940 2690 3983 cap.
2708 3939 2782 3983 ιι,
2816 3939 2937 3984 pag.
2958 3928 3041 3972 243

575 4007 629 4044 et
647 4000 740 4044 24⁴.
1805 4033 1812 4040 .

651 4072 733 4116 En
764 4072 924 4117 etiam
954 4085 1086 4128 quae
1118 4074 1276 4118 habet
1297 4073 1515 4128 Bai-toli,
1546 4076 1612 4119 ad
1637 4076 1821 4120 melius
1851 4075 1989 4119 hunc
2018 4087 2051 4120 a
2071 4073 2290 4118 Calvino
2323 4075 2533 4120 missum
2559 4074 2933 4129 designandum
2956 4085 3041 4127 op-

569 4151 806 4196 portuna:
823 4144 974 4189 “Cosl
993 4147 1304 4200 consignato
1326 4158 1354 4190 e
1373 4147 1593 4191 secondo
1613 4147 1820 4192 malitia
1840 4147 2106 4202 appostosi
2128 4153 2311 4201 troppo
2332 4147 2384 4190 al
2405 4157 2549 4192 vero.
2562 4147 2608 4190 le
2626 4147 2765 4190 invio
2780 4145 3042 4199 (Calvino)

561 4228 657 4270 per
677 4219 724 4260 le
746 4223 895 4271 poste
917 4229 986 4260 un
1005 4225 1147 4262 certo
1164 4219 1254 4273 gia
1273 4219 1540 4262 cavallere
1559 4219 1805 4263 cattolico
1825 4219 1969 4268 (altri
1991 4219 2028 4262 il
2058 4219 2331 4262 chlamano
2360 4217 2541 4271 Conte,
2574 4219 2698 4262 altri
2731 4216 3042 4268 Marchese).

565 4298 653 4332 ma
670 4288 767 4332 che
787 4289 884 4333 che
905 4301 1008 4333 una
1026 4291 1175 4334 volta
1196 4291 1238 4334 si
1260 4290 1411 4343 fosse,
1433 4301 1526 4334 era
1545 4292 1599 4334 al
1619 4297 1860 4344 presente
1882 4303 1949 4334 un
1968 4291 2170 4335 ribaldo
2192 4296 2455 4345 apostata,
2476 4301 2505 4333 c
2526 4290 2577 4334 in
2613 4290 2787 4344 quella
2816 4288 3017 4342 egualis
3098 4341 3103 4344 Ι

565 4359 699 4403 sima
713 4370 1032 4405 comunanza
1049 4361 1127 4405 de'
1142 4361 1439 4416 Genevrlni‚
1463 4363 1735 4416 reduttosi,
1757 4375 1790 4407 a
1809 4373 1907 4406 non
1930 4374 1988 4407 so
2009 4364 2129 4417 qual
2148 4363 2390 4406 mestiere
2412 4362 2725 4415 meccanico‚
2750 4359 3042 4413 bottegajo:

567 4441 650 4474 ma
671 4441 762 4485 per
781 4443 1038 4486 possanza
1057 4433 1107 4478 di
1131 4434 1308 4488 lingua
1329 4436 1408 4478 nel
1431 4435 1719 4479 discurrere
1739 4435 1882 4480 della
1896 4434 2069 4486 Secta,
2087 4434 2303 4478 riuscito
2319 4444 2423 4478 una
2439 4433 2573 4477 delle
2591 4435 2739 4478 lance
2756 4433 3041 4489 incautae,

569 4503 616 4544 le
635 4504 778 4557 quali
800 4502 1021 4548 Calvino
1057 4515 1151 4549 era
1169 4517 1262 4552 uso
1296 4505 1650 4560 d'adoperare,
1684 4506 2021 4562 spignendole
2040 4516 2143 4560 qua
2162 4518 2190 4548 e
2220 4507 2275 4550 la
2302 4505 2369 4550 ad
2403 4506 2695 4558 abbattere,
2724 4515 2779 4549 se
2811 4505 2861 4547 n’
2888 4514 3049 4551 evea»

567 4571 814 4620 Cattolicl
835 4575 886 4619 di
907 4587 1040 4630 gran
1061 4587 1226 4632 nome,
1247 4578 1343 4622 che
1365 4581 1470 4623 mal
1491 4578 1639 4622 fermi
1659 4579 1703 4622 si
1741 4585 2005 4622 tenessero
2034 4577 2087 4622 in
2114 4578 2291 4629 sella...
2324 4576 2467 4622 Deli·
2498 4578 2690 4622 istoria
2720 4576 2863 4620 della
2894 4576 3039 4619 Com-

565 4646 774 4700 pagm'a
795 4647 855 4690 dn·
877 4646 1036 4697 Gesa,
1055 4647 1117 4691 L'
1137 4649 1320 4703 ltalia,
1335 4651 1523 4704 prima
1539 4653 1722 4704 parte,
1739 4651 1829 4694 lib.
1847 4651 1891 4704 3,
1914 4661 2027 4705 cap.
2051 4651 2116 4699 11.
2134 4661 2251 4704 pag.
2276 4649 2367 4700 135,
2386 4650 2510 4693 edit.
2532 4649 2761 4700 Tauria..
2787 4647 2905 4692 1825.

649 4716 857 4763 -Circa
879 4719 1114 4764 carnium
1136 4721 1313 4766 diebus
1333 4709 1512 4766 iretitis
1533 4733 1692 4777 esum,
1714 4723 1774 4767 de
1797 4734 1896 4777 quo
1933 4721 2162 4766 affirmat
2184 4721 2439 4766 Polancus
2472 4721 2606 4776 quod
2636 4731 2807 4764 comes
2830 4720 2916 4765 hic
2948 4730 3043 4764 seu
