3742 5392
1637 481 1767 539 ΑΝ.
1811 479 1949 538 1554
2934 481 3035 541 301

565 626 850 707 jusdam
873 625 1094 689 vicini
1115 626 1253 690 loci
1277 626 1416 703 (cui
1438 626 1760 705 Antoing
1794 625 1810 657 ²
1834 643 2094 690 nomen
2118 636 2226 690 est
2255 646 2474 708 prope
2506 627 2935 706 Tornacum)
2966 636 3044 691 ut

571 734 643 797 in
695 733 1251 814 quadragesima
1301 733 1397 796 ibi
1437 733 2027 811 concionaretur,
2072 734 2197 796 sed
2246 735 2468 797 noluit
2518 734 3045 799 franciscanum

571 840 952 921 quemdam
995 840 1606 918 concionatorem,
1649 858 1858 920 quem
1896 838 2047 918 Jam
2088 839 2429 920 habebat,
2473 842 2727 921 quique
2768 841 3043 905 concio-

569 947 728 1011 nari
758 948 830 1010 in
862 945 1429 1026 Quadragesima
1456 955 1813 1027 coeperat,
1840 947 1978 1011 hoc
2010 947 2457 1012 incommodo
2482 946 2783 1027 afficere,
2811 958 2881 1011 et
2899 966 3043 1012 ma-

569 1070 788 1133 gnam
811 1052 960 1134 J'am
990 1054 1079 1117 ab
1108 1054 1264 1133 ipso
1293 1053 1494 1116 initio
1525 1071 1773 1118 curam
1802 1054 2052 1117 habuit
2082 1054 2649 1117 benevolentiam
2680 1055 3041 1135 religioso·

570 1177 730 1223 rum
759 1159 1190 1224 conciliandi
1219 1177 1306 1223 ac
1334 1160 1704 1235 retinendi.
1737 1160 1898 1224 Non
1926 1170 2165 1225 tamen
2194 1162 2315 1225 illa
2338 1159 2764 1240 sufficiebat,
2792 1171 2861 1225 et
2884 1160 3045 1225 ideo

570 1267 781 1331 amici
801 1284 964 1331 eum
984 1268 1457 1331 hortabantur
1481 1284 1571 1330 ne
1599 1267 1754 1330 sine
1777 1266 2323 1331 Cameracensis
2346 1266 2681 1349 Episcopi
2704 1267 3043 1331 facultate

571 1374 1146 1451 concionaretur,
1181 1390 1270 1435 ne
1299 1373 1619 1453 religiosi
1649 1374 2102 1437 occasionem
2144 1374 2488 1437 haberent
2528 1375 2898 1438 molestiae
2938 1376 3036 1437 in-

569 1480 932 1561 ferendae3
965 1480 1090 1545 sed
1119 1481 1236 1544 ille
1272 1478 1295 1511 ⁹
1338 1481 1515 1543 satis
1553 1497 1712 1544 esse
1757 1480 2211 1545 existimabat
2256 1483 2319 1544 si
2361 1482 2453 1544 ab
2495 1482 2667 1562 ipsis
2708 1482 3043 1562 parochis

569 1588 980 1651 facultatem
1008 1588 1334 1667 haberet3
1367 1586 1662 1651 timebat
1691 1587 1882 1650 enim
1909 1604 1998 1650 ne
2030 1588 2149 1651 diu
2184 1588 2519 1651 retineret
2558 1588 2745 1669 apud
2789 1605 2865 1651 se
2903 1590 3041 1670 pri-

570 1693 832 1773 vilegia
862 1691 1242 1758 Societatis
1269 1694 1665 1775 Episcopus
1694 1692 2235 1758 Cameracensis
2254 1744 2269 1774 ,
2302 1696 2364 1759 si
2394 1696 2483 1757 ab
2512 1713 2597 1758 eo
2625 1694 3039 1759 facultatem
3074 1693 3086 1704 ‘

569 1810 864 1881 peteret.
909 1800 1267 1865 Audiebat
1301 1801 1518 1864 etiam
1562 1801 1965 1881 aliquorum
1999 1800 2506 1866 confessiones:
2542 1802 2877 1865 admonet
2919 1819 3038 1865 au-

573 1917 710 1971 tem
755 1908 832 1971 P.
882 1907 1236 1989 Ignatium
1279 1906 1302 1937 ³
1346 1908 1657 1971 Tornaci
1696 1926 1737 1970 a
1776 1894 2145 1972 canonicis
2190 1918 2257 1971 et
2295 1911 2557 1989 populo
2604 1925 3041 1989 magnopere

571 2014 648 2077 P.
703 2014 1114 2095 Quintinum
1157 2015 1582 2093 desiderari,
1627 2025 1696 2079 et
1737 2014 2017 2079 difficile
2058 2016 2211 2079 sine
2254 2016 2406 2097 ejus
2449 2016 2855 2096 praesentia
2898 2032 3041 2079 ma-

569 2137 794 2201 gnum
822 2121 1133 2185 fructum
1162 2140 1252 2186 ex
1281 2139 1366 2185 ea
1396 2123 1689 2185 civitate
1719 2122 1971 2185 referri
2013 2140 2222 2204 posse
2266 2120 2660 2186 affirmabat
2681 2172 2696 2202 ,
2742 2140 2904 2187 cum
2943 2133 3045 2186 ta·

571 2246 734 2292 men
764 2229 884 2291 illa
917 2228 1174 2292 civitas
1204 2246 1651 2309 summopere
1681 2231 1875 2291 cultu
1907 2228 2292 2309 indigeret;
2325 2241 2655 2309 paratum
2684 2248 2762 2293 se
2801 2241 3043 2294 tamen

572 2335 945 2415 offerebat,
977 2336 1038 2399 si
1075 2336 1476 2400 obedientia
1505 2344 1758 2399 sancta
1787 2336 1978 2400 aliud
2008 2336 2429 2417 injungeret.

695 2442 836 2507 643.
924 2440 1336 2524 Spiritualia
1375 2443 1716 2507 exercitia
1756 2443 2006 2523 paucis
2047 2442 2219 2507 dare
2258 2460 2468 2523 posse
2512 2460 2597 2505 ea
2636 2444 2708 2506 in
2750 2446 3045 2525 regione

565 2548 930 2629 judicabat
951 2599 966 2630 ‚
1001 2551 1189 2631 quod
1219 2568 1304 2614 ea
1327 2551 1669 2613 laicorum
1699 2561 1988 2630 captum
2017 2550 2473 2625 excederent,
2500 2563 2569 2613 et
2592 2551 3041 2616 sacerdotum

569 2656 940 2721 dissolutio
973 2666 1042 2720 et
1070 2658 1378 2721 ebrietas
1406 2659 1640 2721 locum
1671 2657 1772 2719 eis
1803 2657 2145 2736 exiguum
2176 2657 2400 2721 daret:
2435 2674 2578 2720 non
2598 2658 2897 2721 libenter
2920 2659 3044 2721 hu-

567 2762 877 2844 jusmodi
907 2763 1316 2828 sacerdotes
1343 2782 1420 2827 se
1449 2765 1528 2828 P.
1560 2763 1928 2828 Bernardo
1960 2761 2519 2844 conjungebant,
2545 2764 2761 2827 immo
2806 2766 3043 2843 potius

573 2871 662 2935 ab
693 2890 778 2935 eo
808 2870 1212 2951 fugiebant,
1249 2888 1410 2935 cum
1435 2880 1632 2934 tanta
1654 2872 1840 2934 inter
1861 2889 1985 2935 eos
2008 2881 2198 2935 esset
2220 2887 2497 2934 morum
2521 2871 3041 2936 dissimilitudo.

694 2976 836 3042 644.
925 2976 1103 3042 Cum
1145 2979 1232 3042 de
1270 2977 1382 3041 his
1425 2978 1768 3041 scriberet
1801 2978 2088 3041 ineunte
2132 2976 2390 3041 Martio
2429 2974 2485 3056 ⁴,
2538 2986 2607 3041 et
2656 2979 2717 3040 si
2768 2978 3043 3043 veniret

573 3083 651 3148 P.
689 3084 1070 3165 Quintinus
1097 3085 1528 3161 Tornacum,
1554 3086 1627 3147 in
1651 3084 1802 3166 ejus
1826 3084 2037 3148 domo
2069 3084 2280 3147 simul
2306 3102 2383 3147 se
2413 3102 2622 3165 posse
2660 3086 2930 3165 vivere,
2974 3096 3043 3149 et

575 3209 845 3256 vacare
874 3189 1252 3256 Societatis
1279 3192 1708 3271 ministeriis,
1743 3209 1826 3255 eo
1861 3191 2211 3255 maturius
2240 3190 2318 3254 P.
2359 3191 2679 3270 Ignatius
2720 3193 3046 3257 eumdem

572 3316 734 3363 cum
761 3299 837 3363 P.
871 3298 1184 3363 Antonio
1216 3298 1507 3363 Bucleto
1540 3299 1767 3378 misit,
1801 3315 1983 3379 quos
2010 3298 2279 3379 alioqui
2306 3299 2586 3361 mittere
2617 3299 2688 3361 in
2717 3299 3043 3379 Belgium

573 3408 1063 3471 constituerat.

688 3513 832 3577 645.
918 3514 1402 3595 Prosequutus
1429 3522 1540 3577 est
1568 3530 1789 3594 usque
1818 3513 1913 3577 ad
1940 3510 2207 3592 MaJum
2230 3530 2545 3577 mensem
2568 3530 2738 3576 suas
2761 3515 3038 3577 concio-

569 3638 696 3685 nes
725 3632 796 3685 et
827 3621 1260 3685 christianae
1304 3621 1670 3685 doctrinae
1710 3621 2085 3699 lectiones,
2136 3629 2206 3684 et
2246 3638 2393 3685 non
2436 3622 2663 3685 solum
2706 3638 3043 3685 numerus

571 3728 1043 3808 audientium,
1076 3728 1201 3792 sed
1233 3737 1303 3792 et
1332 3728 1731 3791 animorum
1769 3728 2151 3808 propensio
2192 3736 2263 3791 et
2301 3729 2574 3791 fructus
2615 3729 3037 3807 augebatur;

572 3843 640 3898 et
669 3843 907 3899 tamen
939 3836 1043 3899 sic
1074 3836 1265 3900 vires
1295 3835 1620 3915 corporis
1649 3843 1808 3915 post
1831 3834 2243 3898 diuturnam
2266 3835 2787 3914 aegritudinem
2810 3834 3040 3899 firma-

571 3952 686 4005 tae
716 3941 1032 4022 fuerant‚
1063 3952 1142 4005 ut
1183 3942 1258 4004 in
1287 3942 1401 4004 die
1438 3941 1722 4004 veneris
1769 3940 1999 4003 sancti
2038 3951 2344 4021 quatuor
2384 3941 2605 4005 horas
2649 3942 2735 4006 de
2774 3942 3041 4022 passio-

569 4150 786 4193 licencie
807 4161 872 4193 en
891 4149 1154 4204 theologie
1173 4181 1196 4201 „
1215 4148 1513 4201 Danaen,
1535 4146 2023 4193 L'etablissement.
2046 4152 2166 4200 etc„
2202 4156 2323 4201 pag.
2356 4145 2641 4190 nst-vide
2663 4148 2827 4191 etiam
2850 4146 3046 4191 Canas

571 4222 637 4265 de
660 4221 771 4265 San
791 4222 1030 4275 Ignacio,
1052 4227 1089 4264 t.
1111 4232 1163 4266 v.
1185 4232 1306 4275 pag.
1336 4220 1428 4272 1⁴1,
1450 4224 1626 4263 annot.
1647 4220 1690 4262 3.

656 4295 672 4326 ¹
731 4293 961 4339 Antonio
980 4294 1174 4347 legitur
1194 4294 1243 4336 in
1263 4298 1411 4336 textu
1431 4292 1693 4346 originali,
1717 4292 1809 4337 sed
1827 4302 1979 4335 error
2001 4290 2215 4335 evidens
2236 4296 2332 4334 est.

649 4367 673 4399 2
727 4366 784 4409 P.
807 4365 1108 4410 Ber-nardus
1129 4362 1408 4409 oliverius.

651 4438 674 4470 ³
727 4437 960 4491 Litteris,
981 4446 1200 4492 quarum
1219 4448 1378 4491 supra
1398 4435 1590 4479 mentio
1611 4436 1754 4479 facta
1770 4442 1866 4479 est.

653 4514 677 4545 ⁴
730 4510 842 4555 Has
869 4508 1124 4553 Bernardi
1154 4506 1374 4553 oliverii
1407 4508 1618 4551 litteras
1646 4506 1873 4551 nondum
1904 4507 2210 4561 reperimus.
2233 4507 2388 4550 Alias
2410 4512 2519 4550 toto
2560 4506 2655 4550 hoc
2690 4517 2825 4551 anno
2861 4506 2923 4549 de
2958 4506 3041 4549 his

571 4582 986 4629 Tornacensibus
1005 4582 1158 4624 rebus
1178 4579 1405 4634 scriptas
1425 4580 1678 4631 dabimus,
1700 4578 1810 4623 Deo
1839 4579 2079 4634 juvante,
2114 4580 2164 4621 in
2194 4577 2345 4623 Nova
2366 4578 2501 4621 serie
2530 4578 2831 4622 litterarum
2854 4576 3037 4621 Sancti

569 4654 782 4710 Ignatii.
800 4652 1060 4698 Nonnulla
1088 4652 1248 4695 etiam
1277 4652 1545 4705 attingunt
1568 4650 1832 4695 Adrianus
1853 4650 2235 4695 Adriaenssens
2254 4655 2307 4693 et
2340 4649 2600 4693 Arnoldus
2620 4648 2826 4693 Hezeus
2847 4648 3045 4695 litteris

571 4730 679 4773 suis
699 4724 1166 4782 quadrimestribus
1181 4724 1292 4778 jam
1310 4724 1464 4767 editis
1493 4728 1546 4767 et
1567 4723 1795 4768 edendis-
