3742 5392
740 508 852 567 590
1664 504 1921 563 Cimon.
1962 500 2112 563 Soc.
2155 502 2293 575 JEs.

872 655 1048 718 1255.
1140 651 1345 731 Quod
1377 662 1611 714 autem
1642 666 2076 729 magnopere
2107 650 2494 713 commovit
2530 649 2886 713 hominem
2930 669 3068 714 non
3105 664 3206 714 ta-

748 764 946 825 cebo.
982 760 1471 824 comitabatur
1502 757 1577 820 P.
1610 758 2074 820 Franciscum
2111 756 2396 836 quidam
2427 776 2516 819 ex
2547 756 2884 821 fratribus
2913 760 3198 835 nostriS,

750 871 1066 953 Joannes
1094 866 1355 930 Paulus
1384 866 1589 929 Borel
1624 864 1665 941 ¹,
1701 870 1858 927 cur'n
1893 862 1966 925 P.
2001 862 2236 926 Natali
2268 863 2339 925 in
2368 863 2789 944 Hispaniam
2823 866 3100 945 missus,
3136 876 3206 929 et

752 975 1241 1039 admirabatur
1269 972 1649 1052 Mosquera
1680 970 1868 1049 quod
1897 970 1972 1032 P.
2007 969 2470 1033 Franciscum
2501 987 2630 1051 pro
2663 988 2857 1035 more
2903 972 3206 1035 Patrem

746 1092 1066 1160 vocaret,
1115 1091 1183 1143 et
1248 1080 1319 1141 V.
1368 1078 1488 1157 R„
1536 1087 1605 1142 et
1644 1078 1833 1158 quod
1873 1076 2081 1140 simul
2121 1094 2283 1140 cum
2327 1095 2412 1140 eo
2456 1058 2691 1141 cibum
2723 1090 3044 1160 caperet;
3079 1081 3204 1143 sed

746 1189 915 1253 illud
948 1207 1120 1269 prae
1151 1186 1453 1250 caeteris
1478 1186 1758 1249 notavit
1786 1195 1856 1247 et
1887 1184 2205 1264 plurimis
2236 1188 2307 1246 in
2357 1184 2556 1247 curia
2601 1187 2963 1259 narrabat.
3017 1188 3204 1267 quod

752 1314 915 1361 cum
944 1304 1132 1359 esset
1160 1294 1237 1357 P.
1269 1293 1700 1356 Franciscus
1730 1292 1920 1354 domi
1950 1310 2142 1370 suae,
2177 1309 2389 1371 quam
2421 1290 2756 1355 Societati
2781 1294 3199 1373 donaverat,

748 1403 1073 1484 pervenit
1104 1399 1193 1463 ad
1225 1398 1375 1479 ejus
1402 1409 1683 1479 portam
1714 1396 2095 1477 equitando
2125 1397 2438 1479 Joannes
2476 1398 2760 1477 PauIUS,
2808 1410 2876 1462 et
2916 1418 3008 1462 ex
3048 1401 3204 1481 ipso

752 1528 935 1590 equo
974 1527 1116 1572 non
1154 1506 1669 1577 descendendO,
1717 1507 1857 1569 alte
1903 1504 2080 1567 dixit
2127 1516 2200 1567 ut
2245 1505 2338 1567 ad
2372 1522 2448 1567 se
2490 1518 2836 1569 vocarent
2864 1506 2942 1570 P.
2984 1506 3202 1571 Fran-

750 1618 1053 1694 ciscum;
1114 1626 1183 1679 et
1222 1632 1382 1677 cum
1426 1612 1885 1693 egrederetur
1908 1610 1999 1674 ad
2029 1612 2259 1691 ipsum
2290 1609 2364 1674 P.
2403 1610 2853 1693 FranciscuS,
2903 1614 3200 1678 interro-

752 1724 956 1804 gavit
985 1740 1143 1787 eum
1174 1722 1486 1805 Joannes
1512 1719 1769 1782 Paulus
1794 1719 1911 1782 ubi
1935 1728 2121 1781 esset
2143 1718 2329 1781 funis
2355 1735 2494 1799 quo
2532 1722 2722 1782 mula
2760 1720 3118 1799 ligabatur
3149 1719 3194 1786 ³.

746 1834 926 1895 Cum
976 1848 1149 1910 ergo
1200 1828 1577 1908 Mosquera
1630 1827 1795 1889 olim
1850 1822 2060 1906 [eum]
2093 1822 2116 1855 ³
2156 1843 2317 1888 cum
2371 1838 2558 1888 esset
2604 1827 2676 1889 in
2717 1826 3051 1909 Aegypto
3081 1846 3204 1892 no-

748 1939 993 2015 visset,
1027 1949 1170 2001 tam
1205 1937 1343 1998 alte
1372 1936 1507 1997 hoc
1536 1934 1960 2012 impressum
1999 1942 2106 1995 est
2143 1930 2293 2011 ejus
2333 1933 2591 2009 animo,
2635 1942 2711 1996 ut
2760 1934 3027 1997 diceret
3066 1952 3201 1998 nec

751 2047 1097 2109 honorem
1145 2061 1276 2106 nec
1322 2040 1917 2105 existimationem
1961 2040 2340 2119 quidquam
2389 2056 2575 2112 esse,
2631 2039 3200 2121 quandoquidem

754 2154 936 2216 haec
966 2154 1065 2215 ita
1096 2168 1172 2215 se
1201 2149 1591 2225 habebant;
1627 2157 1696 2210 et
1726 2147 1914 2227 quod
1959 2147 2084 2209 vix
2125 2146 2310 2208 ullae
2350 2146 2731 2209 conciones
2769 2146 3193 2227 effecissent,

748 2260 928 2322 haec
960 2258 1283 2337 exempla
1316 2255 1503 2335 apud
1532 2272 1691 2317 eum
1720 2254 2195 2317 obtinuerunt.

869 2364 1046 2429 1256.
1132 2362 1670 2442 Aliquantulum
1710 2360 1801 2423 ad
1843 2358 2052 2439 hujus
2095 2360 2232 2422 viri
2271 2361 2832 2424 consolationem
2873 2361 2972 2423 ibi
3017 2378 3204 2424 com-

748 2484 1069 2537 moratus
1098 2469 1173 2533 P.
1206 2468 1656 2542 FranciscuS,
1690 2466 2194 2531 salmanticam
2221 2477 2288 2529 et
2311 2464 2745 2530 Placentiam
2767 2485 3019 2531 versus
3043 2486 3202 2549 pro-

743 2597 1038 2661 gressus
1078 2588 1205 2654 est,
1248 2586 1625 2657 postquam
1674 2574 1980 2637 fructum
2030 2574 2382 2652 insignem
2429 2574 2852 2653 Vallisoleti,
2887 2585 2956 2638 et
2997 2593 3197 2655 prae-

742 2688 987 2751 sertim
1038 2686 1109 2749 in
1157 2684 1423 2765 palatio
1475 2680 1821 2762 Principis
1869 2682 2213 2763 Joannae,
2268 2691 2413 2744 tam
2463 2682 2533 2743 in
2587 2682 2817 2761 capite
2861 2700 3077 2763 quam
3125 2684 3196 2746 in

740 2794 1079 2859 membris
1109 2793 1434 2870 cepisset,
1468 2806 1629 2851 cum
1658 2798 1943 2868 praeter
1972 2788 2322 2867 colloquia
2351 2788 2656 2867 privata,
2692 2804 2874 2869 quac
2901 2790 2989 2853 ad
3013 2808 3202 2853 com-

742 2920 953 2965 mune
982 2902 1243 2963 bonum
1282 2898 1491 2961 valde
1532 2896 2003 2977 pertinebant,
2052 2895 2514 2958 christianam
2552 2895 2951 2959 doctrinam
2997 2914 3084 2959 eo
3129 2897 3198 2959 in

740 3010 1007 3090 palatio
1038 3007 1415 3082 docuisset;
1458 3016 1527 3066 et
1571 3004 1898 3083 quamvis
1938 3003 2233 3065 molesta
2285 3002 2418 3081 ipsi
2469 3011 2656 3065 esset
2709 3004 2931 3082 curia,
2987 3022 3200 3084 quam

744 3117 1155 3195 A<gyptum
1206 3112 1535 3185 vocabat,
1590 3110 1703 3173 hic
1756 3110 2115 3189 profectus
2157 3126 2535 3187 procerum
2581 3109 2945 3190 utriusque
2987 3128 3202 3175 sexus

738 3241 902 3287 eum
955 3219 1493 3297 consolabatur,
1549 3230 1617 3279 et
1664 3216 2014 3296 Principis
2061 3215 2346 3295 quidem
2397 3216 2717 3298 Joannae
2776 3219 3202 3297 gubernatio

743 3330 975 3409 coepit
1005 3328 1133 3390 toti
1164 3343 1387 3405 regno
1419 3324 1894 3387 aedificationi
1923 3340 2101 3400 esse,
2135 3340 2299 3385 nam
2329 3332 2610 3402 praeter
2651 3328 3052 3404 exemplum
3094 3343 3195 3387 re-

740 3434 1178 3499 collectionis
1222 3450 1305 3494 ac
1348 3430 1745 3494 devotionis
1787 3430 1894 3491 sui
1936 3429 2180 3509 palatii
2223 3429 2507 3491 curavit
2548 3439 2626 3492 ut
2666 3431 2736 3493 in
2783 3432 3192 3494 carceribus

742 3686 913 3731 mente
936 3679 968 3720 a
988 3686 1181 3719 vencer
1199 3675 1251 3717 la
1274 3674 1478 3717 cumbi-e
1513 3683 1625 3715 mas
1644 3671 1756 3713 alta
1786 3671 1848 3713 de
1880 3670 1932 3713 la
1951 3670 2272 3723 perfeccion:
2294 3669 2590 3713 retiravase
2611 3680 2644 3713 a
2663 3678 2872 3714 nuestro
2908 3670 3116 3727 Colegio
3154 3673 3202 3716 lo

740 3760 855 3795 mas
876 3749 959 3792 del
980 3746 1068 3791 dia
1088 3756 1149 3789 en
1171 3744 1391 3789 Oracion
1413 3741 1663 3791 dilatada.
1685 3754 1721 3798 y
1742 3752 1773 3784 a
1790 3752 1946 3784 veces
1961 3739 2162 3784 dormis
2178 3751 2242 3784 en
2257 3742 2306 3785 el
2324 3740 2665 3795 Aposentillo,
2683 3754 2781 3795 que
2800 3743 2940 3787 tenia
2960 3742 3210 3789 senalndo

741 3832 805 3865 en
828 3821 873 3863 el
898 3818 1127 3873 Colegioz
1152 3816 1399 3859 Llamaba
1420 3814 1706 3857 Hermanos
1725 3823 1881 3869 suyos
1914 3815 1947 3854 a
1966 3813 2044 3856 los
2062 3810 2306 3865 Jesuitas;
2337 3825 2372 3868 y
2391 3812 2566 3867 decia,
2598 3824 2694 3867 que
2727 3815 2836 3857 solo
2869 3813 3095 3868 quisiera
3125 3826 3208 3859 ser

742 3892 855 3949 Rey
877 3892 939 3934 de
960 3891 1053 3934 dos
1072 3888 1303 3937 Mundus,
1322 3896 1452 3940 para
1472 3886 1659 3928 fundar
1680 3887 1711 3927 a
1731 3886 1784 3927 la
1814 3882 2125 3938 compania,
2147 3895 2182 3939 y
2203 3886 2235 3927 6.
2255 3884 2308 3927 la
2329 3882 2549 3928 utilidad
2580 3886 2790 3938 publica
2819 3886 3036 3929 muchos
3065 3886 3210 3929 Cole-

740 3967 872 4019 gioS.
894 3962 1083 4006 Barria
1104 3959 1316 4004 muchos
1336 3958 1449 4001 dias
1468 3957 1520 4000 la
1542 3956 1694 4005 Casa.
1714 3957 1934 4009 sregaba
1954 3956 2032 3998 los
2051 3956 2223 4009 platos
2245 3966 2308 3997 en
2328 3955 2380 3998 la
2401 3956 2599 4007 cocina,
2621 3957 2796 3999 servia
2819 3967 2880 3999 en
2904 3959 2950 4000 el
2971 3956 3209 4001 Refecto·

740 4036 821 4080 rio
843 4038 874 4077 a
895 4036 948 4077 la
970 4031 1128 4084 Mesa,
1150 4028 1401 4073 imitando
1422 4027 1572 4071 tedas
1592 4028 1673 4070 las
1694 4027 2031 4081 operaciones
2062 4026 2316 4069 humildes
2336 4026 2421 4070 del
2456 4027 2626 4070 Padre
2657 4026 2830 4082 Borja.
2861 4028 3092 4079 Quedose
3113 4040 3208 4073 con

743 4108 835 4150 dos
858 4105 946 4149 mil
972 4102 1201 4147 ducados
1222 4102 1284 4143 de
1308 4108 1473 4153 renim
1496 4112 1529 4155 y
1551 4100 1601 4143 10
1622 4108 1719 4152 que
1740 4099 1966 4141 sobraba
1997 4100 2028 4139 a
2047 4098 2100 4140 la
2121 4096 2365 4141 decencia
2389 4098 2450 4141 de
2473 4110 2534 4142 sn
2555 4096 2708 4151 Casa,
2729 4112 2764 4154 y
2785 4098 3034 4153 Familia,
3057 4101 3106 4143 Ιο
3133 4111 3211 4143 re-

742 4178 920 4232 partia
940 4186 1003 4219 en
1024 4176 1260 4225 limosum,
1281 4171 1665 4227 perseverando
1694 4182 1757 4213 en
1777 4176 1869 4213 tan
1904 4170 2158 4224 ejemplar
2177 4169 2300 4213 vida
2335 4169 2491 4213 hasta
2511 4171 2560 4213 el
2591 4172 2776 4213 ultimo
2797 4170 2992 4215 aliento
3025 4172 3212 4222 della*

743 4248 1083 4299 castaneus,
1104 4247 1138 4289 1.
1162 4256 1223 4299 e.,
1243 4245 1331 4287 lib.
1354 4255 1424 4294 xv,
1444 4254 1557 4297 cap.
1579 4253 1650 4297 tx,
1672 4242 1702 4297 g
1722 4242 1764 4285 2.

826 4323 839 4347 ·
910 4320 1059 4363 Alias
1078 4327 1236 4370 saepe
1257 4315 1481 4369 Joannes
1499 4315 1692 4359 Paulus
1712 4314 1974 4358 Boi-ellus.

823 4391 847 4422 ²
910 4391 1075 4434 Paulo
1096 4388 1253 4433 aliter
1272 4387 1402 4431 haec
1426 4393 1606 4430 narrat
1628 4385 1949 4429 Cmuruecos
1967 4397 1978 4429 :
1999 4384 2116 4428 “Un
2138 4384 2224 4427 dia.
2246 4396 2341 4439 que
2361 4386 2545 4427 entaba
2566 4396 2627 4427 en
2651 4386 2697 4428 el
2721 4384 2947 4439 Colegi0,
2983 4384 3068 4427 vio
3101 4395 3200 4438 qne

746 4465 795 4507 el
823 4462 1087 4507 Hermann
1109 4460 1241 4514 Juan
1264 4459 1424 4503 Paulo
1444 4458 1666 4510 Boreuo,
1688 4458 2004 4512 igualmente
2025 4456 2234 4499 sencino
2255 4468 2352 4511 qne
2374 4456 2634 4510 religioso,
2659 4458 2884 4499 {lamaba
2899 4460 2930 4499 a
2951 4457 3004 4500 la
3017 4462 3214 4509 puerta·

749 4536 830 4578 del
856 4538 1105 4589 aposento
1126 4543 1189 4576 en
1209 4542 1306 4586 que
1327 4531 1474 4574 vivia
1494 4531 1541 4572 el
1565 4528 1725 4572 Samo
1755 4528 1925 4572 Padre
1961 4526 2259 4579 Francisco,
2290 4540 2326 4583 y
2361 4538 2457 4583 que
2493 4527 2725 4571 saliendo
2755 4534 3116 4580 prontamente
3149 4528 3198 4569 le

744 4606 1079 4662 preguntaba
1099 4605 1146 4647 el
1168 4602 1431 4647 Hermano
1451 4602 1494 4644 si
1516 4602 1663 4644 sabia
1684 4600 1846 4643 donde
1869 4598 2130 4643 estuviese
2153 4601 2198 4642 el
2220 4602 2462 4643 cabestro
2483 4600 2566 4642 del
2581 4600 2890 4654 jumentillo,
2925 4601 3075 4643 sobre
3108 4609 3208 4652 que

742 4680 793 4722 el
820 4678 977 4721 venia
997 4676 1259 4719 caballero
1274 4688 1309 4727 ,ι
1334 4674 1367 4717 1.
1389 4684 1432 4717 c.

822 4750 843 4781 ³
904 4748 963 4793 P.
990 4748 1342 4791 Franciscum.
