3742 5392
781 496 892 554 3323
1703 492 1962 553 Canon,
2001 493 2155 552 Soc.
2197 496 2337 568 Jsss.

782 643 996 721 nech,
1032 643 1172 723 qui,
1207 653 1283 706 ut
1312 644 1638 723 superius
1667 642 1975 705 diximus
2012 640 2051 719 ¹,
2088 640 2417 703 Fratrem
2446 649 2769 703 nostrum
2799 640 3253 706 Dominicum

783 749 1041 813 Rivam
1071 750 1483 814 Valentiam
1510 750 1838 827 miserat,
1871 757 1947 811 ut
1977 749 2253 827 aliquos
2281 765 2373 811 ex
2404 747 2547 823 his,
2580 746 2794 827 quiin
2818 746 3245 812 Societatem

783 858 878 920 ibi
909 856 1199 921 admissi
1227 866 1502 935 essent,
1537 857 1610 919 in
1651 854 1967 919 Siciliam
2005 854 2095 917 ad
2138 872 2226 918 ea
2257 852 2577 933 juvanda
2619 856 2919 935 collegia
2968 854 3251 918 trasfer-

781 975 922 1043 ret;
957 972 1026 1027 et
1055 964 1220 1042 quia
1248 962 1324 1025 P.
1359 962 1634 1025 Natalis
1663 962 1957 1025 arbitrio
1988 961 2064 1024 Ρ.
2098 960 2462 1040 Baptistae
2494 961 2682 1024 hanc
2712 962 3121 1025 missionem
3152 980 3252 1026 re·

781 1072 1085 1151 liquerat
1108 1120 1122 1149 ,
1157 1070 1572 1133 satisfacere
1602 1069 1677 1132 Ρ.
1713 1068 2153 1148 Hieronymo
2182 1070 2428 1132 voluit.
2465 1068 2651 1131 Inter
2682 1086 2805 1131 eos
2834 1078 3094 1148 autem,
3132 1071 3248 1150 qui

781 1186 949 1240 tunc
981 1178 1182 1241 missi
1207 1186 1404 1252 sunt,
1448 1176 1581 1239 fuit
1611 1176 1863 1239 Frater
1896 1176 2165 1239 Velver
2192 1176 2215 1204 ³
2259 1186 2329 1238 et
2376 1175 2795 1239 Dominicus
2839 1176 3161 1240 Andalur
3200 1176 3244 1240 ³.

899 1284 1041 1347 717.
1129 1282 1316 1348 Inter
1348 1300 1470 1346 eos
1502 1292 1772 1363 autem,
1806 1284 1927 1363 qui
1969 1284 2039 1346 in
2082 1282 2567 1363 spiritualibus
2610 1284 2971 1347 exercitiis
3014 1283 3247 1348 Socie-

780 1392 912 1454 tati
941 1408 1019 1455 se
1049 1390 1304 1455 dedere
1335 1408 1613 1454 summo
1652 1391 2005 1455 desiderio
2051 1389 2423 1470 optabant,
2473 1389 2613 1452 duo
2656 1390 3065 1453 sacerdotes
3108 1392 3247 1456 fue-

775 1508 941 1561 runt
963 1546 980 1577 ,
1013 1515 1155 1561 non
1185 1499 1662 1562 mediocribus
1692 1496 1826 1561 Dei
1857 1497 2139 1561 dotibus
2169 1497 2501 1577 praediti;
2552 1498 2672 1577 qui
2717 1496 2853 1560 hoc
2892 1516 3081 1563 anno
3127 1500 3244 1563 ad-

777 1606 974 1669 missi
1001 1622 1146 1669 non
1174 1604 1491 1683 fuerunt,
1528 1606 1694 1685 quia
1723 1602 1799 1666 Ρ.
1831 1605 2150 1684 ignatius
2178 1603 2606 1683 quibusdam
2634 1622 2725 1667 ex
2775 1606 3012 1669 causis
3050 1608 3247 1686 prius

777 1713 1250 1776 consulendus
1280 1723 1458 1775 erat.
1491 1712 1646 1775 Hoc
1676 1712 1891 1775 etiam
1922 1720 2263 1775 autumno
2292 1710 2369 1773 P.
2402 1710 2702 1774 Carrillo
2728 1708 2776 1789 ⁴,
2810 1712 2930 1792 qui
2960 1714 3243 1776 concio-

778 1830 1076 1883 naturus
1113 1820 1522 1883 Valentiam
1563 1828 1883 1897 venerat,
1931 1834 2093 1881 cum
2124 1816 2201 1881 P.
2234 1818 2559 1898 Baptista
2600 1819 2685 1881 de
2726 1818 2983 1883 Barma
3016 1819 3103 1882 de
3142 1837 3241 1883 re-

779 1928 911 1989 bus
940 1926 1088 1989 suis
1119 1926 1516 2004 conferenS,
1560 1925 1903 1989 Societati
1943 1942 2018 1987 se
2066 1924 2323 1987 dedere
2362 1926 2749 1999 constituit:
2784 1926 2909 1989 sed
2949 1926 3098 2007 ejus
3142 1928 3241 1989 in·

777 2050 1074 2112 gressus
1111 2034 1324 2096 etiam
1365 2033 1436 2095 in
1477 2043 1887 2112 sequentem
1930 2048 2194 2095 annum
2236 2031 2499 2094 dilatus
2539 2041 2670 2094 est.
2714 2032 3103 2095 Novembri
3142 2043 3241 2095 ta-

775 2157 936 2203 men
967 2157 1208 2203 mense
1239 2140 1616 2220 quemdam
1647 2158 1735 2201 ex
1764 2139 2081 2213 Baetica,
2108 2140 2285 2201 bene
2318 2139 2389 2201 in
2420 2140 2957 2203 humanioribus
2988 2141 3242 2204 litteris

773 2247 1273 2325 exercitatum,
1331 2257 1398 2309 et
1451 2248 1670 2309 alium
1707 2265 1796 2309 ex
1838 2245 2168 2309 Sardinia
2221 2246 2293 2309 P.
2340 2246 2660 2325 Baptista
2702 2247 2773 2309 in
2814 2246 3239 2311 Societatem
3270 2254 3297 2283 κ

773 2354 1079 2433 admisit,
1115 2355 1233 2435 qui
1263 2354 1752 2434 philosophiae
1785 2354 2001 2416 dabat
2035 2371 2347 2433 operam.

895 2460 1033 2525 718.
1121 2462 1374 2525 Merito
1400 2462 1635 2542 itaque
1668 2460 1740 2523 P.
1775 2462 2205 2524 Franciscus
2226 2460 2311 2523 de
2336 2460 2623 2539 Borgia,
2656 2480 2861 2541 quem
2892 2462 3237 2527 Commis-

773 2571 1071 2646 sarium,
1117 2580 1195 2631 ut
1239 2568 1532 2632 inferius
1583 2568 1877 2643 dicetur,
1925 2568 2000 2630 P.
2046 2568 2365 2646 ignatius
2406 2569 2897 2648 constituerat,
2952 2570 3239 2633 domum

772 2675 1210 2756 probationis
1249 2676 1320 2738 in
1365 2674 1778 2753 Aragoniae
1820 2674 2205 2737 Provincia
2251 2675 2584 2737 constitui
2629 2676 2937 2755 volebat,
2982 2694 3121 2757 quo
3162 2694 3237 2739 se

771 2784 1023 2847 novitii
1054 2784 1450 2864 reciperent
1481 2793 1550 2844 et
1581 2783 1696 2845 ubi
1727 2783 1933 2845 simul
1966 2782 2459 2862 probarentur;
2491 2784 2827 2863 quoniam
2853 2783 2999 2863 Jam
3038 2786 3235 2847 multi

770 2889 1198 2953 Societatem
1227 2889 1485 2953 ibidem
1515 2890 2117 2969 ingrediebantur.
2154 2888 2629 2951 Dubitabatur
2660 2899 2895 2953 autem
2926 2908 3017 2953 an
3050 2890 3235 2954 Gan-

769 2998 952 3075 diae,
982 3014 1073 3059 an
1104 2998 1338 3078 potius
1367 2998 1764 3073 Valentiae,
1797 3016 1883 3059 ea
1915 2997 2247 3059 constitui
2279 2996 2587 3076 deberet,
2622 3016 2753 3060 nec
2796 2999 2993 3061 leves
3021 2999 3232 3061 ratio-

767 3122 894 3167 nes
925 3105 1016 3167 ad
1045 3113 1418 3185 utramque
1451 3115 1724 3183 partem
1749 3104 1824 3167 P.
1854 3103 2217 3183 Baptistae
2240 3104 2325 3166 de
2350 3104 2610 3166 Barma
2644 3106 3137 3185 occurrebant;
3164 3115 3234 3169 et

765 3211 1014 3274 fuisset
1043 3212 1158 3274 ille
1188 3212 1608 3291 propensior
1639 3212 1728 3274 ad
1765 3211 2161 3288 Collegium
2188 3210 2614 3289 Gandiense,
2668 3212 2805 3275 nisi
2843 3213 3229 3277 obstitisset

763 3319 954 3399 quod
983 3319 1464 3399 experimento
1495 3318 1999 3397 comperiebat,
2048 3335 2210 3381 cum
2242 3328 2479 3380 aestus
2510 3318 2752 3396 magni
2797 3319 3067 3398 vigent,
3115 3336 3230 3383 no-

764 3438 952 3491 stros
983 3427 1056 3491 in
1085 3428 1328 3489 varias
1371 3427 1852 3506 aegritudines
1884 3426 2211 3489 Gandiae
2246 3426 2557 3489 incidere
2588 3424 2634 3504 ⁸,
2660 3427 2779 3505 qui
2809 3436 3050 3490 tamen
3090 3428 3231 3491 Va-

765 3536 1056 3597 lentiam
1084 3534 1368 3597 deducti
1401 3534 1577 3596 bene
1617 3534 1995 3611 habebant;
2040 3544 2109 3595 et
2148 3534 2245 3596 ita
2286 3534 2477 3596 nullo
2526 3534 2733 3595 modo
2778 3534 3233 3598 Probationis

761 3642 1050 3705 domum
1078 3640 1401 3704 Gandiae
1432 3640 1808 3704 tenendam
1841 3642 2176 3704 censebat
2202 3642 2291 3702 ob
2321 3641 2651 3703 sanitatis
2680 3640 3057 3720 defectum,
3093 3642 3228 3706 nisi

765 3806 865 3813 -.—-
900 3806 919 3811 —
994 3806 1190 3813 -——-

841 3886 856 3915 ¹
919 3884 1047 3937 Pag.
1068 3882 1163 3935 212,
1185 3894 1234 3925 n.
1255 3883 1350 3925 472.

846 3956 870 3987 ¹
931 3954 991 3998 Ρ.
1018 3954 1204 3998 Petrus
1225 3954 1422 3997 Velver
1441 3955 1594 4007 (alias
1613 3956 1822 4009 saepius
1849 3961 1919 4008 et,
1952 3960 2007 3998 ut
2028 3954 2253 4007 videtur,
2279 3955 2473 3998 rectius
2504 3953 2740 4007 Belver),
2772 3954 2861 3997 “de
2890 3954 3074 3999 nacion
3100 3957 3233 4001 Ara-

753 4032 932 4083 ξοπιες,
956 4038 1052 4081 que
1074 4027 1238 4070 mutio
1259 4038 1319 4069 en
1343 4024 1538 4075 Sicilia.
1573 4026 1764 4070 Rector
1785 4027 1866 4069 del
1889 4026 2100 4079 Colegio
2116 4025 2439 4079 deBibona.„
2462 4026 2729 4077 Atvanaz,
2755 4028 2789 4069 l.
2812 4026 3049 4071 c.-Vide
3070 4028 3231 4072 etiam

757 4101 1046 4145 Acunum.
1079 4098 1400 4141 Provinciae
1419 4096 1634 4141 Siculae
1657 4096 1768 4141 Soc.
1789 4099 1906 4152 Jes,
1936 4098 2099 4142 Ortus
2120 4100 2169 4139 et
2200 4098 2312 4140 Res
2340 4100 2542 4149 geetae,
2568 4104 2719 4150 parte
2742 4108 2775 4150 1,
2800 4108 2911 4152 cap.
2934 4110 3005 4151 vt,
3026 4110 3076 4142 n.
3099 4110 3231 4143 xvn.

839 4172 864 4203 ³
917 4170 1175 4214 Aldalur?
1195 4169 1438 4213 statuere
1460 4169 1587 4212 nihii
1609 4170 1742 4213 certi
1775 4180 2062 4224 possumus,
2095 4170 2215 4224 quia
2248 4168 2429 4212 nullibi
2464 4170 2597 4212 alias
2628 4168 2779 4223 huJus
2814 4170 3123 4214 mentionem
3145 4182 3231 4215 co·

758 4243 998 4299 gnomine
1019 4252 1267 4295 expresso
1289 4242 1484 4285 iactam
1505 4242 1807 4295 reperimus,
1831 4242 2103 4296 nequidem
2123 4242 2173 4285 in
2198 4240 2489 4283 Memorial
2508 4240 2575 4283 de
2600 4240 2681 4283 los
2702 4250 2804 4293 que
2836 4242 3053 4284 residen
3074 4254 3143 4285 en
3180 4244 3233 4286 el

758 4314 962 4367 Colegio
982 4314 1048 4357 de
1080 4312 1353 4362 Valenct'a,
1373 4323 1404 4355 a
1425 4311 1481 4355 P.
1507 4313 1676 4357 Araoz
1700 4314 1930 4357 confecto
1952 4319 2002 4355 et
2024 4311 2243 4355 Romam
2281 4311 2439 4355 misso
2470 4312 2609 4356 intra
2640 4322 2871 4355 mensem
2904 4311 3227 4357 februarium

757 4386 908 4440 huius
930 4386 1052 4429 anni
1077 4384 1197 4428 1⁵54.

836 4458 862 4491 ⁴
916 4457 1082 4502 Probe
1103 4458 1188 4502 hic
1210 4457 1602 4511 distinguendus
1626 4464 1706 4501 est
1727 4468 1758 4501 a
1781 4458 1836 4501 P.
1857 4457 2058 4501 Didaco
2080 4456 2321 4509 Carrillo,
2360 4458 2523 4500 etiam
2556 4457 2935 4509 concionatore,
2958 4458 3043 4511 qni
3068 4456 3229 4501 Prae·

753 4534 954 4588 positus
975 4531 1319 4575 Provinciaiis
1340 4530 1648 4575 Provinciae
1671 4530 2001 4575 castellanae
2020 4530 2119 4574 suit
2152 4536 2203 4574 et
2230 4530 2433 4573 Abulae
2469 4528 2597 4572 obiit
2634 4539 2770 4572 anno
2806 4528 2926 4580 15713
2964 4528 3230 4581 ingressus

757 4605 892 4649 enim
923 4605 968 4649 is
997 4609 1113 4647 erat
1135 4602 1453 4647 Societatem
1475 4614 1608 4645 anno
1631 4602 1748 4645 15³9.
1775 4602 1995 4655 Casrao,
2024 4602 2267 4645 Historia
2289 4600 2378 4644 del
2408 4600 2615 4653 Colegio
2646 4600 2712 4643 de
2734 4600 2936 4651 Alc-ald,
2960 4610 2993 4649 1,
3011 4596 3225 4654 paesium

755 4676 1001 4721 Historia
1023 4674 1137 4720 Soc.
1156 4674 1289 4729 Jes..
1311 4682 1462 4731 parte
1485 4686 1522 4717 ιι
1543 4682 1595 4717 et
1615 4684 1692 4717 m.

835 4746 860 4780 ⁸
913 4746 1046 4791 Vide
1069 4756 1242 4800 supra.
1269 4754 1304 4789 t.
1329 4757 1400 4801 m,
1423 4758 1542 4801 pag.
1564 4746 1660 4798 380,
1683 4758 1731 4789 n.
1752 4746 1846 4790 837.
