3742 5392
1645 459 1772 518 ΑΝ.
1817 460 1957 519 1554
2930 460 3040 519 399

559 606 852 685 quidem
881 623 924 667 a
951 603 1278 685 plurimis
1305 613 1377 667 et
1408 620 1672 683 magna
1701 621 1866 667 cum
1895 603 2197 667 utilitate
2228 604 2406 668 haec
2436 604 2763 668 doctrina
2794 605 3003 669 audie
3022 640 3039 649 ·

566 711 801 790 batur,
834 710 1064 775 donec
1091 728 1219 791 per
1246 709 1628 774 dioecesim
1657 710 2087 791 burgensem
2117 712 2325 774 simul
2363 727 2526 775 cum
2556 710 2726 775 Dre.
2770 710 3036 775 Loarte

568 826 640 881 et
670 817 946 882 duobus
975 818 1122 881 suis
1151 816 1392 897 pueris
1420 816 1822 879 discurrere
1851 817 2089 897 coepit
2116 833 2379 896 magno
2410 835 2575 881 cum
2603 819 2755 882 zelo
2784 819 3035 883 salutis

568 924 989 989 animarum.
1023 925 1113 989 Et
1141 941 1586 1005 quocumque
1629 924 1701 987 hi
1741 924 1882 987 duo
1921 923 2171 988 Patres
2212 940 2288 987 se
2329 926 2867 1005 convertebant,
2900 943 3046 987 ma-

565 1047 758 1113 gnus
780 1030 1168 1111 spiritualis
1200 1038 1587 1112 proventus
1609 1048 1700 1093 ex
1722 1031 1859 1094 hac
1884 1030 2325 1095 institutione
2346 1049 2593 1096 eorum
2625 1032 3045 1121 industriam

571 1138 1160 1219 consequebatur.
1193 1138 1357 1201 Fu'it
1386 1146 1623 1201 autem
1673 1138 1852 1201 haec
1884 1155 2128 1202 eorum
2170 1139 2411 1202 missio
2456 1140 2667 1203 valde
2710 1152 2921 1219 grata
2952 1139 3019 1203 D

571 1244 1023 1310 Ferdinando
1054 1245 1140 1309 de
1169 1245 1538 1323 Mendoza,
1572 1244 1978 1309 Cardinalis
2016 1244 2405 1323 Burgensis
2444 1244 2671 1309 fratri.
2716 1246 2887 1311 Post
2927 1246 3043 1311 do-

567 1353 880 1417 ctrinam
903 1362 1140 1415 autem
1172 1351 1656 1415 confessiones
1688 1352 1951 1414 multae
1986 1350 2473 1428 audiebantur,
2502 1362 2570 1415 et
2592 1369 2751 1417 eam
2772 1355 3047 1433 praedi-

570 1459 761 1523 catio
789 1457 1025 1522 Patris
1054 1458 1314 1522 Loarte
1344 1458 1836 1540 praecedebat.

689 1564 834 1628 859.
921 1564 1257 1629 Precibus
1304 1564 1555 1628 deinde
1601 1564 1937 1645 Episcopi
1991 1564 2521 1644 Calagurritani
2568 1564 2618 1644 ¹,
2676 1567 2798 1647 qui
2845 1568 2939 1630 ad
2976 1568 3047 1630 id

571 1683 900 1754 nepotem
930 1689 1138 1736 suum
1166 1671 1444 1751 Burgos
1468 1672 1761 1735 miserat
1789 1672 1883 1735 ad
1908 1671 1981 1735 P.
2010 1670 2367 1751 Stradam,
2396 1672 2486 1737 ad
2509 1674 2891 1737 dioecesim
2915 1673 3043 1737 Ca·

573 1780 1092 1860 lagurritanam
1121 1779 1577 1857 transierunt,
1613 1787 1681 1841 et
1704 1779 2077 1861 utrobique
2100 1779 2487 1859 gratissimi
2509 1780 2789 1860 populis
2810 1794 3036 1849 erant,

577 1896 647 1950 et
666 1887 740 1949 in
769 1902 1031 1967 magna
1061 1885 1521 1949 veneratione
1551 1884 2019 1965 habebantur,
2054 1894 2123 1949 et
2152 1886 2249 1966 pii
2270 1885 2535 1949 laboris
2557 1886 2865 1951 fructum
2888 1888 3048 1951 ube-

573 2011 732 2059 rem
761 1994 832 2057 in
864 1994 1249 2056 multorum
1276 1992 1624 2073 spirituali
1655 1991 1979 2071 profectu
2015 1992 2437 2057 referebant.

699 2098 844 2163 860.
905 2092 1336 2163 ⁴Pendebant
1361 2099 1434 2161 hi
1458 2100 1618 2179 du0,
1647 2098 1862 2163 etiam
1886 2109 2076 2178 tunc,
2104 2117 2192 2163 ex
2217 2102 2641 2165 auctoritate
2662 2101 3053 2165 doctissimi

577 2217 650 2271 et
699 2206 960 2287 pietate
988 2206 1287 2286 insignis
1329 2206 1490 2284 viri,
1546 2205 1874 2286 Magistri
1912 2206 2168 2269 Avilae
2212 2206 2322 2285 (de
2352 2225 2492 2289 quo
2540 2208 2865 2289 superius
2911 2225 3053 2271 non

579 2314 800 2377 semel
825 2313 1018 2377 facta
1049 2324 1156 2376 est
1187 2314 1500 2392 mentio),
1535 2332 1576 2375 a
1608 2330 1746 2393 quo
1792 2313 1866 2376 in
1906 2311 2334 2377 Societatem
2376 2314 2709 2379 destinati
2748 2315 3050 2385 fuerant;

585 2432 656 2484 et
683 2420 784 2483 ita
813 2420 1192 2501 quemdam
1219 2437 1426 2483 suum
1451 2418 1795 2484 famulum
1828 2420 1915 2482 ad
1948 2438 2112 2483 eum
2141 2422 2649 2486 consulendum
2678 2424 3043 2499 miserant,

577 2544 752 2591 num
779 2527 918 2607 ipsi
945 2526 1278 2608 expedire
1311 2526 1669 2590 videretur
1699 2536 1777 2591 ut
1821 2544 2018 2590 more
2059 2526 2436 2593 Societatis
2472 2538 2643 2591 vota
2684 2546 2813 2593 sua
2855 2530 3041 2591 emit·

581 2642 834 2713 terent3
867 2642 935 2697 et
972 2651 1138 2697 cum
1169 2632 1360 2713 Mag.
1396 2634 1610 2698 Avila
1640 2650 1792 2713 eos,
1826 2634 2125 2697 remisso
2167 2633 2457 2713 famu10,
2500 2635 2593 2699 ad
2628 2653 2706 2699 se
2735 2633 2890 2699 Deo
2930 2654 3055 2717 per

591 2748 758 2803 vota
815 2740 1342 2804 consecrandos
1387 2740 1458 2803 in
1498 2737 1852 2803 Societate
1896 2740 2313 2804 adhortatus
2352 2750 2579 2817 esset,
2640 2759 2901 2822 magna
2959 2742 3057 2805 illi

581 2847 850 2911 laetitia
888 2856 957 2910 et
987 2848 1475 2911 consolatione
1506 2846 1741 2909 affecti
1780 2845 2089 2925 fuerunt;
2124 2856 2193 2910 et
2224 2848 2295 2910 in
2326 2847 2438 2911 his
2478 2847 2887 2911 ministeriis
2910 2848 3059 2928 Jam

588 2953 798 3039 dictis
826 2954 1093 3017 tamdiu
1117 2954 1188 3017 in
1213 2971 1298 3016 ea
1320 2954 1689 3035 provincia
1715 2964 2152 3033 manserunt,
2182 2955 2407 3017 donec
2423 2952 2625 3034 jussu
2648 2954 2725 3017 P.
2752 2952 3047 3027 Natalis,

575 3062 705 3141 qui
731 3062 918 3125 hanc
954 3078 1111 3123 esse
1149 3070 1456 3124 mentem
1493 3058 1570 3123 P.
1605 3060 1860 3140 Ignatii
1892 3060 2357 3139 intellexerat,
2406 3062 2931 3125 Barchinonam
2980 3081 3055 3124 se

577 3169 1030 3232 contulerunt
1058 3177 1128 3231 et
1157 3185 1319 3230 cum
1349 3168 1503 3247 ipso
1536 3167 1610 3230 P.
1649 3166 1885 3231 Natali
1918 3168 1989 3231 in
2019 3168 2300 3232 Italiam
2328 3170 2764 3249 navigarunt
2794 3170 2839 3229 ³.

671 3482 688 3514 ¹
743 3482 967 3535 joannes
988 3483 1178 3527 Bernal
1204 3482 1332 3526 Diaz
1351 3482 1414 3525 de
1435 3480 1601 3535 Lug-o.
1623 3480 1758 3525 Vide
1795 3480 1985 3525 cartas
2008 3481 2073 3525 de
2096 3482 2205 3524 San
2242 3480 2481 3534 Ignacio,
2508 3482 2721 3536 passim,
2746 3483 3059 3536 praesertim

583 3562 624 3599 t.
647 3566 706 3609 n,
727 3564 850 3612 pag.
869 3555 966 3606 245.
989 3560 1042 3597 et
1067 3554 1257 3598 Carras
1279 3566 1317 3608 y
1348 3557 1492 3596 οἰνος
1518 3552 1743 3596 escritos
1763 3552 1853 3596 del
1874 3552 1939 3595 B.
1962 3552 2021 3595 P.
2044 3552 2219 3596 Pedro
2248 3552 2444 3603 Fabro,
2471 3558 2509 3595 t.
2538 3564 2572 3603 1,
2602 3564 2725 3609 pag.
2760 3554 2853 3597 107.
2888 3554 3053 3609 Huius

589 3627 754 3670 etiam
773 3638 929 3681 saepe
949 3626 1141 3670 mentio
1163 3625 1306 3669 sacta
1326 3632 1405 3667 est
1427 3625 1477 3667 in
1499 3624 1665 3667 tribus
1687 3622 2122 3678 praecedentibus
2145 3624 2296 3678 hujus
2324 3624 2569 3667 Chronica·
2590 3625 2953 3669 voluminibus.

665 3698 689 3729 ²
743 3698 895 3742 Haud
915 3698 1064 3741 facile
1088 3703 1166 3741 est
1189 3704 1423 3740 statuere
1444 3695 1566 3750 quid
1587 3706 1749 3749 genus
1781 3696 2157 3750 dependentiae
2174 3707 2206 3739 a
2226 3706 2319 3739 suo
2340 3695 2465 3740 olim
2484 3694 2777 3751 Superiore.
2798 3696 3050 3751 Magistro

592 3768 773 3825 Avila,
809 3776 1086 3813 servarent
1120 3769 1290 3812 adhuc
1313 3767 1412 3811 PP.
1437 3767 1666 3811 Guzman
1687 3772 1738 3809 et
1762 3767 1975 3819 Loarte,
2008 3768 2095 3821 qui
2124 3768 2234 3822 jam
2254 3778 2288 3811 a
2308 3766 2505 3811 duobus
2533 3769 2682 3812 annis
2714 3768 2775 3811 de
2796 3766 3060 3813 Societate

585 3842 932 3886 habebantur.
952 3841 1159 3895 Aliquid
1181 3847 1356 3883 tamen
1377 3839 1442 3883 ad
1464 3839 1596 3881 hanc
1619 3848 1732 3881 rem
1756 3838 2119 3881 elucidandam
2147 3837 2257 3881 erui
2276 3848 2429 3892 posse
2450 3849 2721 3893 speramus
2742 3850 2807 3882 ex
2828 3840 2908 3887 iis.
2930 3851 3061 3893 quae

585 3917 642 3957 in
661 3913 811 3957 Nova
834 3912 986 3957 serie
1017 3913 1332 3957 litterarum
1363 3910 1552 3955 Sancti
1572 3909 1796 3963 Ignatii,
1819 3910 2105 3964 adjuvante
2126 3909 2251 3965 Deo,
2284 3911 2508 3955 edemus.
2532 3910 2587 3954 ln
2610 3910 2674 3954 iis
2708 3912 2845 3955 enim
2866 3913 3061 3956 videbi-

587 3992 674 4029 tur
695 3986 810 4029 ideo
827 3986 1106 4039 praecipue
1137 3984 1397 4038 Ignatium
1418 3993 1506 4026 eos
1529 3982 1746 4026 Romam
1767 3992 2041 4035 avocasse,
2062 3988 2119 4025 ut
2152 3993 2241 4025 eos
2275 3983 2501 4037 eriperet
2533 3994 2564 4025 a
2589 3982 2953 4037 iurisdictione
2982 3984 3059 4027 hi-

588 4068 784 4111 spanae
805 4055 1176 4111 Inquisitionis,
1200 4056 1266 4098 nd
1288 4066 1440 4109 quam
1463 4055 1638 4108 aliqua
1659 4054 1915 4097 adversus
1945 4064 2049 4105 eos,
2073 4060 2129 4097 ut
2150 4054 2405 4097 adversus
2434 4055 2566 4098 aiios
2596 4053 2835 4108 Magistri
2871 4054 3063 4099 Avilae

585 4130 870 4184 discipulos
891 4130 1158 4183 ipsumque
1177 4126 1500 4181 Magistrum.
1521 4127 1588 4169 ab
1621 4124 1774 4181 hujus
1807 4126 2025 4169 aemulis
2060 4126 2266 4169 fuerant
2288 4125 2480 4169 delata.
2516 4125 2773 4177 Quamdiu
2803 4132 2979 4170 autem
3011 4126 3064 4168 in

594 4200 848 4257 Hispania
880 4201 1231 4245 versabantur
1270 4205 1321 4242 et
1354 4198 1568 4254 proinde
1599 4196 1957 4252 inquisitionis
1981 4197 2329 4250 jurisdictioni
2365 4196 2706 4251 subjacebant
2736 4204 2789 4242 et
2823 4197 3061 4252 quamdiu

591 4273 687 4317 sub
702 4272 874 4328 judice
894 4270 959 4315 lis
982 4278 1115 4325 erat,
1138 4272 1397 4325 integrum
1415 4280 1514 4313 non
1534 4274 1650 4313 erat
1664 4268 1889 4323 Ignatio,
1908 4267 2069 4311 necin
2084 4268 2195 4323 ejtxs
2210 4279 2351 4312 more
2368 4268 2609 4323 positum,
2630 4279 2809 4313 eorum
2824 4275 2951 4313 vota
2972 4266 3065 4312 So·

587 4346 844 4389 cietatem
865 4342 1185 4396 ingrediendi
1205 4348 1326 4385 rata
1347 4341 1559 4385 habere.

677 4415 812 4459 Vide
833 4425 1006 4469 supra,
1025 4425 1146 4469 pag.
1163 4414 1234 4465 41.
1257 4425 1302 4457 n.
1327 4414 1397 4465 61,
1419 4418 1472 4457 et
1493 4412 1544 4456 in
1576 4412 1766 4455 Carras
1786 4412 1854 4456 de
1876 4411 1989 4455 San
2010 4410 2249 4465 Ignacio,
2270 4418 2307 4455 t.
2335 4425 2388 4466 v,
2411 4423 2531 4466 pag.
2557 4412 2655 4465 ⁴58,
2680 4411 2872 4454 Avisos
2891 4421 2993 4465 que
3016 4412 3067 4455 el

607 4487 900 4533 Venerable
932 4493 1082 4531 (nunc
1111 4488 1222 4541 jam
1253 4486 1536 4530 Beatorum
1568 4486 1688 4528 albo
1726 4495 1759 4528 a
1789 4483 1996 4527 Summo
2026 4482 2273 4527 Pontifice
2294 4482 2469 4527 Leone
2492 4482 2613 4527 XIII
2643 4482 2939 4537 adscriptus
2958 4482 3057 4533 est)

595 4560 754 4603 Avila
777 4560 866 4604 dici
885 4560 917 4603 ά
937 4570 1032 4603 sus
1053 4558 1368 4612 discipulos,
1401 4556 1464 4601 D.
1489 4556 1658 4609 Dtego
1688 4556 1753 4599 de
1779 4554 2027 4598 Guzman
2050 4566 2087 4609 y
2122 4552 2342 4609 Gaspar
2368 4552 2590 4607 Loarte,
2622 4554 2831 4597 citando
2863 4554 2989 4596 dhan
3028 4554 3061 4596 ά

595 4635 791 4677 entrar
810 4632 951 4677 enta
975 4630 1531 4687 Campania-Confer
1551 4628 1712 4673 etiam
1744 4628 1887 4671 dieta
1908 4637 2083 4682 supra,
2114 4634 2153 4671 t.
2184 4638 2239 4681 11,
2270 4638 2390 4681 pag.
2421 4625 2520 4673 647.
2554 4636 2605 4669 ιι.
2634 4624 2732 4677 51⁹,
2754 4630 2805 4667 et
2836 4625 3063 4675 litteras,

591 4714 727 4758 quas
748 4704 1018 4757 Polancus,
1042 4713 1109 4746 ex
1128 4713 1279 4755 com„
1298 4702 1442 4745 dedit
1461 4699 1609 4745 Patri
1630 4698 1948 4755 Hieronymo
1968 4696 2145 4743 Natali
2171 4699 2239 4742 1.Ιι
2258 4697 2492 4751 Januarii
2512 4696 2664 4750 hujus
2684 4696 2807 4739 anni
2826 4695 2947 4739 155⁴.
