3742 5392
720 464 829 523 446
1635 468 1892 528 Cimon.
1935 469 2088 529 soe.
2128 469 2267 542 Jns.

723 628 1002 675 morum
1043 613 1115 677 in
1156 614 1317 678 filiis
1352 616 1814 680 mutationem
1855 616 2212 695 viderent,
2258 619 2523 682 abolita
2562 635 2719 683 esse
2757 618 3185 699 juramenta,

722 719 1099 783 evanuisse
1128 721 1356 801 ludos,
1390 722 1856 786 christianam
1887 722 2289 786 doctrinam
2319 741 2445 789 eos
2488 725 2733 789 audire
2754 774 2769 805 ,
2803 725 3048 789 diebus
3077 744 3190 789 ve·

722 827 914 890 neris
942 826 1186 891 insuis
1209 829 1578 907 classibuS,
1599 830 1974 893 dominicis
1997 840 2236 895 autem
2264 834 2337 896 in
2360 842 2605 896 nostro
2628 832 2912 896 sacello.
2946 832 3189 913 Itaque

721 944 871 996 tam
897 933 1168 997 nobiles
1196 952 1410 1015 quam
1442 936 1792 1015 ignobiles
1815 938 1942 1001 vix
1971 947 2215 1017 patres
2244 956 2321 1003 se
2350 939 2884 1018 existimabant,
2919 941 2979 1003 si
3006 940 3189 1005 filios

723 1040 816 1104 ad
843 1052 1128 1105 nostros
1156 1060 1304 1107 non
1337 1043 1723 1107 mitterent.
1767 1044 1883 1109 Ad
1912 1062 2251 1125 graecam
2290 1057 2529 1110 autem
2565 1048 2943 1110 lectionem
2970 1058 3038 1111 et
3076 1066 3185 1111 ca—

719 1166 928 1213 suum
957 1150 1438 1215 conscientiae
1473 1168 1562 1214 ac
1591 1152 1979 1216 rhetorices
2018 1152 2234 1217 etiam
2260 1154 2399 1217 viri
2429 1155 2835 1218 saeculares
2872 1164 2944 1217 et
2970 1156 3187 1218 eccle-

719 1254 1050 1332 siasticii,
1085 1264 1154 1323 et
1182 1256 1468 1337 quidem
1497 1257 1685 1321 inter
1721 1276 1846 1321 eos
1878 1259 2157 1323 nobiles
2184 1261 2428 1339 valde,
2462 1260 2922 1340 accedebant;
2954 1278 3190 1341 quam-

718 1362 831 1424 vis
859 1371 1158 1442 uterque
1186 1380 1456 1439 eorum,
1490 1364 1611 1445 qui
1641 1365 2077 1429 rhetoricam
2102 1366 2435 1446 docebat,
2468 1368 2543 1431 in
2571 1368 2894 1432 morbum
2928 1368 3185 1433 incide-

718 1479 883 1532 runt
917 1467 958 1547 ¹;
992 1480 1061 1531 et
1092 1471 1420 1549 quamvis
1451 1472 1523 1535 in
1554 1472 1757 1536 initio
1785 1471 2045 1536 durum
2075 1472 2441 1538 videretur
2478 1476 2931 1539 scholasticis
2956 1476 3189 1555 singu-

715 1576 804 1639 lis
833 1576 1193 1640 mensibus
1223 1578 1574 1656 confiteri,
1616 1580 1898 1659 ipsimet
1928 1589 2177 1659 postea
2207 1580 2729 1645 confessionem
2748 1627 2762 1656 ,
2806 1590 2879 1645 et
2904 1583 3187 1663 quidem

720 1684 1096 1763 instanter,
1150 1684 1505 1764 petebant;
1559 1696 1630 1748 et
1677 1696 1826 1750 tam
1876 1688 2077 1750 multi
2129 1686 2592 1768 accedebant,
2647 1689 2862 1752 etiam
2912 1689 3187 1754 aestivo

716 1799 1057 1870 tempore,
1090 1800 1166 1855 ut
1190 1792 1338 1872 J'am
1365 1793 1646 1857 excludi
1675 1796 2077 1874 complures
2119 1805 2480 1875 oporteret
2516 1796 2704 1876 quod
2747 1796 3014 1860 classes
3063 1815 3189 1862 eos

717 1914 859 1960 non
889 1909 1262 1978 caperent;
1307 1909 1376 1962 et
1415 1900 1575 1963 ideo
1619 1901 1852 1980 magis
1896 1903 2307 1981 optabatur,
2349 1912 2427 1966 ut
2461 1900 2609 1982 jam
2652 1903 2899 1967 liceret
2927 1904 2999 1967 in
3042 1922 3183 1967 ma-

715 2021 930 2083 gnam
964 2005 1250 2069 domum
1287 2006 1377 2069 D.
1417 2006 1713 2087 Joannis
1752 2008 1839 2071 de
1884 2007 2215 2072 Corduba
2254 2011 2597 2089 transire;
2642 2011 2767 2074 sed
2806 2027 2968 2074 cum
3006 2028 3180 2074 non·

713 2110 882 2174 dum
911 2123 1098 2175 esset
1127 2125 1583 2193 praeparata,
1618 2131 1733 2178 res
1765 2114 2155 2180 differenda
2187 2126 2364 2179 erat.

834 2216 975 2281 955.
1060 2219 1497 2299 Properabat
1527 2222 1678 2301 ipse
1706 2222 2204 2301 nihilominuS,
2239 2223 2475 2303 quoad
2498 2223 2650 2303 ejus
2694 2223 2847 2287 fieri
2876 2233 3185 2304 poterat,

715 2325 787 2387 in
837 2342 922 2387 ea
961 2327 1491 2405 concinnanda,
1533 2345 1703 2390 nam
1742 2329 1815 2391 in
1864 2329 2015 2391 dies
2057 2330 2435 2393 videbatur
2484 2348 2645 2393 eum
2684 2330 2909 2393 Dnus.
2952 2332 3187 2411 magis

715 2432 1034 2495 animare
1063 2444 1133 2496 et
1163 2432 1499 2513 majorem
1529 2451 1704 2513 erga
1735 2436 2164 2499 Societatem
2194 2436 2530 2501 affectum
2552 2438 2925 2501 charitatis
2956 2438 3183 2502 eidem

717 2536 1125 2603 infundere:
1158 2540 1406 2603 crebro
1439 2552 1721 2605 nostros
1762 2528 2147 2622 invisebat,
2182 2556 2250 2606 et
2295 2544 2611 2623 ipsorum
2650 2544 2738 2607 de
2778 2544 2933 2607 Deo
2978 2546 3183 2609 collo-

717 2646 900 2726 quiis
929 2647 1139 2711 avide
1169 2648 1545 2729 intererat;
1579 2659 1648 2711 et
1676 2650 1748 2711 in
1780 2650 2012 2730 primo
2052 2650 2236 2713 festo
2282 2650 2737 2714 Pentecostes
2760 2700 2775 2730 ,
2820 2669 2980 2715 cum
3025 2653 3189 2715 duo-

719 2752 851 2817 bus
881 2754 1040 2817 aliis
1069 2756 1433 2818 canonicis
1462 2756 1554 2835 ad
1584 2757 1981 2836 Collegium
2011 2766 2343 2820 nostrum
2374 2758 2689 2836 venienS,
2722 2758 3015 2821 Missam
3035 2760 3187 2839 ipse

717 2860 1105 2926 celebravit
1134 2879 1295 2925 cum
1326 2863 1734 2927 cantoribus
1764 2872 1833 2927 et
1863 2864 2184 2944 organis;
2220 2875 2289 2927 et
2327 2877 2707 2945 postquam
2742 2866 3185 2945 spiritualem

720 2969 1279 3033 consolationem
1327 2971 1594 3033 nostris
1651 2971 1881 3051 dedit,
1931 2972 2203 3035 addidit
2256 2982 2327 3034 et
2379 2976 2825 3053 corporalem
2869 2973 3183 3037 resectio·

716 3091 880 3139 nem
910 3085 979 3138 et
1007 3093 1171 3139 cum
1199 3078 1461 3141 nostris
1489 3093 1796 3159 pransus
1825 3087 1966 3157 est,
2000 3096 2163 3141 cum
2192 3080 2347 3159 ipse
2379 3079 2575 3142 cibos
2599 3082 3017 3161 praeparari
3041 3079 3182 3159 J'us-

717 3182 960 3261 sisset3
996 3193 1063 3246 et
1093 3200 1530 3265 magnopere
1566 3187 1877 3249 laetatus
1916 3196 2025 3248 est
2066 3203 2226 3249 cum
2265 3185 2340 3249 P.
2390 3185 2706 3250 Doctore
2754 3188 3092 3251 Torrensi
3134 3188 3179 3267 ⁸,

718 3306 906 3352 novo
936 3288 1388 3369 Provinciali,
1424 3292 1544 3371 qui
1574 3292 1730 3373 ipsa
1753 3292 2005 3372 vigilia
2028 3291 2486 3356 Pentecostes
2508 3293 2917 3358 Cordubam
2936 3312 3183 3375 perve-

715 3404 942 3459 nerat.
975 3396 1066 3460 Et
1094 3397 1373 3461 dicebat
1403 3414 1480 3460 se
1511 3416 1653 3462 non
1683 3415 1901 3477 aegre
1930 3398 2117 3462 ferre
2142 3398 2329 3480 quod
2361 3400 2579 3480 aliqui
2609 3419 2698 3463 ex
2720 3402 2990 3465 nostris
3012 3401 3179 3466 Cor-

716 3502 904 3567 duba
956 3504 1370 3568 recederent
1437 3505 1580 3581 (alii
1620 3514 1858 3568 tamen
1896 3507 2223 3585 graviter
2263 3517 2634 3571 senserant
2684 3506 2759 3571 P.
2814 3507 3181 3572 Francisci

715 3610 1020 3689 Borgiae
1071 3622 1141 3673 et
1191 3608 1267 3674 P.
1320 3611 1784 3675 Bustamante
1823 3629 2185 3676 recessum
2226 3612 2305 3691 ³);
2348 3622 2415 3676 et
2460 3614 2809 3677 rationem
2851 3615 3174 3693 addebat,

717 3717 904 3797 quod
934 3727 1087 3781 tota
1116 3716 1436 3781 Societas
1467 3736 1608 3782 una
1641 3728 1852 3799 atque
1884 3719 2132 3783 eadem
2162 3721 2545 3784 videretur.
2580 3721 2906 3786 Habebat
2944 3732 3181 3787 autem

713 3823 786 3886 in
817 3824 1052 3887 animo
1082 3823 1174 3887 ad
1204 3825 1790 3889 instaurationem
1821 3825 2250 3906 studiorum,
2284 3827 2585 3907 scilicet,
2615 3827 2705 3891 ad
2729 3828 2987 3892 festum
3008 3829 3179 3892 Divi

714 3930 975 4010 Lucae,
1010 3931 1296 3994 domum
1327 3948 1531 3995 suam
1560 3931 1907 4012 majorem
1934 3944 2437 4013 praeparatam
2476 3933 2771 4011 habere,
2818 3944 2894 3997 ut
2935 3954 3017 3998 eo
3060 3953 3177 3998 no-

714 4038 841 4101 stri
873 4038 1348 4118 commigrare
1379 4048 1707 4121 possent,
1745 4050 1816 4101 ut
1849 4042 2055 4103 aulae
2086 4040 2473 4120 ampliores
2504 4040 2847 4121 majorem
2876 4042 3177 4123 discipu·

715 4146 945 4209 lorum
975 4163 1344 4210 numerum
1373 4158 1734 4226 caperent.

831 4252 972 4315 956.
1059 4251 1332 4317 Civitas
1360 4253 1538 4317 haec
1569 4253 2053 4317 Cordubensis
2084 4256 2153 4319 in
2188 4254 2419 4317 medio
2444 4255 2661 4319 totius
2682 4254 3018 4320 Baeticae
3042 4256 3177 4319 sita

791 4568 804 4597 ¹
865 4566 1075 4610 Scilicet
1099 4566 1332 4621 Salazar,
1354 4574 1408 4610 et
1429 4567 1516 4623 qui
1535 4568 1579 4610 ei
1603 4576 1947 4621 succenserat,
1972 4566 2136 4611 Roca.

789 4642 812 4670 2
869 4638 922 4683 P.
941 4638 1163 4683 Michaffl
1184 4640 1247 4682 de
1267 4639 1476 4683 Torres.

788 4711 810 4741 ὅ
867 4710 999 4754 Vide
1021 4722 1198 4765 supra,
1220 4722 1338 4765 pag.
1361 4712 1457 4764 419,
1481 4723 1527 4756 n.
1547 4710 1640 4755 905.
