3742 5392
1611 449 1738 507 Aa.
1783 451 1923 510 1554
2886 448 2999 509 383

523 594 808 673 privato
847 593 1130 658 cuidam
1167 596 1519 675 colloquio
1566 594 2024 676 interfuisset,
2070 598 2342 659 nullum
2372 596 2577 659 fletus
2622 604 2691 658 et
2730 594 2991 673 singul·

529 709 640 761 tus
669 700 880 763 finem
906 699 1235 779 faciebat,
1263 719 1395 764 nec
1418 702 1628 766 domo
1655 703 1850 767 abire
1874 703 2157 767 volebat
2182 703 2407 766 donec
2431 702 2627 765 illum
2654 702 2726 763 in
2757 698 2992 765 Socie-

531 816 750 869 tatem
780 808 994 869 etiam
1027 806 1116 869 ad
1147 806 1386 871 infima
1426 809 1668 872 munia
1707 808 2180 888 admitterent;
2217 808 2455 891 jussus
2494 818 2602 872 est
2641 817 2877 871 tamen
2921 806 2990 870 in

533 912 884 993 frequenti
915 915 1434 977 communionis
1463 932 1595 978 usu
1637 915 2048 995 aliquandiu
2079 932 2567 996 perseverare.

651 1018 793 1083 825.
877 1019 1070 1083 Inter
1109 1038 1230 1085 eos
1280 1021 1430 1102 qui,
1465 1021 1824 1101 publicato
1869 1020 2201 1103 jubilaeo,
2239 1022 2329 1085 ad
2360 1021 2745 1085 Dominum
2775 1020 2995 1085 redie-

533 1137 698 1192 runt
729 1128 872 1207 (qui
905 1144 1198 1191 numero
1229 1129 1430 1191 multi
1469 1128 1772 1207 fuerunt,
1805 1130 2139 1209 largitate
2171 1128 2375 1193 Sedis
2412 1128 2871 1210 Apostolicae
2899 1127 2997 1191 in-

535 1234 788 1314 vitati),
819 1251 1004 1299 unus
1040 1234 1170 1298 fuit
1211 1235 1350 1315 qui,
1394 1252 1558 1299 cum
1595 1236 1850 1315 viginti
1890 1234 2068 1299 duos
2099 1254 2325 1300 annos
2354 1236 2536 1299 inter
2565 1235 2997 1316 gravissima

533 1352 828 1421 peccata
861 1359 904 1404 a
935 1341 1378 1405 confessione
1409 1342 1887 1419 abstinuisset,
1922 1343 1992 1406 in
2016 1360 2173 1406 eam
2199 1343 2677 1423 cognitionem
2707 1352 2775 1404 et
2806 1340 2995 1405 dolo-

530 1464 686 1511 rem
711 1457 1172 1528 peccatorum
1199 1465 1325 1529 per
1354 1447 1877 1513 confessionem
1905 1449 2221 1527 devenit,
2266 1460 2339 1512 ut
2370 1449 2461 1512 ad
2490 1449 2997 1530 poenitentiam

531 1553 868 1635 quamdiu
901 1554 1174 1618 viveret
1219 1555 1574 1633 agendam
1604 1556 1843 1618 statim
1874 1572 1951 1618 se
1989 1556 2061 1619 in
2092 1556 2603 1619 monasterium
2640 1554 2995 1636 quoddam

532 1662 944 1742 religiosum
974 1662 1372 1725 contulerit.

652 1766 795 1833 826.
883 1768 1062 1833 Cum
1092 1768 1557 1832 domunculae
1588 1768 1941 1851 quaedam
1973 1770 2294 1850 Collegio
2338 1778 2603 1847 nostr0,
2639 1769 2827 1849 quod
2858 1768 2998 1831 Me-

533 1876 877 1957 thymnae
907 1874 1436 1958 aedificabatur,
1471 1885 1538 1938 et
1579 1877 1923 1939 ecclesiae
1964 1876 2244 1940 futurae
2285 1893 2579 1957 prorsus
2608 1884 2841 1939 essent
2884 1892 2999 1939 ne·

537 1984 920 2061 cessariae‚
955 1994 1046 2060 et,
1081 1982 1269 2062 quod
1312 1984 1691 2046 multorum
1733 1993 1972 2047 essent
2010 1984 2477 2058 dominorum,
2526 2001 2669 2046 non
2712 1992 3003 2062 possent

539 2107 787 2153 omnes
812 2089 994 2152 inter
1023 2106 1099 2151 se
1123 2090 1506 2152 convenire
1528 2098 1604 2152 ut
1627 2091 1891 2153 nostris
1914 2108 2037 2153 eas
2067 2089 2477 2170 venderent,
2506 2089 3000 2153 Vallisoletum

537 2195 633 2260 ad
663 2196 1036 2259 consilium
1070 2196 1282 2276 (quod
1312 2194 1816 2259 cancellariam
1847 2207 2106 2260 vocant
2142 2196 2183 2276 ¹)
2215 2214 2291 2259 se
2315 2196 2609 2260 contulit
2638 2195 2684 2273 ²,
2714 2206 2781 2258 et
2805 2195 3003 2274 regia

539 2303 967 2367 auctoritate
991 2304 1367 2383 impetrata
1393 2314 1464 2365 ut
1490 2304 1959 2366 domunculae
1982 2313 2403 2367 taxarentur
2424 2321 2512 2365 ac
2534 2303 2797 2366 nostris
2814 2300 3002 2381 justo

541 2412 768 2490 pretio
797 2410 1295 2483 venderentur,
1331 2408 1814 2490 Methymnam
1837 2410 2069 2489 rediit;
2103 2418 2171 2473 et
2202 2410 2301 2473 ita
2324 2410 2804 2473 intermissum
2827 2426 3004 2489 opus

535 2533 804 2597 magno
857 2517 1094 2579 animo
1152 2518 1374 2579 nostri
1427 2516 1838 2596 prosequuti
1890 2528 2075 2595 sunt,
2131 2533 2292 2579 cum
2350 2524 2814 2596 properarent
2865 2515 3003 2578 hac

541 2632 815 2687 aestate
855 2634 1116 2686 tectum
1165 2622 1577 2686 aedificatae
1620 2621 1905 2686 cuidam
1944 2624 2131 2702 parti
2175 2623 2473 2701 Collegii
2514 2623 2875 2703 imponere
2913 2640 3002 2686 ne

547 2730 830 2810 pluviae
878 2728 1244 2809 hyemales
1289 2728 1608 2792 aedificio
1652 2740 2015 2807 nocerent3
2058 2738 2127 2792 et
2170 2730 2269 2793 ita
2308 2748 2444 2807 reS,
2487 2728 2641 2792 Deo
2678 2727 2999 2810 juvante,

541 2858 583 2901 e
607 2837 956 2900 sententia
989 2838 1353 2916 successit,
1389 2854 1556 2900 nam
1587 2836 1944 2917 hyemalia
1976 2836 2243 2916 frigora
2276 2847 2343 2900 et
2366 2837 2649 2917 pluviae
2684 2846 3005 2917 opertam

545 2954 734 3008 tecto
764 2945 1050 3007 domum
1082 2944 1525 3007 invenerunt.

662 3050 802 3115 827.
892 3050 1164 3131 Quarta
1215 3050 1326 3126 die
1372 3050 1639 3131 Aprilis
1690 3049 1764 3113 P.
1819 3049 2094 3115 Natalis
2134 3051 2622 3133 Methymnam
2652 3052 2879 3131 venit,
2913 3062 3004 3131 et,

543 3167 754 3240 prout
784 3158 942 3221 aliis
971 3158 1043 3221 in
1074 3156 1410 3236 Collegiis
1448 3158 1685 3221 facere
1727 3158 1977 3221 solitus
2016 3166 2191 3235 erat,
2240 3159 2391 3221 suis
2428 3158 2871 3221 sermonibus
2912 3159 3009 3221 in·

549 3267 869 3329 stitutum
913 3274 982 3328 et
1010 3264 1565 3329 Constitutiones
1594 3262 1971 3329 Societatis
2000 3263 2433 3344 declarabat,
2477 3282 2609 3328 nec
2640 3266 2867 3328 solum
2898 3282 3009 3343 ea,

547 3372 634 3437 de
674 3374 927 3454 quibus
956 3372 1131 3435 nihil
1167 3372 1604 3451 dubitabant,
1639 3372 1787 3435 suis
1831 3372 2195 3451 responsis
2236 3373 2593 3451 solvebat,
2627 3372 2751 3435 sed
2782 3370 3011 3437 dubiis

545 3481 795 3559 etiam,
839 3496 1020 3560 quae
1059 3496 1396 3542 successu
1441 3479 1780 3559 temporis
1825 3496 2206 3543 occurrere
2235 3487 2585 3559 poterant,
2635 3478 3015 3559 responde-

545 3588 687 3651 bat.
733 3586 1026 3651 Fatetur
1069 3584 1328 3649 Rector
1367 3586 1557 3667 quod
1609 3585 2087 3667 promulgatio
2142 3582 2775 3665 Constitutionum,
2830 3604 3015 3667 quac

547 3710 995 3773 summopere
1025 3692 1306 3755 fuerant
1335 3702 1740 3773 exoptatae,
1773 3693 1967 3755 velut
2000 3692 2237 3773 ignem
2277 3691 2655 3773 quemdam
2684 3692 2757 3756 in
2789 3693 3013 3757 cordi-

547 3800 680 3864 bus
707 3800 1020 3863 omniurn
1049 3809 1456 3864 nostrorum
1496 3797 1755 3878 injecit,
1800 3808 1870 3861 et
1915 3799 2439 3879 quodammodo
2477 3798 2551 3861 in
2582 3800 2761 3863 alios
2798 3800 3015 3863 homi·

549 3926 678 3972 nes
716 3908 1201 3973 commutavit.

630 4115 646 4147 ί
707 4113 1012 4168 supremum
1033 4112 1260 4157 tribunal
1281 4124 1372 4157 seu
1393 4112 1664 4158 concillum
1683 4124 1778 4168 pro
1801 4113 2253 4159 administratione
2268 4112 2527 4169 justitiae.
2548 4112 2681 4158 “Les
2716 4114 2887 4173 Reyes
2917 4112 3020 4160 ca·

549 4188 786 4232 tollcos...
821 4186 1109 4231 ordenaron
1130 4218 1140 4239 ‚
1173 4196 1336 4239 segun
1375 4187 1425 4229 lo
1457 4186 1648 4229 habian
1679 4186 2085 4230 anteriormente
2122 4186 2387 4240 dispnesto
2420 4196 2508 4229 sus
2542 4192 2873 4231 antecesores
2888 4219 2900 4242 ,
2922 4198 3019 4243 que

549 4258 601 4301 la
624 4256 937 4300 cancilleria
957 4255 1204 4299 residiese
1226 4266 1287 4297 en
1307 4254 1359 4297 la
1381 4255 1684 4299 noble-villa
1705 4255 1768 4299 de
1789 4254 2107 4309 Valladolld,
2127 4267 2163 4313 y
2179 4266 2276 4309 que
2293 4266 2357 4298 en
2374 4257 2423 4299 lo
2444 4255 2683 4299 sucesivo
2704 4265 2815 4300 este
2836 4256 3023 4302 Tribu-

551 4330 638 4371 nnl
657 4340 712 4371 se
735 4328 893 4371 habia
924 4327 987 4369 de
1008 4336 1282 4381 componet
1302 4326 1364 4369 de
1397 4337 1465 4370 un
1499 4324 1800 4371 Presldente
1821 4326 2063 4379 Prelado,
2085 4334 2270 4370 cuatro
2292 4326 2525 4379 otdores.
2559 4333 2668 4371 tres
2690 4327 2937 4373 Alcaldes
2960 4330 3021 4374 de

547 4402 739 4453 car-cel,
760 4398 852 4443 dos
875 4398 1262 4443 Procuradores
1283 4398 1532 4453 Fiscales,
1559 4410 1594 4455 y
1613 4400 1706 4443 dos
1727 4396 2009 4453 Abogados
2030 4398 2091 4443 de
2122 4401 2325 4454 potu-cs.
2356 4400 2693 4453 pres-intendo
2724 4412 2821 4455 que
2843 4403 2890 4446 el
2912 4401 3023 4445 des-

547 4474 762 4526 empeno
783 4482 816 4525 5
831 4470 1072 4525 ejerclcio
1089 4471 1150 4514 de
1172 4478 1314 4514 estos
1334 4481 1539 4525 cargos,
1565 4476 1782 4525 excepto
1801 4470 1850 4513 el
1865 4470 1928 4513 de
1951 4470 2270 4524 Presidente,
2293 4470 2450 4515 habia
2472 4470 2534 4514 de
2559 4471 2718 4515 durat
2740 4483 2807 4515 un
2828 4476 2927 4516 ano
2944 4485 3025 4517 so-

549 4542 1147 4596 lamente.„SA1‹onaoon
1161 4541 1667 4595 v1rona„ffiseorta
1685 4542 1752 4585 de
1775 4540 2097 4594 Valtadolid,
2118 4550 2269 4596 parte
2290 4552 2325 4595 ι,
2346 4554 2460 4597 cap.
2484 4554 2610 4587 xxa.
2636 4542 2804 4597 Hujus
2843 4544 3023 4589 Tribu-

551 4614 686 4659 nalls
713 4624 928 4668 praeses
949 4621 1065 4658 crat
1085 4614 1182 4657 hoc
1205 4620 1433 4669 tempore
1459 4612 1686 4657 Dldacus
1712 4613 1776 4657 de
1799 4614 1973 4659 Alava
1994 4619 2047 4658 et
2066 4612 2336 4669 Esquivel,
2362 4614 2638 4657 Abulensis
2662 4612 2961 4673 Episcopus.

632 4688 654 4718 Ἰ
707 4684 1115 4744 methymnensis
1137 4685 1346 4741 Rector,
1369 4685 1424 4728 P.
1449 4684 1635 4730 Petrus
1654 4684 1944 4730 Seviuano?
