3742 5392
1638 500 1766 559 Aa.
1813 500 1954 559 1554
2939 502 3057 561 223

575 644 735 706 illae
790 645 1060 724 logices
1110 655 1542 725 negarentur
1564 693 1579 724 ,
1634 662 1813 726 quas
1858 664 1901 708 a
1960 645 2264 725 collegio
2315 655 2560 710 nostro
2617 644 2633 675 ¹
2687 648 3044 727 petebant,

575 768 737 814 cum
770 751 867 814 illi
896 751 1289 815 medicinae
1330 754 1700 831 lectorem,
1744 752 1926 815 duos
1963 752 2178 816 etiam
2218 752 2620 832 theologiae
2659 754 3056 834 magistros.

576 858 976 937 religioso5,
1010 858 1527 936 conduxerant;
1554 870 1624 921 et
1654 859 1755 921 ita
1778 876 1819 921 a
1847 861 2112 923 nostris
2141 860 2413 939 logices
2434 861 2812 924 lectionem
2833 862 3048 927 valde

575 966 837 1028 acriter
887 965 1365 1044 postulabant.
1420 964 1688 1029 Multae
1739 975 1978 1029 autem
2027 965 2344 1029 rationes
2399 966 2710 1047 scriptae
2761 968 3046 1033 fuerunt

574 1071 857 1135 nomine
881 1071 957 1134 P.
984 1070 1267 1151 Ignatii,
1296 1072 1547 1153 quibus
1566 1072 1853 1136 minime
1876 1073 2260 1136 convenire
2280 1074 2784 1138 ostendebatur
2806 1074 3044 1155 hujus·

573 1176 761 1241 modi
786 1178 1172 1242 lectionum
1196 1194 1377 1242 onus
1400 1178 1660 1258 subire,
1688 1188 1757 1241 et
1779 1179 1878 1241 ita
1906 1178 2226 1259 Pro-regi
2250 1180 2485 1244 visum
2510 1189 2617 1243 est
2640 1180 2729 1242 ad
2761 1190 3054 1263 tempus.

572 1302 723 1349 rem
752 1302 961 1365 posse
1004 1284 1277 1349 differri
1302 1284 1349 1349 ².

688 1390 830 1455 498.
916 1392 1317 1456 Videbatur
1353 1392 1810 1457 nihilominus
1839 1392 1916 1457 P.
1961 1392 2397 1458 Provinciali
2426 1396 2763 1474 expedire
2809 1405 2884 1459 ut
2913 1397 3038 1460 ali-

570 1499 731 1563 cubi
761 1499 995 1563 studia
1024 1500 1234 1581 plena
1263 1499 1336 1563 in
1364 1499 1605 1565 Sicilia
1634 1501 2064 1565 haberentur
2088 1550 2103 1581 ,
2137 1511 2212 1564 ut
2241 1512 2652 1593 nostrorum
2681 1503 3047 1583 integrum

569 1604 1038 1670 Seminarium
1066 1624 1151 1669 ea
1181 1606 1554 1687 provincia
1583 1608 1898 1687 haberet,
1927 1616 1996 1670 et
2019 1608 2366 1672 Catanam
2398 1608 2727 1673 idoneam
2758 1626 2916 1673 esse
2943 1611 3038 1674 ci·

568 1714 864 1778 vitatem
892 1724 958 1778 et
998 1715 1353 1779 salubrem
1386 1714 1475 1778 ad
1505 1713 1907 1794 hujusmodi
1936 1715 2166 1778 studia
2196 1717 2659 1796 proponebat,
2705 1717 2823 1780 ubi
2851 1700 3046 1781 filius-

566 1830 737 1884 natu
768 1818 993 1901 major
1021 1821 1416 1901 Pro-regis,
1452 1822 1572 1903 qui
1600 1822 1914 1886 civitatis
1943 1839 2194 1886 curam
2220 1823 2536 1902 gerebat,
2572 1824 2657 1887 de
2689 1833 2840 1888 tota
2868 1824 3042 1888 Uni—

565 1928 906 1991 versitate
944 1926 1284 1992 Societati
1321 1929 1669 1993 tradenda
1709 1930 1952 1992 nescio
1990 1928 2160 2010 quid
2199 1930 2656 2010 moliebatur;
2702 1931 2827 1995 sed
2856 1932 3036 1994 haec

571 2034 761 2097 aliud
790 2035 863 2099 in
892 2044 1169 2115 tempus
1199 2035 1583 2117 rejicienda
1614 2054 1770 2099 esse
1801 2036 2230 2100 videbantur
2260 2034 2305 2099 ³.

686 2142 829 2204 499.
916 2141 1121 2221 Quod
1150 2144 1211 2206 si
1253 2144 1625 2221 lectioneS,
1669 2160 1847 2224 quas
1885 2144 2384 2223 panormitana
2421 2144 2680 2207 civitas
2720 2146 3024 2225 petebat,

567 2249 631 2311 ei
664 2249 1245 2327 concederentur,
1280 2250 1368 2313 ab
1400 2250 1649 2313 eadem
1677 2250 2110 2329 exigendum
2139 2251 2475 2313 censebat
2503 2250 2579 2313 P.
2626 2250 3033 2315 Provincia-

568 2356 679 2432 liS,
714 2366 789 2419 ut
819 2356 1105 2419 scholas
1144 2357 1292 2419 suis
1330 2358 1663 2438 expensis
1700 2356 2115 2436 conficeret,
2158 2368 2227 2419 et
2269 2356 2549 2437 quidem
2588 2358 2728 2421 alio
2758 2358 2831 2421 in
2870 2359 3032 2421 loco

565 2480 779 2543 quam
826 2464 896 2526 in
945 2462 1063 2527 S.ti
1105 2462 1403 2544 Philippi
1455 2462 1807 2543 Collegio,
1860 2464 2051 2544 quod
2089 2464 2315 2526 nostri
2357 2464 2808 2543 habitabant;
2861 2482 3034 2528 nam

564 2570 752 2652 quod
784 2589 826 2633 a
856 2571 1251 2652 frequentia
1280 2570 1597 2635 civitatis
1634 2580 1950 2635 remotus
1980 2579 2202 2649 esset,
2235 2570 2467 2634 minus
2502 2570 2909 2652 frequentes
2937 2574 3028 2635 ad

561 2679 939 2742 ecclesiam
962 2678 1327 2758 accedere,
1353 2688 1423 2741 et
1446 2678 1675 2742 minor
1704 2678 2094 2759 spiritualis
2115 2676 2388 2741 fructus
2408 2680 2789 2758 provenire
2813 2696 3030 2759 quam

560 2784 936 2849 Messanae
966 2785 1362 2849 videbatur.
1394 2786 1608 2867 Apud
1635 2783 1708 2849 S.
1750 2785 2126 2849 Cataldum
2156 2801 2360 2865 erg0‚
2407 2803 2590 2866 quae
2619 2787 2924 2849 ecclesia
2953 2788 3025 2849 in

562 2892 893 2955 umbilico
945 2893 1259 2957 civitatis
1308 2902 1487 2971 erat,
1534 2892 1605 2955 in
1656 2893 1841 2955 laeto
1887 2901 1956 2954 et
2005 2891 2269 2954 salubri
2317 2894 2474 2955 loco
2527 2892 2687 2970 sita,
2742 2892 3028 2957 scholas

558 2997 1041 3063 aedificandas
1072 2998 1441 3077 censebat,
1475 3008 1546 3062 et
1572 3008 1979 3062 nostrorum
1997 3044 2012 3074 ,
2052 2998 2174 3080 qui
2202 2998 2467 3061 scholis
2495 3009 2872 3079 vacarent,
2904 3000 3026 3062 ha-

558 3106 1006 3183 bitationem;
1040 3108 1276 3169 locum
1307 3114 1544 3168 autem
1574 3104 1644 3168 S.
1678 3104 1987 3185 Philippi
2025 3104 2466 3186 probationis
2494 3105 2782 3169 domum
2817 3108 3023 3170 relin-

560 3214 679 3294 qui
708 3231 953 3293 posse3
986 3212 1111 3276 sed
1156 3212 1333 3275 haec
1364 3211 1764 3275 immutatio
1806 3222 1976 3276 tunc
2015 3212 2207 3275 sacta
2237 3230 2380 3275 non
2410 3224 2550 3292 est,
2583 3230 2714 3275 nec
2755 3222 3027 3294 postea,

558 3332 632 3384 ut
673 3338 802 3383 suo
833 3322 990 3383 loco
1032 3318 1418 3397 videbitur,
1462 3317 1870 3383 necessaria
1912 3316 2074 3398 fuit,
2109 3335 2270 3382 curn
2314 3318 2470 3383 Rex
2500 3318 2863 3399 Philippus
2907 3320 3020 3383 do-

558 3445 747 3491 murn
778 3426 1146 3506 egregiam
1174 3424 1490 3504 Collegio
1521 3422 1973 3505 conjunctam
2003 3426 2065 3489 ei
2098 3425 2283 3489 dono
2313 3426 2586 3491 dederit
2617 3424 2662 3489 ⁴.

638 3742 651 3772 ¹
714 3741 1099 3787 Panormitano.
1120 3740 1253 3784 Vide
1274 3750 1451 3794 supra,
1472 3751 1592 3795 pag.
1615 3740 1710 3791 lla,
1732 3750 1816 3783 nn.
1836 3740 1920 3783 477
1939 3746 1992 3784 et
2010 3740 2106 3784 478.

633 3814 655 3845 ²
714 3812 931 3869 Saepius
944 3813 1007 3857 de
1023 3812 1123 3857 hac
1140 3824 1197 3857 re
1219 3819 1393 3857 actum
1413 3821 1493 3856 est
1515 3824 1630 3856 cum
1653 3812 1877 3866 Prorege
1900 3820 1952 3856 et
1973 3823 2088 3856 cum
2107 3813 2351 3858 Patribus
2373 3812 2688 3871 Hieronymo
2705 3816 3021 3873 Domenech,

554 3888 863 3940 praesertim
884 3886 1077 3930 litteris
1097 3884 1358 3929 mensibus
1388 3883 1680 3938 Septembri
1704 3893 1757 3929 et
1779 3883 1992 3929 Octobri
2014 3886 2168 3930 datis.

636 3960 657 3990 ³
712 3956 823 4002 “Ha
857 3958 1022 4002 inteso
1054 3958 1215 4001 etiam
1250 3955 1441 4000 Nostro
1479 3956 1649 4001 Padre
1681 3958 1741 4000 de
1772 3958 1823 4001 la
1859 3956 2024 4002 Badia
2048 3958 2108 4001 de
2143 3957 2292 4001 Nova
2327 3960 2440 4002 luce
2467 3966 2521 4003 et
2551 3960 2668 4003 dell·
2697 3958 2947 4005 instantia
2967 3967 3020 4005 et

553 4031 711 4075 offitio
733 4036 879 4072 tanto
900 4029 1051 4072 caldo
1071 4028 1165 4071 che
1186 4038 1281 4071 sua
1296 4027 1450 4071 Εικῐ.ιι
1469 4028 1539 4071 ha
1560 4028 1694 4071 fatto
1718 4039 1969 4082 appresso
1990 4039 2087 4072 sua
2101 4027 2312 4072 Maesta.
2335 4027 2423 4073 Sia
2444 4030 2757 4084 ringratiato
2777 4031 2860 4075 del
2881 4038 3018 4077 tutto

551 4102 694 4146 Iddio
718 4099 863 4143 Ntro.
887 4100 1036 4153 Sigs,
1058 4099 1151 4141 che
1174 4100 1246 4142 tal
1277 4106 1447 4142 mente
1468 4110 1623 4143 verso
1656 4100 1702 4142 le
1738 4110 1856 4142 cose
1879 4098 1961 4142 del
1990 4109 2083 4143 suo
2112 4100 2331 4143 servitio
2352 4108 2403 4144 et
2429 4101 2460 4142 1’
2481 4108 2723 4144 aumento
2744 4102 2876 4145 delle
2899 4114 3018 4147 cose

552 4180 726 4216 nostre
757 4172 993 4215 ordinate
1017 4182 1048 4214 a
1078 4171 1247 4225 quello
1282 4169 1351 4213 ha
1380 4170 1505 4214 dato
1525 4180 1557 4213 a
1587 4181 1683 4214 sua
1705 4170 1880 4221 Ecc.·;
1901 4179 1953 4214 et
1985 4170 2023 4214 il
2043 4170 2256 4225 dlsegno
2277 4170 2328 4214 di
2347 4172 2430 4215 far
2464 4172 2514 4215 in
2545 4170 2768 4216 Catania
2797 4175 3017 4227 qualche

550 4244 800 4299 principio
820 4243 873 4286 di
895 4242 1127 4297 Collegio
1148 4252 1240 4297 per
1261 4252 1403 4285 esser
1424 4240 1476 4285 in
1496 4241 1641 4286 detto
1673 4242 1825 4297 luogo
1847 4244 1899 4285 la
1920 4240 2085 4285 Badla
2099 4274 2110 4296 ,
2131 4252 2258 4297 pare
2280 4242 2440 4286 etiam
2468 4243 2630 4287 molto
2651 4246 3014 4292 conveniente.

554 4314 647 4359 Dio
668 4314 727 4358 N.
749 4313 799 4358 S.
822 4313 866 4358 sl
896 4314 1049 4367 degni
1071 4313 1169 4357 dar
1200 4314 1253 4357 la
1286 4314 1503 4357 riuscita
1534 4325 1567 4357 a
1600 4316 1652 4357 la
1684 4325 1786 4357 una
1806 4320 1859 4357 et
1895 4315 1927 4357 ι’
1948 4315 2089 4357 altra
2123 4314 2422 4357 fundatione
2455 4314 2550 4357 che
2585 4315 2833 4359 conviene
2863 4328 2957 4371 per
2977 4316 3014 4363 il

486 4412 495 4419 ·
548 4388 786 4441 maggior
819 4385 1037 4430 servitio
1075 4394 1128 4428 et
1162 4386 1331 4439 gloria
1364 4396 1506 4438 sua...
1538 4383 1685 4429 Patri
1717 4385 2034 4441 Hieronymo
2069 4384 2394 4439 Domenech,
2429 4386 2483 4429 27
2503 4386 2700 4441 Aprilis
2734 4388 3014 4433 1554-De

548 4458 779 4503 Abbatia
800 4457 979 4501 Novae
1016 4458 1145 4502 lucis
1164 4458 1283 4501 vide
1304 4467 1463 4511 supra
1477 4488 1488 4506 .
1508 4464 1545 4501 t.
1568 4467 1627 4501 111
1645 4490 1655 4509 ,
1678 4468 1797 4511 pag.
1818 4457 1901 4499 224
1920 4462 1972 4500 et
1992 4456 2088 4511 225,
2110 4464 2161 4500 et
2182 4457 2232 4500 in
2254 4456 2352 4500 hoc
2375 4464 2413 4501 t.
2435 4467 2507 4512 w,
2530 4469 2650 4512 pag.
2670 4458 2768 4512 220,
2791 4471 2840 4502 n.
2861 4460 3016 4505 489.-

546 4530 679 4575 Vide
700 4531 862 4575 etiam
882 4530 943 4573 de
966 4528 1247 4573 catanensi
1268 4528 1517 4582 Collegio,
1542 4528 1732 4573 Cartas
1752 4530 1819 4573 de
1847 4528 1962 4572 San
1981 4528 2218 4582 Ignacio,
2240 4536 2283 4572 t.
2310 4540 2382 4582 xv,
2405 4540 2526 4583 pag.
2547 4530 2626 4572 137
2645 4537 2698 4573 et
2723 4531 2821 4574 161.

626 4606 649 4636 ⁴
703 4604 905 4647 “Aucta
925 4611 1002 4646 est
1026 4604 1121 4645 snb
1142 4601 1263 4645 anni
1284 4602 1427 4652 (1567)
1446 4600 1660 4653 exitum,
1681 4609 1734 4644 et
1753 4612 1942 4656 magno
1964 4600 2218 4655 ampliata
2239 4600 2478 4644 conclavi
2502 4600 2718 4656 collegii
2741 4602 3010 4647 Panormi·

548 4676 653 4719 tani
676 4676 870 4719 domus.
896 4672 1251 4717 Extruxerant
1286 4670 1431 4716 Fidei
1454 4672 1707 4717 Censores
1742 4684 1899 4728 prope
1923 4670 2210 4727 Collegium
2230 4672 2602 4727 amplissimum
2624 4672 2940 4727 aedificium,
2962 4676 3016 4720 in

546 4758 646 4800 quo
668 4746 763 4801 ipsi
799 4745 1126 4797 habitarent,
1148 4752 1201 4788 et
1231 4744 1434 4789 intimas
1454 4755 1656 4799 specus,
1678 4757 1807 4799 quae
1828 4744 2092 4788 custodias
2124 4744 2478 4798 continerent,
2501 4746 2646 4799 regio
2667 4753 2888 4801 sumptu.
2913 4746 3015 4793 Sed
