3742 5392
703 456 805 517 184
1614 456 1845 517 Cnaox
1901 456 2064 517 Soc.
2103 456 2243 530 Jns.

700 607 1099 684 exemplum
1128 604 1431 685 collegii,
1463 605 1929 669 christianam
1957 604 2356 668 doctrinam
2381 604 2529 667 suis
2557 604 2924 684 discipulis
2947 603 3172 682 expli-

701 712 982 775 cabant.

819 817 960 881 390.
1046 819 1237 883 Inter
1300 836 1456 897 eOS,
1516 821 1634 901 qui
1699 820 2096 901 spiritualia
2172 820 2513 884 exercitia
2586 836 2748 882 cum
2819 818 3054 881 fructu
3118 836 3160 878 a

698 924 774 987 P.
800 926 1077 1007 Joanne
1101 926 1490 991 Francisco
1525 926 1543 957 ¹
1574 937 2036 1008 exceperunt,
2067 927 2139 991 in
2181 927 2602 1008 quibusdam
2631 925 2920 989 familiis
2963 924 3160 987 multi

697 1033 1063 1114 utriusque
1108 1050 1323 1097 sexus
1361 1042 1777 1115 perpetuam
1820 1033 1972 1098 Deo
2008 1034 2412 1097 castitatem
2455 1042 2838 1111 voverunt3
2887 1041 3162 1094 tantum

698 1150 935 1204 autem
962 1141 1268 1205 habebat
1288 1142 1476 1205 idem
1499 1158 1928 1205 concursum
1951 1142 2044 1205 ad
2071 1141 2505 1205 christianae
2534 1140 2905 1204 doctrinae
2928 1141 3159 1202 lectio-

698 1264 861 1311 nem
902 1258 980 1312 ut
1022 1247 1109 1312 de
1158 1248 1638 1312 commodiore
1688 1250 1844 1313 loco
1899 1248 2305 1329 quaerendo
2356 1249 2449 1312 sit
2492 1260 2750 1311 actum.
2809 1246 3164 1327 Quamdiu

697 1356 910 1419 etiam
946 1354 1245 1436 Neapoli
1282 1355 1357 1421 P.
1392 1355 1723 1420 Andreas
1752 1355 1774 1388 ²
1814 1354 1980 1433 fuit,
2017 1373 2228 1420 casus
2270 1356 2752 1420 conscientiae
2791 1371 2952 1417 cum
2993 1357 3159 1416 mul·

698 1475 933 1527 torum
974 1463 1277 1528 utilitate
1306 1464 1716 1545 explicavit.

816 1570 958 1635 391.
1045 1570 1206 1635 Duo
1252 1571 1739 1634 adolescentes
1780 1571 1852 1634 in
1897 1569 2324 1635 Societatem
2353 1570 2678 1648 admissi,
2711 1578 2997 1649 praeter
3041 1585 3162 1631 eos

698 1679 783 1742 de
812 1678 1065 1759 quibus
1092 1678 1421 1757 superius
1448 1678 1725 1758 egimus
1753 1676 1799 1755 ⁸,
1834 1677 1908 1741 in
1939 1676 2254 1742 Siciliam
2290 1678 2492 1741 missi
2518 1676 2836 1755 fuerunt;
2869 1686 3014 1738 tres
3045 1675 3164 1737 alii

696 1784 1029 1866 Romam;
1078 1784 1203 1848 sed
1252 1794 1534 1865 praeter
1586 1785 1776 1849 hunc
1825 1793 2250 1865 proventum
2273 1834 2287 1862 ‚
2343 1785 2464 1847 alii
2507 1783 2723 1847 etiam
2767 1799 2910 1845 non
2955 1782 3162 1861 pauci

697 1890 1035 1956 Societati
1085 1909 1161 1955 se
1217 1890 1604 1973 adjungere
1656 1893 2027 1972 optabant;
2083 1902 2158 1956 at
2215 1891 2449 1970 magis
2493 1888 2862 1971 probanda
2915 1904 3162 1952 eorum

698 1998 1050 2063 desideria
1098 1999 1544 2063 videbantur.
1596 1998 1911 2062 Fuerunt
1960 1999 2174 2063 etiam
2221 1999 2341 2079 qui
2391 1998 2483 2061 ad
2531 1998 2712 2060 alias
2755 1994 3163 2074 Religiones

699 2123 854 2170 sese
894 2104 1329 2179 conferrent,
1363 2124 1453 2170 ex
1496 2122 1582 2169 ea
1624 2105 2048 2187 praesertim
2091 2104 2701 2185 Congregatione,
2737 2118 2917 2183 quae
2963 2118 3161 2165 vene-

700 2212 1011 2276 rationis
1052 2212 1516 2275 Sanctissimi
1547 2212 2009 2276 Sacramenta·
2045 2212 2434 2290 dicebatur;
2478 2228 2650 2275 nam
2689 2226 2850 2273 cum
2896 2210 2970 2272 in
3008 2226 3166 2288 ope-

700 2322 894 2384 ribus
936 2320 1467 2384 misericordiae
1504 2337 1581 2383 se
1621 2319 2027 2401 frequenter
2071 2328 2140 2382 et
2177 2328 2426 2383 sancte
2465 2326 2918 2394 exercerent,
2953 2316 3167 2395 aliqui

701 2426 1362 2503 carthusianorum,
1398 2426 1517 2490 alii
1553 2426 1723 2490 Divi
1758 2416 2158 2505 Benedicti,
2193 2424 2312 2490 alii
2351 2423 2523 2488 Divi
2552 2424 2611 2488 F
2612 2424 2922 2488 rancisci
2971 2423 3166 2486 insti-

700 2542 927 2597 tutum
949 2543 1112 2597 sunt
1134 2534 1435 2614 sequuti;
1458 2550 1592 2596 nec
1622 2534 1916 2597 deerant
1939 2533 2156 2613 aliqui
2179 2550 2269 2598 ex
2291 2534 2562 2610 eadem,
2589 2532 2710 2611 qui
2735 2531 2824 2594 ad
2849 2538 3164 2593 nostram

701 2639 1129 2705 Societatem
1161 2642 1444 2722 magnis
1474 2640 1842 2705 desideriis
1881 2640 2351 2721 adspirarent.

821 2748 966 2810 392.
1052 2748 1437 2829 Postquam
1459 2747 1686 2812 Roma
1710 2747 1918 2811 rediit
1941 2748 2016 2811 P.
2045 2747 2440 2826 Salmeron,
2466 2745 2881 2827 Scripturae
2904 2743 3168 2810 Sacrae

702 2856 1078 2919 lectionem
1126 2873 1289 2920 cum
1334 2872 1601 2934 magna
1652 2854 2092 2919 audientium
2141 2856 2631 2919 consolatione
2681 2852 3048 2917 inchoavit
3097 2864 3165 2913 et

707 2969 1181 3043 prosequutus
1210 2972 1349 3041 est;
1382 2970 1452 3026 et
1490 2962 1746 3026 mirum
1775 2962 1972 3026 dictu
2000 2972 2438 3043 quantopere
2475 2961 2838 3042 primariis
2876 2960 3172 3024 homini-

707 3068 839 3131 bus
866 3068 1018 3149 ejus
1046 3068 1241 3132 urbis
1282 3077 1431 3133 tam
1473 3069 1817 3133 lectiones
1857 3086 2074 3151 quam
2115 3070 2528 3147 concioneS,
2562 3084 2742 3148 quas
2793 3064 3172 3147 aliquando

707 3191 950 3238 coram
992 3173 1331 3256 Pro-rege
1370 3175 1648 3252 habuit,
1692 3178 2056 3257 placerent
2106 3187 2176 3240 et
2225 3175 2684 3240 admirationi
2735 3182 3004 3251 essent;
3051 3174 3170 3235 sed

706 3292 867 3362 post
893 3282 1237 3345 kalendas
1269 3282 1576 3363 Augusti
1606 3294 1675 3347 et
1707 3303 1750 3347 a
1780 3284 2244 3349 concionibus
2273 3294 2342 3347 et
2373 3302 2416 3347 a
2444 3282 2861 3346 lectionibus
2890 3281 2980 3344 ob
3011 3298 3172 3343 cau-

708 3405 827 3451 sas
855 3389 1154 3453 ulterius
1183 3389 1414 3454 dictas
1443 3387 1467 3419 ⁴
1496 3391 1853 3455 abstinere
1883 3392 2218 3472 oportuit.

827 3494 970 3559 393.
1056 3494 1279 3559 Auxit
1308 3497 1444 3560 hoc
1475 3509 1813 3563 autumno
1844 3516 2150 3565 messem
2178 3499 2567 3579 copiosam,
2604 3505 2681 3562 ut
2711 3498 2784 3560 in
2815 3496 2974 3559 aliis
3002 3497 3176 3559 locis

710 3602 807 3666 ita
844 3604 1061 3667 etiam
1097 3603 1423 3685 Neapoli,
1456 3607 1692 3685 gratia
1721 3606 2057 3689 Jubilaei,
2091 3606 2182 3669 ad
2221 3622 2435 3687 quam
2467 3603 2919 3669 obtinendam
2964 3604 3175 3685 pluri·

620 3754 625 3759 -
710 3710 804 3772 mi
832 3710 1256 3774 Nostrorum
1284 3728 1501 3793 opera
1529 3715 1633 3777 uti
1662 3714 2020 3778 volebant.
2057 3713 2236 3777 Cum
2265 3723 2502 3777 autem
2534 3712 2852 3793 pluribus
2881 3729 2973 3774 ex
3000 3713 3175 3774 locis

712 3816 785 3880 P.
821 3816 1189 3881 Salmeron
1236 3818 1325 3881 ad
1353 3817 1664 3884 suturam
1692 3820 2317 3901 quadragesimam
2357 3830 2830 3900 expeteretur,
2865 3820 2936 3881 in
2975 3836 3176 3899 paro-

714 3923 873 3987 chia
905 3922 1229 4006 Virginis
1267 3924 1516 3989 Matris
1547 3924 1570 3955 ⁵
1616 3944 1693 3991 se
1736 3927 2326 3990 concionaturum
2375 3926 2492 3989 ille
2541 3927 2828 4006 recepit.
2863 3922 2971 3989 De
3023 3926 3178 3988 aliis

796 4202 811 4235 ¹
874 4200 928 4244 P.
949 4201 1175 4254 Joannes
1195 4203 1511 4249 Franciscus
1528 4204 1775 4249 Araldus.

796 4276 817 4307 ³
874 4273 929 4318 P.
950 4275 1196 4320 Andreas
1220 4276 1281 4320 de
1306 4276 1522 4321 Oviedo.

794 4344 816 4377 ⁸
875 4346 1064 4401 Supra,
1080 4358 1207 4402 pag.
1230 4347 1325 4401 181,
1348 4359 1397 4391 n.
1416 4346 1516 4391 882.

797 4418 818 4451 ⁴
872 4417 1057 4473 Supra,
1078 4430 1202 4474 pag.
1232 4418 1325 4471 183,
1347 4430 1395 4463 n.
1416 4418 1515 4462 388.

796 4490 817 4521 ³
870 4490 1129 4533 Plurimae
1150 4496 1269 4534 sunt
1289 4488 1506 4544 Neapoli
1528 4488 1735 4545 Virgini
1756 4490 1912 4536 Matri
1934 4492 2108 4535 dicata
2139 4493 2358 4545 templu
2381 4492 2470 4533 sed
2503 4496 2746 4544 putamus
2775 4500 3064 4534 sermonem
3099 4490 3180 4533 hic

715 4572 827 4605 esse
848 4562 911 4605 de
934 4561 1103 4604 Sama
1124 4560 1306 4606 Maria
1328 4562 1591 4615 Rotonda,
1612 4564 1719 4606 sita
1742 4564 1831 4607 nel
1859 4566 2042 4617 seggn'o
2063 4564 2121 4607 di
2140 4562 2350 4607 Nida...
2372 4574 2482 4606 una
2502 4561 2643 4607 delle
2671 4562 2988 4616 porroet-hie
3015 4566 3184 4607 venti·

715 4635 818 4677 due
838 4632 981 4678 della
1016 4636 1165 4679 cited.
1188 4633 1435 4687 Sturam,
1457 4636 1493 4678 l.
1514 4646 1576 4685 c..
1602 4635 1688 4680 fol.
1709 4636 1765 4679 24
1782 4648 1833 4678 v.
1852 4636 2061 4690 -Prope
2096 4634 2384 4691 Collegium
2405 4668 2414 4688 ,
2437 4634 2524 4678 ubi
2557 4632 2614 4677 P.
2635 4632 2907 4677 Salmeron
2939 4634 3180 4687 degebat,

716 4712 833 4749 erat
854 4706 985 4750 haec
1005 4706 1326 4759 parochialis
1347 4705 1583 4751 ecclesia.
