3742 5392
757 450 861 509 140
1672 450 1926 509 Cnaox.
1970 449 2124 511 Soc.
2165 450 2306 522 Jes.

752 596 915 659 fecit
934 645 948 674 ,
970 608 1037 659 et
1062 596 1133 659 id
1147 597 1488 676 temporis
1505 596 1663 660 dari
1684 614 1892 676 posse
1915 596 2280 663 Cardinaii
2304 600 2698 663 videbatur.
2728 596 3023 678 Scripsit
3047 613 3221 676 ergo

656 693 663 699 ’
755 700 831 766 Ρ.
865 702 1138 783 Ignatio
1168 713 1238 766 et
1266 704 1458 767 misit
1488 704 1867 783 quemdam
1890 722 1982 767 ex
2010 706 2157 769 suis
2176 706 2584 771 domesticis
2611 714 2689 768 ut
2703 705 2922 769 verbo
2939 706 3076 783 ipsi
3104 722 3220 767 ex·

757 810 1051 892 plicaret
1082 810 1267 891 quod
1298 811 1553 874 litteris
1591 811 2176 875 committendum
2219 831 2360 877 non
2411 821 2596 889 erat,
2629 821 2700 876 et
2750 812 3031 875 demum
3081 827 3220 874 ma-

754 933 1072 999 gnopere
1102 935 1263 981 eum
1313 918 1616 998 rogabat
1645 927 1722 981 ut
1753 916 1843 981 D.
1897 918 2228 983 Olavium
2265 920 2278 950 ¹
2325 920 2760 983 Plazentiam
2791 918 2882 981 ad
2922 918 3010 981 D.
3045 917 3219 981 Gar-

762 1025 946 1088 ziam
976 1026 1452 1105 Manriquem,
1486 1026 1833 1106 sanguine
1864 1025 2322 1105 conjunctum
2342 1025 2390 1106 ⁸,
2415 1028 2755 1104 mitteret;
2777 1027 2963 1089 hunc
2987 1026 3172 1089 enim
3197 1022 3222 1055 ⁸

760 1141 830 1195 et
861 1150 1003 1196 non
1032 1132 1247 1196 alium
1290 1132 1381 1197 ad
1430 1133 1566 1196 hoc
1610 1149 1792 1213 opus
1832 1134 2164 1197 idoneum
2215 1134 2366 1198 fore
2409 1132 2828 1198 affirmabat.
2880 1128 3224 1212 Quamvis

748 1256 929 1319 ergo
959 1239 1032 1303 in
1063 1239 1379 1319 Collegio
1422 1238 1741 1303 Romano
1782 1239 1857 1304 Ρ.
1908 1240 2132 1304 Olave
2173 1241 2350 1304 satis
2391 1240 2654 1304 utiliter
2689 1249 2879 1303 esset
2917 1256 3220 1319 occupa-

756 1354 899 1424 ωε,
928 1345 1273 1427 judicavit
1303 1345 1378 1409 P.
1422 1346 1741 1426 Ignatius
1779 1346 2144 1411 Cardinaii
2181 1348 2274 1411 ad
2312 1348 2449 1410 hoc
2489 1348 2681 1427 pium
2721 1364 2899 1427 opus
2943 1346 3224 1409 satisfa-

756 1453 1085 1516 ciendum
1115 1470 1295 1517 esse.
1324 1452 1646 1516 Pontifex
1678 1453 1894 1517 etiam
1918 1453 2248 1518 Summus
2271 1452 2484 1535 [eum]
2516 1454 2941 1518 auctoritate
2969 1470 3102 1517 sua
3123 1454 3222 1517 in·

756 1570 1129 1639 structum,
1155 1571 1231 1624 ut
1254 1560 1616 1625 Ecclesiae
1639 1560 2036 1625 catholicae
2059 1571 2380 1625 errantes
2405 1580 2448 1623 a
2485 1560 2616 1625 fide
2644 1572 2884 1642 posset
2917 1562 3226 1625 reconci-

757 1667 957 1746 liare,
991 1667 1275 1731 dimisit.

877 1775 1019 1837 279.
1104 1773 1262 1855 Ipsa
1309 1791 1484 1855 ergo
1536 1775 1981 1840 hebdomada
2037 1786 2288 1839 sancta
2325 1774 2556 1839 Roma
2587 1775 2972 1855 profectus,
3015 1773 3225 1837 Peru·

756 1881 943 1945 sium
974 1882 1087 1944 die
1115 1883 1401 1945 veneris
1427 1881 1659 1945 sancti
1690 1899 1900 1946 mane
1928 1882 2284 1962 pervenit3
2317 1893 2386 1946 et
2423 1900 2585 1945 cum
2623 1892 3040 1964 properaret
3083 1898 3225 1945 ma·

753 2004 1108 2070 gnopere,
1150 1989 1346 2052 illum
1381 1998 1656 2053 tantum
1686 1990 1871 2053 diem
1899 1989 2174 2053 Perusii
2197 1990 2456 2070 exegit,
2485 2009 2625 2071 quo
2650 1992 3094 2069 proiegatum
3119 1997 3225 2051 est

760 2095 1199 2176 alloquutus;
1225 2104 1294 2159 et
1323 2098 1397 2160 in
1427 2096 1656 2160 reditu
1668 2097 1992 2177 promisit
2021 2097 2292 2160 Perusii
2314 2096 2576 2160 diutius
2597 2113 3034 2175 mansurum;
3059 2112 3225 2159 nam

762 2218 924 2265 cum
963 2220 1048 2265 eo
1095 2202 1448 2283 quaedam
1498 2202 1853 2281 conferre,
1909 2221 2091 2285 quae
2141 2214 2458 2284 tempore
2507 2202 2762 2283 majori
2791 2203 3223 2283 indigebant,

762 2311 1175 2389 prolegatus
1203 2310 1569 2390 cupiebat,
1612 2320 1681 2373 et
1734 2310 1896 2390 quia
1944 2310 2204 2374 bellum
2255 2320 2424 2374 tunc
2473 2328 2770 2373 senense
2817 2310 3222 2390 gerebatur,

760 2433 904 2479 non
940 2427 1138 2479 recta
1166 2416 1318 2493 via,
1352 2416 1477 2480 sed
1506 2434 1629 2497 per
1662 2416 1980 2496 Burgum
2016 2415 2147 2481 Sti.
2198 2415 2572 2497 Sepulchri
2620 2433 3043 2497 progressus
3093 2428 3223 2491 est,

763 2524 914 2601 ubi,
950 2524 1105 2604 ipso
1135 2523 1247 2586 die
1277 2524 1629 2602 Paschae,
1674 2541 1964 2588 suorum
2009 2524 2366 2604 hospitum
2405 2524 2890 2588 confessiones
2931 2522 3224 2601 audivit,

764 2641 1140 2711 postquam
1193 2631 1285 2694 ad
1334 2628 1663 2710 injuriam
1721 2631 2102 2711 quamdam
2143 2630 2684 2695 condonandam
2734 2648 2859 2694 eos
2909 2630 3224 2703 adduxit,

766 2747 1058 2818 propter
1087 2754 1299 2818 quam
1342 2736 1439 2800 illi
1478 2756 1521 2801 a
1560 2738 2030 2822 sacramentis
2075 2738 2430 2801 abstinere
2471 2740 3018 2811 constituerant;
3059 2737 3228 2800 etin

767 2844 1163 2907 cathedrali
1210 2843 1537 2921 ecclesia,
1561 2861 1651 2907 ex
1680 2844 2124 2908 multitudine
2153 2860 2416 2924 magna
2459 2844 3131 2908 communicantium
3161 2851 3231 2906 et

767 2949 1164 3028 devotione,
1199 2968 1342 3014 non
1372 2950 1711 3030 exiguam
1762 2951 2321 3015 consolationem
2363 2951 2673 3031 accepit3
2701 2968 2870 3014 nam
2899 2961 2970 3014 et
3000 2952 3071 3014 in
3099 2968 3230 3013 sua

766 3056 983 3120 Missa
1010 3074 1225 3137 supra
1257 3066 1612 3120 trecentas
1641 3057 1913 3121 hostias
1942 3058 2362 3138 peregrinus
2391 3075 2816 3121 consecrare
2846 3058 3103 3121 debuit.

886 3162 1029 3227 280.
1115 3162 1549 3227 Florentiam
1579 3172 1817 3227 autem
1844 3165 2302 3244 pervenienS,
2336 3164 2776 3245 Tarquinum
2806 3165 2893 3228 de
2931 3164 3232 3245 Reynal·

765 3270 907 3347 dis,
942 3271 1057 3334 cui
1085 3272 1365 3334 molesti
1392 3280 1596 3334 erant
1627 3271 2174 3351 consanguinei,
2207 3271 2278 3334 in
2309 3270 2734 3351 Hispaniam
2770 3272 2935 3336 inde
2964 3272 3153 3335 misit
3183 3270 3227 3330 ⁴.

888 3375 1033 3441 281.
1122 3377 1483 3442 Bononiae
1536 3387 1771 3441 autem
1821 3386 2146 3458 patentes
2198 3378 2478 3442 litteras
2539 3395 2714 3442 suae
2761 3379 3120 3442 missionis
3167 3388 3236 3441 et

853 3619 868 3650 ¹
928 3618 984 3663 P.
1006 3616 1283 3663 Martinam
1302 3618 1365 3663 de
1385 3617 1568 3663 Olave.

850 3692 873 3723 2
927 3691 1060 3735 Vide
1082 3690 1272 3734 cartas
1292 3692 1358 3734 de
1379 3690 1489 3734 San
1509 3690 1748 3743 lgnacio,
1766 3701 1887 3745 pag.
1906 3691 1999 3745 111,
2017 3692 2110 3734 sub
2131 3689 2278 3733 finem
2301 3696 2477 3733 annot.
2497 3691 2524 3733 2
2542 3690 2608 3735 ad
2631 3691 2902 3746 epistolam
2919 3688 3176 3733 ccccm.

850 3762 873 3794 ³
928 3762 1185 3807 Oiavium.

852 3838 875 3869 ⁴
928 3833 1240 3889 Tarquinius
1260 3844 1361 3877 non
1381 3832 1680 3878 Florentiae
1701 3841 1817 3878 erat
1836 3834 1929 3878 sed
1947 3834 2112 3877 Roma
2132 3832 2452 3879 Florentiam
2473 3846 2634 3889 usque
2657 3833 2866 3880 Patrem
2887 3834 3052 3879 Olave
3083 3834 3234 3878 comi·

766 3915 914 3953 tatus
933 3912 1029 3951 eat.
1050 3904 1275 3949 “Pet-che
1298 3905 1333 3948 il
1354 3911 1624 3960 portatore
1644 3906 1783 3950 della
1802 3912 2044 3961 presente
2064 3908 2092 3949 ὲ
2114 3905 2149 3948 ii
2170 3904 2226 3949 P.
2249 3904 2312 3951 D.
2334 3904 2518 3959 olava,
2534 3906 2779 3951 mandato
2800 3918 2891 3961 per
2915 3907 2944 3949 l·
2963 3906 3236 3950 obhedien-

772 3982 844 4025 tla
868 3981 915 4024 di
948 3978 1097 4023 Ntro.
1121 3978 1286 4021 Padre
1320 3988 1413 4032 per
1442 3988 1560 4022 eoae
1581 3978 1631 4021 d'
1652 3976 1975 4034 importanza
2008 3977 2093 4021 nei
2126 3977 2304 4021 divino
2331 3978 2568 4031 servitio,
2589 3988 2689 4022 non
2707 3980 2966 4023 accadera
2985 3978 3064 4021 ch’
3083 3978 3132 4021 io
3165 3977 3230 4020 mi

770 4052 987 4095 estenda
1005 4050 1088 4095 nil
1107 4050 1337 4094 scrivere
1352 4081 1364 4103 ,
1386 4050 1601 4094 essendo
1620 4050 1673 4094 S.
1694 4049 1756 4093 R.
1776 4052 1850 4094 tal
1870 4051 2064 4094 lettera
2083 4050 2208 4093 viva
2221 4080 2234 4103 ‚
2253 4050 2364 4095 alla
2395 4050 2549 4105 quale
2577 4050 2622 4094 N
2626 4056 2726 4094 tro.
2749 4049 2917 4094 Padre
2949 4051 3001 4095 in
3021 4055 3159 4094 tutto
3187 4050 3231 4091 si

769 4122 979 4166 rimette
1013 4120 1173 4165 etiam
1203 4121 1345 4165 circa
1377 4120 1415 4163 il
1448 4130 1733 4174 compagae
1764 4132 1874 4174 auo,
1905 4119 2057 4164 Mtro.
2077 4120 2376 4176 Tarquinio,
2398 4120 2482 4165 del
2514 4122 2668 4176 quale
2698 4120 2764 4165 V.
2784 4120 2847 4166 R.
2881 4120 3154 4165 intendet-a
3185 4120 3232 4163 le

770 4205 906 4238 nove
926 4194 1020 4237 che
1043 4194 1205 4237 verra
1223 4193 1307 4236 del
1327 4191 1558 4245 Collegio
1576 4191 1854 4246 Romano...
1877 4192 2151 4244 Polancua,
2171 4202 2240 4236 ex
2257 4203 2410 4246 com„
2430 4192 2576 4238 Patri
2596 4192 2866 4238 Ludovieo
2883 4194 2946 4237 de
2969 4191 3234 4243 Codretto,

774 4266 825 4309 19
844 4264 1017 4309 Martii
1040 4264 1325 4309 1554.—Nee
1344 4274 1471 4308 vere
1501 4273 1617 4307 eum
1639 4263 1696 4307 P.
1718 4262 1883 4308 Olave
1915 4264 1967 4307 in
2000 4263 2308 4318 Hispaniam
2335 4264 2500 4318 mlait;
2521 4264 2867 4320 proficiscenti
2900 4264 3036 4309 enim
3075 4264 3232 4307 Roma

768 4337 929 4381 datae
948 4343 1067 4381 sunt
1088 4337 1136 4380 ei
1155 4334 1610 4381 commendatitiae
1631 4336 1841 4379 litterae
1861 4336 1930 4380 ad
1951 4335 2163 4380 Patrem
2182 4334 2392 4392 Laynez
2413 4344 2466 4380 et
2485 4337 2553 4380 ad
2578 4337 2789 4381 Petrum
2809 4336 3008 4380 Sentini
3023 4368 3034 4387 ,
3058 4337 3108 4379 in
3129 4333 3235 4388 qui-

770 4411 865 4452 bua
892 4410 1230 4453 asserebatur
1256 4408 1339 4453 “ae
1367 4408 1439 4453 ha
1456 4407 1812 4452 determinado
1832 4406 1980 4451 Ntro.
2003 4407 2168 4452 Padre
2189 4408 2251 4451 de
2281 4408 2504 4452 inviarie
2524 4418 2558 4451 a
2589 4406 2809 4463 Spanaw
2830 4408 3030 4452 Verum
3062 4416 3232 4451 tamen

772 4490 979 4523 sensum
998 4479 1208 4523 Polanci
1228 4480 1281 4523 in
1305 4478 1555 4523 Chronico
1577 4480 1739 4522 verba
1758 4478 1971 4530 habent,
1992 4478 2034 4522 ai
2057 4485 2316 4533 putemus.
2340 4482 2398 4522 ut
2417 4478 2700 4521 verisimile
2721 4485 2803 4522 est
2819 4509 2831 4531 ,
2855 4478 2978 4523 licet
2999 4490 3064 4521 ex
3095 4478 3236 4521 litte-

770 4552 845 4595 ris
880 4562 978 4596 non
1011 4559 1240 4603 eruatur,
1258 4549 1405 4595 Patri
1423 4548 1586 4595 Olave
1608 4550 1934 4594 commissum
1963 4550 2121 4594 fuisse
2141 4556 2196 4594 ut
2214 4582 2225 4602 ,
2245 4551 2388 4605 priua
2417 4560 2574 4603 quam
2595 4548 2932 4603 Tarquinium
2965 4550 3017 4593 in
3049 4548 3234 4604 Hispa-

772 4622 911 4667 niam
942 4632 1163 4677 pergere
1196 4622 1391 4667 sineret
1408 4654 1421 4675 ,
1442 4622 1645 4665 videret
1664 4633 1796 4665 anne
1824 4622 2038 4666 nimium
2061 4621 2358 4666 Florentiae
2378 4619 2630 4665 Ducissae
2651 4625 2705 4662 et
2723 4618 2988 4675 Tarquinii
3020 4629 3240 4665 consan-

772 4693 976 4748 guineis
996 4694 1209 4747 ingrata
1228 4694 1362 4738 soret
1382 4694 1493 4748 ejus
1515 4694 1562 4736 in
1587 4691 1892 4745 Hispaniam
1913 4692 2180 4748 profectio.
2201 4690 2336 4736 Vide
2355 4690 2514 4735 etiam
2535 4692 2689 4737 infra.
2711 4702 2757 4735 n.
2773 4690 2871 4733 7:2⁴.
