3742 5392
683 515 796 573 556
1599 515 1858 574 Canon.
1898 515 2053 574 Soc.
2092 517 2233 590 Jsss.

685 671 844 724 erat
871 662 944 726 id
973 664 1184 725 modo
1213 663 1500 726 minime
1529 665 1937 741 convenire,
1970 663 2429 728 nihilominus
2456 662 2795 743 quidquid
2830 663 2983 742 ipse
3012 663 3157 726 vel-

687 771 784 832 let
823 780 1106 832 nostros
1143 787 1302 833 esse
1339 770 1686 848 facturOS,
1737 773 1964 835 noluit
2004 789 2293 835 cursum
2342 771 2783 852 praedictum
2831 770 3155 833 inchoari

689 877 918 940 donec
945 878 1098 956 ipse
1128 876 1204 939 P.
1237 877 1518 957 Ignatio
1545 878 1889 942 scriberet
1919 887 1992 943 et
2021 879 2111 942 ab
2142 897 2227 941 eo
2258 895 2682 958 responsum
2712 877 3070 958 acciperet
3107 875 3149 938 ¹.

817 983 990 1046 1196.
1079 983 1586 1065 olyssiponam
1607 988 1738 1049 sub
1759 987 2075 1050 medium
2094 987 2261 1068 julii
2284 987 2549 1050 mensis
2563 986 2845 1049 rediens
2866 982 3157 1047 Provin-

693 1091 928 1170 ciaIiS,
961 1091 1155 1154 dedit
1185 1091 1364 1171 Regi
1400 1093 1608 1156 binas
1634 1092 1710 1157 P.
1761 1093 2023 1172 Ignatii
2068 1095 2383 1170 litteras3
2424 1093 2655 1173 prima
2687 1092 2775 1155 de
2812 1089 3167 1172 Principis

693 1207 926 1262 morte
947 1201 1424 1263 consolatoria
1447 1204 1494 1274 ’.
1521 1202 1834 1264 secunda
1859 1201 1947 1263 de
1978 1202 2231 1264 duellis
2252 1201 2401 1264 suis
2430 1201 2502 1264 in
2518 1200 2761 1280 regnis
2789 1197 3165 1278 probiben-

693 1306 804 1368 dis
825 1315 980 1369 erat
1003 1304 1047 1368 ³.
1075 1304 1518 1385 Significavit
1543 1319 1782 1372 autem
1803 1308 1959 1372 Rex
1982 1308 2133 1371 suis
2174 1309 2455 1388 legibus
2486 1305 2893 1387 huJusmodi
2928 1305 3163 1368 duella

689 1431 768 1475 se
791 1412 940 1493 jam
969 1413 1416 1493 prohibuisse
1437 1433 1566 1478 suo
1589 1415 1662 1478 in
1687 1433 1937 1495 regno,
1966 1425 2034 1478 et
2074 1426 2315 1479 tamen
2344 1431 2637 1496 operam
2674 1431 2879 1476 suam
2913 1412 3163 1475 obtulit

693 1531 772 1582 ut
801 1520 876 1583 id
903 1519 1340 1584 obtineretur
1371 1541 1414 1584 a
1443 1521 1732 1602 reliquis
1759 1522 2225 1602 principibuS,
2257 1521 2445 1602 quod
2468 1520 2545 1584 P.
2581 1521 2905 1600 Ignatius
2934 1517 3165 1598 cupie-

691 1626 838 1704 bat;
869 1636 942 1690 et
969 1637 1048 1690 ut
1075 1628 1214 1691 illis
1243 1630 1570 1709 exemplo
1597 1629 1936 1709 praeiret,
1971 1629 2250 1710 accepit
2278 1629 2551 1692 litteras
2579 1628 2657 1691 P.
2690 1627 2971 1706 Ignatii,
2998 1635 3067 1688 et
3088 1643 3165 1688 se

693 1751 820 1797 eas
863 1734 1476 1800 consideraturum
1520 1736 1700 1800 dixit
1745 1745 1820 1799 ut
1861 1737 2141 1800 videret
2182 1736 2351 1817 quid
2390 1735 2545 1798 fieri
2572 1734 2663 1797 ab
2706 1734 2861 1814 ipso
2896 1743 3159 1814 posset.

695 1839 852 1904 Hoc
883 1841 1142 1920 agebat
1171 1842 1242 1905 id
1271 1845 1614 1922 temporis
1640 1843 1717 1906 P.
1752 1843 2076 1922 Ignatius
2104 1841 2293 1922 quod
2322 1843 2553 1922 primo
2584 1859 2627 1904 a
2650 1839 2831 1904 Sede
2862 1839 3163 1919 Aposto-

699 1949 862 2026 lica,
894 1949 1147 2013 deinde
1177 1967 1222 2012 a
1251 1949 1568 2014 Concilio
1600 1952 2060 2032 impetratum
2086 1961 2215 2026 est,
2251 1959 2327 2013 ut
2350 1949 2803 2028 gravissimis
2831 1948 3077 2029 poenis
3096 1957 3167 2008 et

700 2055 992 2119 infamia
1016 2057 1090 2119 hi
1113 2066 1556 2136 notarentur,
1583 2059 1702 2137 qui
1726 2058 1796 2120 in
1817 2058 2069 2121 duellis
2089 2056 2493 2138 hujusmodi
2514 2055 3027 2136 depugnarent,
3052 2053 3167 2116 vel

701 2161 1112 2226 facultatem
1143 2163 1510 2244 pugnandi
1539 2165 1611 2226 in
1641 2165 1790 2227 suis
1819 2164 2153 2228 dominiis
2180 2163 2475 2226 liberam
2504 2163 2779 2240 darent,
2812 2162 2929 2224 vel
2954 2160 3169 2225 etiam

699 2269 934 2331 duella
961 2280 1401 2349 spectarent;
1433 2281 1502 2334 et
1528 2272 1870 2334 laetatum
1900 2289 1977 2334 se
2006 2287 2445 2350 magnopere
2474 2270 2631 2332 Rex
2660 2267 2988 2347 ostendit,
3018 2277 3170 2330 tum

697 2375 784 2437 de
841 2377 1051 2440 rebus
1107 2376 1196 2439 ad
1257 2378 1822 2442 aedificationem
1869 2378 2385 2458 pertinentibus
2404 2426 2418 2455 ,
2480 2394 2662 2458 quae
2718 2375 2945 2439 Roma
2996 2376 3167 2438 scri·

699 2491 824 2562 pta
853 2482 1156 2564 fuerant,
1191 2495 1338 2548 tum
1369 2486 1456 2548 de
1484 2487 1740 2565 gratiis
1770 2488 1842 2549 in
1865 2485 2107 2550 Indiae
2136 2485 2503 2566 spirituale
2534 2482 2923 2546 subsidium
2952 2483 3165 2562 impe-

695 2591 929 2669 tratiS,
979 2602 1048 2654 et
1087 2592 1174 2655 de
1223 2591 1570 2656 divisione
1609 2592 2161 2656 Provinciarum
2202 2593 2277 2655 in
2314 2591 2699 2671 Hispania,
2744 2599 2815 2653 et
2850 2588 3041 2670 quod
3088 2587 3169 2651 P.

699 2696 1130 2761 Franciscus
1159 2699 1708 2762 Commissarius
1737 2709 1925 2763 esset
1948 2700 2337 2762 institutus,

823 2804 998 2868 1197.
1083 2806 1331 2869 Voluit
1360 2807 1576 2869 etiam
1605 2805 1630 2836 ⁴
1657 2805 2014 2886 quomodo
2054 2824 2131 2868 se
2160 2805 2483 2885 Collegia
2526 2805 3005 2884 portugalliae
3050 2803 3173 2866 ha·

703 2911 974 2990 herent,
1007 2913 1196 2992 quod
1225 2914 1316 2976 ad
1345 2913 1630 2976 scholas
1655 2913 1929 2991 attinet,
1958 2913 2377 2992 intelligere,
2398 2923 2467 2975 et
2496 2912 2825 2992 probavit
2849 2911 3035 2992 quod
3048 2909 3177 2974 Co·

699 3017 1090 3082 nimbricae
1119 3020 1522 3098 theologiae
1557 3020 2033 3083 scholasticae
2082 3019 2296 3083 lectio
2334 3031 2585 3082 nostro
2616 3020 2687 3081 in
2718 3018 3037 3094 Collegio
3062 3017 3177 3080 fie-

701 3134 834 3204 ret,
865 3143 1032 3189 nam
1063 3138 1132 3190 et
1161 3127 1312 3207 ipse
1342 3127 1666 3191 audierat
1695 3145 1967 3208 paucas
1998 3145 2155 3191 esse
2186 3127 2561 3189 doctorum
2584 3127 3178 3188 scholasticorum

703 3233 1044 3295 lectiones
1085 3250 1171 3296 ea
1207 3235 1280 3297 in
1319 3235 1826 3303 Universitate;
1863 3245 1933 3297 et
1974 3251 2137 3297 cum
2174 3234 2263 3296 de
2304 3233 2571 3297 scholis
2601 3232 3181 3313 olyssiponensis

705 3339 1004 3420 Collegii
1023 3351 1381 3420 ageretur,
1414 3342 1640 3404 voluit
1663 3343 1755 3405 ad
1785 3360 1861 3404 se
1887 3341 2150 3404 deferri
2180 3342 2359 3404 situs
2402 3341 2973 3420 descriptionem,
3007 3341 3179 3404 etin

706 3446 956 3510 eodem
983 3463 1112 3510 sua
1143 3465 1362 3512 manu
1389 3449 1775 3513 delineavit
1803 3449 2111 3524 scholas,
2134 3459 2203 3511 et
2228 3449 2301 3511 in
2332 3448 2563 3510 medio
2588 3465 2833 3510 earum
2857 3457 3177 3527 apertam

703 3556 1016 3634 plateam
1052 3556 1500 3635 quadratam,
1543 3567 1610 3620 et
1654 3557 2041 3637 postulavit
2088 3574 2181 3618 an
2217 3556 2483 3618 nostris
2524 3557 2863 3635 placeret;
2906 3564 2977 3618 et
3014 3571 3179 3618 cum

703 3663 931 3725 nostri
959 3679 1396 3744 magnopere
1423 3663 1801 3727 formulam
1831 3664 2025 3726 illam
2073 3663 2481 3743 probarent,
2525 3662 2889 3725 constituit
2918 3671 2996 3725 ut
3021 3659 3175 3742 jux-

703 3780 780 3832 ta
807 3771 1002 3832 illam
1029 3771 1318 3833 scholae
1347 3770 1893 3833 aedificarentur
1924 3769 1967 3831 ³.
2012 3770 2357 3849 Cupiebat
2398 3780 2636 3833 autem
2673 3769 2750 3832 Ρ.
2786 3769 3018 3832 Miron
3048 3770 3172 3832 hu-

703 3877 1106 3940 maniorum
1133 3877 1528 3941 litterarum
1557 3877 2025 3940 scholasticos
2054 3877 2165 3938 vel
2190 3875 2695 3956 Olyssiponam
2724 3879 2841 3938 vel
2870 3876 3177 3939 Eboram

791 4122 809 4154 ¹
863 4121 999 4166 Vide
1021 4133 1198 4177 supra,
1217 4132 1340 4176 pag.
1359 4121 1457 4175 513,
1480 4128 1657 4165 annot.
1683 4123 1702 4165 1
1723 4122 1791 4165 ad
1813 4133 1870 4165 n.
1907 4119 2035 4166 ιοῶ.

785 4193 812 4226 ¹
865 4193 1000 4239 Vide
1022 4194 1214 4239 Carras
1229 4197 1298 4240 de
1313 4195 1424 4239 San
1445 4193 1682 4247 Ignacio,
1701 4199 1740 4238 t.
1765 4205 1833 4245 iv,
1851 4204 1973 4248 pag.
1998 4191 2093 4236 124.

785 4267 812 4301 ⁸
865 4266 1011 4316 Ibid..
1037 4279 1158 4322 pag.
1184 4267 1276 4310 120.
1300 4267 1444 4310 Haec
1475 4273 1648 4310 tamen
1681 4277 1780 4309 non
1802 4266 1868 4308 ad
1900 4264 2097 4318 Regem
2116 4262 2207 4306 sed
2228 4262 2293 4305 ad
2316 4263 2531 4306 Patrem
2560 4261 2723 4306 Miron
2740 4293 2751 4314 ,
2772 4267 2831 4305 ut
2866 4261 2928 4303 de
2964 4261 3027 4305 iis
3064 4271 3181 4305 cum

707 4339 850 4394 Rege
883 4345 1067 4392 ageret
1083 4372 1095 4390 ,
1117 4340 1243 4383 data
1272 4345 1353 4382 est
1383 4337 1493 4381 -ln
1517 4337 1746 4390 Regeseo
1763 4338 2081 4380 litterarum
2104 4334 2293 4378 Sancti
2312 4331 2537 4386 Ignatii,
2556 4346 2605 4376 v.
2622 4343 2661 4376 n
2676 4365 2687 4386 ,
2708 4332 2796 4376 fol.
2818 4332 2899 4374 174
2916 4337 2971 4375 et
2991 4343 3062 4386 v„
3094 4339 3175 4376 est

706 4411 962 4465 quaedam
980 4411 1043 4454 de
1064 4412 1164 4454 hac
1184 4422 1242 4455 re
1261 4411 1486 4466 epistola
1505 4409 1684 4453 Sancti
1698 4408 1889 4463 Ignatii
1912 4407 1979 4451 ad
1994 4406 2204 4452 Patrem
2222 4404 2404 4458 Miz-003
2420 4405 2511 4448 sed
2532 4405 2681 4448 lineis
2693 4414 2850 4457 super
2870 4403 3039 4446 ductis
3058 4413 3180 4447 can·

673 4469 682 4480 ⁸
705 4484 916 4526 cenata.
935 4481 1056 4527 Ideo
1077 4483 1302 4528 dubitari
1323 4489 1495 4537 potest
1515 4493 1583 4526 an
1604 4481 1812 4525 tandem
1842 4481 1999 4524 missa
2032 4478 2103 4522 sit
2124 4489 2297 4521 necne.
2314 4476 2447 4520 Eam
2482 4483 2681 4528 tamen,
2701 4475 2812 4519 Deo
2830 4475 3067 4528 volente,
3090 4475 3183 4520 da.

707 4554 878 4598 bimus
911 4555 958 4597 in
981 4553 1133 4598 Nova
1155 4555 1313 4598 Ξενία
1333 4553 1672 4598 Litterarum
1696 4553 1887 4596 Sancti
1905 4551 2129 4606 Ignatii.

793 4627 820 4659 ⁴
872 4625 1006 4670 Rex.

787 4699 814 4731 ὅ
865 4697 1044 4742 Simile
1075 4699 1196 4752 quid
1225 4698 1336 4741 Rex
1365 4698 1564 4742 fecerat
1603 4709 1696 4752 pro
1732 4696 1965 4750 collegio
1998 4695 2094 4740 Sti.
2130 4695 2343 4740 Antonii
2378 4693 2793 4750 Ulyssiponensi.
2824 4691 2956 4734 Vide
2993 4699 3173 4742 supra.

709 4785 832 4828 pag.
852 4771 949 4826 ⁵30,
984 4783 1029 4816 n.
1053 4773 1170 4816 1126.
