3742 5392
1651 439 1778 499 ΑΝ.
1824 438 1965 499 1554
2928 438 3062 503 247,

560 604 757 650 anno
780 585 1237 665 praecedenti
1260 584 1708 649 familiariter
1730 586 1816 649 de
1837 604 1918 649 re
1947 586 2194 649 eadem
2213 603 2374 650 cum
2405 585 2668 650 nostris
2695 585 2962 665 egisset
2987 583 3029 665 ¹,

562 710 733 757 cum
749 692 1171 773 quibusdam
1198 692 1550 773 episcopis
1571 692 1855 755 rediens
1880 692 1952 755 in
1974 692 2367 771 Poloniam,
2394 693 2480 756 de
2505 690 2887 757 Societatis
2910 709 3031 756 no-

565 808 761 863 strae
788 800 1109 879 collegiis
1146 800 1367 863 verba
1410 797 1613 876 fecit,
1649 799 1778 862 sed
1824 800 2273 880 potissimum
2325 816 2488 864 cum
2527 798 2616 862 D.
2672 796 3032 863 Stanislao

565 905 763 985 OsiO,
796 906 1149 988 Episcopo
1187 906 1599 970 Varmiensi
1647 903 1693 985 ⁸,
1726 906 1813 969 de
1843 906 2147 986 collegio
2197 906 2270 969 in
2302 923 2432 971 sua
2480 906 2787 970 dioecesi
2838 906 3032 970 insti-

570 1013 831 1077 tuendo
852 1014 1189 1076 nonnulla
1213 1013 1531 1091 contulit,
1560 1012 1702 1093 qui,
1737 1013 1850 1076 vir
1871 1012 2324 1076 doctissimus
2348 1022 2417 1076 et
2451 1029 2712 1092 magno
2735 1014 2886 1076 zelo
2920 1030 3032 1076 ca·

563 1120 905 1185 ’tholicam
935 1120 1351 1199 religionem
1381 1120 1599 1183 verbo
1631 1128 1699 1183 et
1730 1119 2014 1199 scriptis
2065 1118 2482 1199 defendens,
2516 1120 2814 1183 libenter
2843 1136 3027 1200 quae

573 1225 661 1289 de
687 1225 1043 1291 Societate
1077 1225 1563 1290 referebantur
1594 1226 1867 1290 audivit
1901 1238 1970 1289 et
1999 1227 2372 1306 amplexus
2401 1236 2531 1307 est,
2565 1235 2634 1290 et
2662 1227 2910 1289 decem
2938 1244 3031 1289 ex

566 1332 922 1397 Societate
951 1333 1355 1413 religiOSOS,
1391 1333 1649 1413 partim
1679 1350 1771 1395 ex
1797 1332 2160 1413 Superiori
2190 1343 2258 1397 et
2289 1332 2614 1397 Inferiori
2643 1332 3031 1397 Germania

567 1440 663 1503 ad
692 1458 769 1505 se
798 1441 983 1504 mitti
1011 1441 1371 1521 cupiebat,
1402 1439 1588 1503 inter
1618 1457 1796 1519 quos
1838 1448 2072 1503 essent
2104 1440 2244 1504 duo
2273 1442 2388 1504 vel
2419 1451 2564 1504 tres
2592 1438 3034 1520 professores

569 1548 644 1610 in
672 1547 955 1627 graecis
995 1556 1065 1610 et
1093 1547 1331 1610 latinis
1367 1546 1650 1624 litteriS,
1695 1564 1780 1609 ac
1822 1546 1962 1610 duo
1997 1547 2250 1610 saltem
2285 1547 2718 1611 sacerdotes,
2761 1545 3030 1611 Locum

572 1664 813 1718 autem
841 1663 909 1717 et
938 1653 1207 1717 reditus
1244 1654 1691 1716 necessarios
1728 1654 2223 1733 pollicebatur3
2268 1662 2336 1715 et
2373 1653 2541 1734 quia
2581 1672 2722 1717 non
2754 1663 3029 1717 tantum

572 1762 1161 1840 ecclesiasticam,
1196 1761 1323 1824 sed
1358 1761 1573 1824 etiam
1612 1762 2056 1825 saecularem
2086 1758 2646 1839 jurisdictionem
2685 1760 3024 1840 habebat,

574 1881 643 1932 et
686 1885 951 1948 magna
981 1868 1471 1949 operariorum
1518 1867 1891 1931 laborabat
1931 1866 2258 1947 penuria,
2314 1868 2505 1931 haud
2548 1867 2787 1945 dubie,
2834 1867 3027 1948 quod

568 1975 1057 2055 promittebat,
1084 1976 1557 2055 praestiturus
1586 1973 1965 2038 videbatur
1997 1970 2042 2036 ³.
2971 1960 2974 1963 ⁴

686 2080 826 2145 540.
915 2081 1106 2145 Idem
1138 2080 1225 2144 D.
1264 2080 1651 2145 Cromerus
1695 2080 1766 2143 in
1807 2079 2161 2143 mandatis
2207 2079 2512 2144 habebat
2541 2089 2616 2144 ut
2653 2082 3028 2145 conciona-

562 2198 795 2252 torem
825 2198 1107 2252 curaret
1131 2204 1553 2268 germanum
1581 2186 1898 2267 Reginae
1927 2186 2288 2265 Poloniae,
2313 2204 2498 2268 quae
2526 2186 2746 2267 Regis
2773 2187 3027 2252 Roma-

566 2313 821 2359 norum
848 2293 991 2358 filia
1020 2304 1173 2359 erat
1201 2292 1248 2375 ⁴,
1295 2314 1338 2359 a
1375 2312 1515 2375 quo
1547 2294 1882 2374 sperabat
1909 2310 1988 2357 se
2018 2291 2419 2372 hujusmodi
2449 2296 3028 2360 concionatorem

524 2389 527 2392 ’
564 2404 1139 2483 impetraturum,
1178 2411 1247 2464 et
1283 2402 1590 2465 fructum
1632 2418 1775 2464 non
1814 2400 2316 2480 poenitendum
2352 2401 2426 2464 in
2465 2403 2629 2464 aula
2669 2403 2872 2483 regia
2900 2402 3026 2467 Po-

570 2509 799 2573 loniae
827 2518 1340 2596 proventurum
1370 2507 1788 2572 affirmabat.
1823 2507 2161 2571 Movebat
2200 2509 2415 2571 etiarn
2451 2518 2738 2573 nostros
2764 2510 3028 2574 vicinia

562 2626 1032 2694 tartarorum,
1075 2616 1196 2696 qui
1233 2616 1651 2679 latissimam
1689 2613 2006 2695 quidem,
2049 2614 2176 2678 sed
2213 2615 2397 2678 male
2437 2616 2701 2679 cultam
2742 2617 3028 2697 provin-

570 2724 755 2787 ciam
804 2722 1250 2802 habitabant,
1312 2739 1593 2803 semper
1642 2722 1714 2784 in
1762 2720 2089 2784 tentoriis
2138 2731 2208 2785 et
2255 2720 2346 2784 ad
2389 2723 2648 2786 bellum
2697 2722 3025 2803 accincti,

564 2831 693 2911 qui
720 2830 1057 2893 carnibus
1092 2846 1434 2909 equorum
1482 2829 1988 2907 vescebantur,
2040 2837 2108 2892 et
2159 2829 2567 2893 eorumdem
2607 2830 3031 2909 sanguinem

568 2938 923 3001 interdurn
970 2937 1343 3017 potabant;
1386 2952 1550 2999 cum
1585 2935 1659 2997 hi
1697 2932 2084 3000 Mahometi
2123 2935 2490 3016 perfidiam
2541 2946 3028 3017 sequerentur,

568 3044 791 3107 turcis
812 3042 1149 3125 pejorem,
1169 3060 1432 3107 novam
1448 3041 1827 3123 quam‘dam
1850 3041 2124 3106 Indiam
2147 3043 2774 3123 septentrionalem
2797 3044 3034 3125 detegi

566 3152 834 3215 nostris
861 3150 1235 3214 videbatur
1274 3148 1318 3214 ⁸.

655 3390 672 3423 Ι
731 3390 865 3434 Vide
885 3401 1073 3446 supra,
1095 3397 1131 3435 t.
1154 3402 1229 3443 111,
1250 3401 1371 3445 pag.
1391 3388 1487 3445 263,
1510 3400 1561 3433 n.
1583 3390 1681 3437 586.

650 3462 675 3493 ¹
727 3461 1065 3506 “Notissimus
1084 3468 1162 3506 est
1182 3463 1265 3505 hic
1286 3462 1369 3505 vir
1388 3462 1448 3516 (ἦ-
1470 3462 1610 3515 1579),
1635 3462 1720 3516 qui
1741 3462 2013 3516 episcopus
2032 3461 2368 3515 varmiensls,
2387 3471 2601 3515 praenes
2622 3462 2825 3508 concilii
2847 3462 3039 3506 triden-

570 3534 665 3577 tinl
680 3566 691 3585 ,
713 3535 987 3588 theologus
1004 3545 1231 3578 summus
1254 3533 1390 3587 suin„
1412 3533 1837 3585 Buussnnoan,
1861 3534 1895 3576 l.
1919 3543 1980 3586 c.,
2002 3543 2122 3587 pag.
2143 3532 2215 3587 39,
2235 3541 2412 3577 annot.
2431 3532 2474 3577 7.

649 3605 674 3638 ⁸
728 3604 913 3649 Fusius
940 3606 1073 3650 haec
1100 3605 1263 3650 habes
1291 3606 1359 3649 ab
1387 3606 1499 3659 ipso
1531 3603 1740 3649 canisio
1775 3605 2017 3657 exposita
2049 3605 2103 3649 ln
2133 3604 2326 3649 litteris
2353 3604 2419 3648 ad
2450 3602 2504 3647 S.
2523 3602 2786 3659 Ignatlnm
2817 3605 2955 3649 datis
2989 3606 3039 3649 16

570 3676 771 3731 Aprilis
794 3676 911 3727 1554.
933 3677 1067 3731 apud
1088 3676 1513 3727 Beana-sennenn,
1535 3678 1569 3720 1.
1594 3686 1657 3729 c.,
1678 3687 1801 3730 pag.
1822 3674 2022 3720 458460.

652 3748 678 3781 ⁴
730 3745 1069 3802 “Gathar-int,
1102 3745 1413 3792 Ferdinandi
1445 3746 1469 3790 1
1499 3745 1633 3802 filia,
1653 3758 1787 3791 anno
1825 3746 1932 3791 1549
1959 3746 2240 3791 Francisco
2274 3746 2551 3802 Gonzagae
2586 3747 2704 3791 duel
2735 3754 3034 3801 mantuano,

566 3830 731 3874 eoque
760 3828 897 3863 anno
917 3818 1025 3863 1550
1050 3828 1272 3873 mortuo,
1291 3830 1426 3863 anno
1450 3820 1555 3863 1553
1586 3819 1925 3873 Seglsmundo
1947 3817 1996 3863 11
2018 3819 2274 3875 Augusto,
2295 3819 2539 3864 Polonlae
2569 3820 2708 3875 regi,
2740 3827 3037 3874 nupserat...

572 3892 999 3941 Bnauxsnnncn,
1022 3892 1056 3935 1.
1078 3903 1137 3945 c.,
1162 3902 1280 3945 pag.
1301 3891 1397 3945 460,
1420 3900 1591 3935 annot.
1612 3891 1655 3933 2.

653 3961 677 3994 ³
734 3962 893 4007 Paulo
912 3963 1068 4007 aliter
1087 3963 1216 4007 haec
1246 3962 1416 4006 omnia
1435 3964 1643 4015 exponit
1664 3964 1771 4007 suis
1802 3963 1867 4007 ad
1889 3963 2150 4017 Ignatium
2171 3964 2364 4008 litteris
2386 3962 2650 4008 Caninius:
2673 3962 2834 4007 “Item
2854 3969 3038 4017 questo

571 4034 773 4089 Legato
794 4034 1033 4079 polonico
1056 4035 1191 4079 tiene
1212 4034 1263 4077 in
1291 4034 1551 4077 mandatis
1573 4034 1633 4077 de
1654 4035 1826 4078 circat
1845 4046 1918 4079 vn
1947 4036 2246 4089 predicator
2273 4046 2368 4089 per
2386 4035 2440 4079 la
2458 4033 2817 4078 Illustrisslma
2838 4033 3038 4088 Regina

566 4118 691 4159 sua,
712 4110 763 4151 la
791 4108 909 4151 cual
944 4110 971 4149 e
1003 4106 1197 4157 figltola
1218 4106 1301 4149 del
1330 4105 1405 4149 Re
1436 4115 1614 4149 nostro
1648 4104 2006 4151 Serenlssimo.
2031 4104 2095 4149 Et
2127 4106 2499 4161 speclalmente
2531 4106 2710 4150 vorria
2741 4106 2908 4149 hauet
2937 4115 3039 4148 vno

566 4178 691 4222 delli
712 4179 899 4229 nostri.
920 4178 1141 4222 secondo
1162 4178 1257 4222 che
1284 4178 1323 4222 ll
1352 4189 1444 4221 suo
1470 4176 1540 4221 Re
1571 4178 1607 4221 ll
1639 4178 1705 4221 ha
1728 4178 1890 4231 detto,
1916 4180 2164 4222 tulmente
2187 4178 2284 4221 che
2314 4178 2472 4221 stain
2502 4180 2672 4221 buona
2700 4187 2954 4232 speranza
2975 4176 3036 4219 de

567 4258 719 4303 poter
751 4250 1033 4304 impetrare
1057 4256 1241 4304 questa
1270 4250 1446 4304 gri-atla
1474 4260 1727 4303 appresso
1747 4250 1784 4293 il
1805 4249 1881 4293 Re
1904 4256 2099 4300 nostro.
2121 4249 2294 4293 subito
2312 4248 2409 4292 che
2439 4260 2565 4292 sara
2597 4254 2824 4303 tornato,
2843 4246 3036 4291 sicomc

572 4328 788 4365 tornata
809 4322 869 4365 de
890 4332 1060 4373 mane,
1076 4332 1221 4365 come
1243 4322 1439 4373 dicono,
1465 4321 1531 4364 da
1552 4320 1805 4375 Vagal-ia.
1829 4321 1885 4365 10
1905 4322 1940 4365 li
1962 4322 2028 4365 ho
2045 4322 2206 4374 detto,
2227 4321 2323 4364 che
2343 4320 2515 4365 sarria
2539 4318 2875 4364 conueniente
2890 4351 2902 4374 ,
2923 4330 2979 4363 se
3000 4320 3038 4363 il

572 4402 666 4436 suo
685 4390 761 4435 Re
783 4392 1037 4437 scriueese
1066 4403 1223 4447 sopra
1252 4392 1331 4437 cio
1359 4402 1391 4435 a
1413 4390 1599 4443 Roma.
1622 4403 1719 4447 pur
1752 4392 1846 4437 che
1869 4404 1970 4437 non
2005 4402 2332 4437 mancaremo
2353 4402 2445 4447 per
2464 4393 2520 4435 la
2541 4399 2694 4445 parte
2714 4398 2923 4445 nostra,
2944 4402 3036 4435 vo·

571 4464 722 4508 leudo
746 4474 950 4519 sempre
966 4497 977 4518 ,
999 4471 1193 4518 quanto
1222 4474 1347 4508 uara
1374 4464 1645 4518 possiblle,
1668 4463 1940 4519 gratificat·
1963 4472 2013 4507 et
2043 4464 2240 4508 seruire
2271 4464 2324 4508 al
2356 4463 2429 4506 Re
2461 4463 2802 4508 serenissimo
2823 4462 2906 4506 dei
2935 4460 3036 4505 Ro·

572 4535 729 4579 mani.

654 4605 779 4650 che
810 4606 881 4650 lui
910 4606 1004 4649 che
1024 4618 1079 4650 se
1108 4607 1321 4651 sarebbe
1341 4608 1477 4652 buon
1497 4608 1658 4652 srutto
1680 4608 1731 4651 iu
1751 4609 1899 4659 aula,
1921 4614 1972 4650 et
2003 4608 2099 4651 che
2129 4617 2229 4651 non
2255 4606 2522 4651 mancat-la
2553 4605 2822 4650 occasione
2842 4604 2906 4647 de
2925 4616 3042 4659 pro-

574 4688 730 4721 cursu·
750 4678 787 4721 11
815 4678 1019 4733 collegij
1054 4679 1107 4722 in
1128 4678 1365 4734 Polonla,
1387 4679 1577 4723 elcome
1598 4690 1652 4723 se
1675 4679 1729 4724 sa
1748 4679 1800 4723 ln
1835 4678 2032 4725 Sicilia.
2055 4678 2223 4723 Credo
2251 4678 2339 4733 plu
2359 4676 2654 4723 facllmente
2683 4676 2722 4721 li
2743 4676 2907 4721 nostri
2937 4687 3054 4731 per,
