3742 5392
1636 480 1766 539 ΑΝ.
1811 480 1953 541 1554
2934 479 3039 539 391

571 636 642 690 et
669 626 1022 691 ecclesiae
1052 623 1336 690 futurae
1364 627 1672 707 primum
1698 626 2008 708 lapidem
2047 626 2453 690 solemniter
2500 626 2789 707 propria
2828 642 3045 689 manu

575 732 901 814 subjecit.

691 837 834 902 840.
921 836 1086 903 Duo
1133 838 1207 903 in
1263 838 1692 905 Societatem
1742 840 2033 905 admissi
2084 840 2367 904 fuerunt
2410 841 2539 904 sub
2589 840 2760 903 anni
2802 838 3037 917 finem,

577 962 881 1025 quorum
911 947 1091 1009 alter
1119 944 1444 1010 Rectoris
1471 946 1694 1011 frater
1723 956 1901 1027 erat,
1935 947 2365 1011 Franciscus
2392 945 2793 1011 Sevillanus
2822 942 3042 1010 nomi-

587 1069 703 1117 ne:
737 1052 1040 1117 duorum
1070 1062 1306 1117 autem
1333 1053 1666 1117 Fratrum
1703 1054 2338 1134 grammaticorum
2368 1055 2633 1118 latinae
2656 1054 3039 1132 orationeS,

576 1176 756 1240 quas
795 1160 884 1223 de
913 1175 1137 1240 puero
1162 1161 1334 1243 Jesu
1361 1160 1757 1225 habuerunt
1787 1162 1963 1242 ipsis
1990 1160 2191 1227 festis
2212 1161 2577 1241 natalitiiS,
2603 1176 3038 1241 magnopere

573 1277 643 1329 et
669 1266 1102 1331 domesticos
1123 1276 1192 1330 et
1211 1276 1550 1331 externos
1573 1267 1665 1332 ad
1687 1277 2011 1331 nostrum
2032 1270 2394 1347 sacellum,
2422 1269 2540 1332 ubi
2564 1268 3033 1345 habebantur,

573 1373 1105 1453 convenienteS,
1137 1382 1576 1438 recrearunt.

693 1478 782 1543 Et
808 1479 988 1543 haec
1020 1479 1106 1543 de
1137 1478 1456 1561 Collegio
1488 1480 2035 1561 Methymnensi.

1063 2019 1193 2083 DE
1237 2016 1707 2083 COLLEGIO
1751 2014 2541 2081 VALLISOLETANO

690 2448 833 2512 841.
923 2448 1348 2525 Vallisoleti,
1380 2444 1570 2527 quod
1599 2442 1958 2525 oppidum,
1992 2445 2271 2525 insigne
2298 2443 2372 2506 in
2401 2459 2626 2523 regno
2650 2442 3023 2522 Castellae,

573 2555 894 2619 Pinciam
923 2556 1142 2635 aliqui
1169 2564 1460 2632 vocant,
1492 2552 1889 2633 Collegium
1917 2560 2240 2614 nostrum
2269 2551 2406 2614 hoc
2428 2567 2617 2614 anno
2641 2549 3027 2613 incremen-

575 2674 727 2725 tum
755 2679 897 2725 non
927 2661 1284 2725 mediocre
1313 2658 1610 2739 accepit.
1642 2657 1910 2723 Rector
1953 2665 2109 2721 erat
2154 2655 2234 2720 Ρ.
2283 2658 2599 2740 Joannes
2645 2655 3025 2733 Gonzalez;

571 2769 722 2849 sed,
747 2768 1082 2833 diuturno
1103 2766 1354 2831 morbo
1377 2765 1701 2845 afflictuS,
1733 2781 1897 2829 cum
1924 2763 2203 2828 difficile
2226 2763 2705 2827 valetudinem
2728 2780 2813 2825 ac
2836 2762 3031 2826 vires

575 2892 1001 2956 recuperare
1031 2882 1294 2954 posset,
1327 2873 1543 2937 etiam
1567 2873 1644 2936 in
1669 2888 2057 2953 progressu
2094 2869 2300 2952 hujus
2344 2870 2513 2934 anni
2554 2870 2643 2933 ab
2684 2887 2769 2933 eo
2814 2886 3029 2933 onere

573 2983 986 3046 sublevatus
1015 2992 1146 3061 est,
1178 2980 1378 3062 quod·
1397 2980 1470 3043 in
1498 2978 1576 3042 P.
1600 2978 1949 3060 Joannem
1972 2976 2059 3041 de
2083 2976 2626 3041 Valderrabano
2650 2976 2779 3040 fuit
2804 2985 3030 3039 trans-

577 3092 800 3153 latum
832 3086 877 3153 ¹.

693 3194 836 3259 842.
921 3194 1239 3259 Firmum
1280 3194 1862 3258 concionatorem
1901 3192 2169 3254 nullum
2210 3190 2325 3253 hic
2376 3188 2731 3253 habebant
2781 3189 3029 3268 nostri,

653 3524 670 3558 ¹
727 3523 810 3569 En
827 3524 980 3579 hujus
1000 3524 1219 3578 collegii
1239 3530 1438 3567 statum
1457 3532 1630 3565 mense
1653 3518 1945 3564 Februario
1965 3520 2119 3575 huJus
2139 3520 2260 3563 anni
2283 3519 2403 3564 1554.

2755 3752 2979 3808 Tempu·

833 3873 1002 3907 noum
1033 3874 1095 3907 ιτ
1122 3873 1392 3906 eoeneum«
1693 3857 1878 3904 Aetas.
2189 3858 2390 3904 Patria.
2699 3860 2751 3903 in
2772 3806 3035 3904 sffiffgtate

2724 3919 2996 3967 exegerat.

597 4096 636 4138 1.
659 4094 716 4138 P.
737 4093 962 4147 joannes
983 4094 1242 4139 Gonzalez
1251 4121 1639 4141 ...............
1705 4090 1807 4133 An.
1835 4088 1893 4134 «10
1922 4092 2087 4135 Dioec.
2110 4090 2412 4146 siguminae
2417 4122 2661 4138 ..........
2722 4095 2821 4138 An.
2837 4092 2866 4135 6

595 4167 638 4211 2.
658 4164 716 4211 P.
736 4164 964 4218 joannes
985 4166 1382 4211 Valderrabano
1385 4195 1640 4209 .........
1730 4194 1755 4216 „
1833 4161 1892 4205 Β
1918 4162 2665 4209 Vallisoletanus..............
2744 4199 2769 4221 „
2825 4167 2852 4210 7
2888 4168 2974 4209 vel
3002 4166 3035 4210 8

593 4238 636 4281 3.
659 4235 717 4280 Ρ.
739 4236 930 4281 Petrus
948 4236 1204 4283 Tablareo
1212 4266 1640 4282 ...............
1730 4265 1755 4289 ,,
2746 4272 2770 4293 ,,
2835 4238 2863 4282 7

595 4308 622 4349 a
650 4306 741 4351 Fr.
774 4306 989 4352 Gabriel
1009 4309 1156 4364 coadj
1168 4336 1639 4354 ..................
1729 4336 1754 4359 „
1835 4304 1891 4349 20
1919 4304 2247 4350 Fluentium
2263 4334 2662 4352 ...............
2744 4344 2766 4365 ,,
2830 4311 2859 4353 2

594 4378 636 4421 5.
659 4376 751 4423 Fr.
773 4376 1058 4423 Roderlcus
1061 4406 1634 4425 .....................
1729 4410 1754 4432 „
1835 4379 1891 4423 25
1918 4378 2173 4432 Esplnosa
2192 4378 2253 4421 de
2277 4380 2353 4422 los
2381 4377 2659 4423 Monteros.
2742 4416 2766 4436 ,,
2830 4383 2859 4425 2

594 4450 634 4491 6.
663 4448 752 4493 Fr.
773 4448 996 4494 Michael
1028 4450 1183 4495 Anda
1192 4478 1636 4495 .................
1729 4484 1754 4505 „
1837 4452 1890 4495 19
1918 4450 2350 4494 vallisoletanus.
2743 4488 2767 4508 „
2832 4456 2860 4498 2

593 4520 636 4563 7.
661 4520 718 4564 Ρ.
737 4519 928 4565 Petrus
949 4518 1208 4565 Domenec
1217 4549 1638 4567 ................
1729 4556 1752 4577 ,,
1833 4524 1889 4567 28
1916 4522 2239 4567 Catalaunus
2244 4550 2631 4568 ...............
2740 4560 2764 4579 ,,
2828 4528 2857 4571 3

649 4708 702 4751 P.
722 4707 922 4761 Annon,
943 4706 1229 4752 Memoria!
1247 4710 1315 4753 de
1338 4710 1416 4753 los
1435 4720 1534 4763 que
1556 4710 1772 4755 residen
1795 4722 1861 4754 en
1894 4710 2210 4755 Valladolid.
