3742 5392
712 478 831 537 656
1638 472 1892 533 Canon.
1935 470 2090 532 Soc.
2131 472 2272 546 με.

716 641 889 687 cum
914 621 1141 687 nostri
1170 621 1545 696 ducebant,
1578 629 1648 683 et
1674 620 1751 683 in
1778 620 2024 699 lingua
2047 620 2376 683 indorum
2403 618 2839 684 addiscenda
2859 620 3026 684 et-in
3048 618 3190 682 offi-

725 732 857 796 ciis
884 729 1148 794 divinis
1177 737 1248 793 et
1277 729 1435 792 aliis
1462 730 1813 793 virtutum
1838 735 1911 790 et
1939 726 2337 791 studiorum
2377 726 2962 808 occupationibus
2989 738 3188 789 exer-

726 839 1021 916 cebant,
1074 836 1279 901 festis
1327 835 1576 900 diebus
1624 842 1841 899 cantu
1889 833 2199 915 figurato
2253 834 2413 915 (qui
2467 848 2552 898 ea
2609 834 2696 897 in·
2715 854 2720 859 ⁴
2739 834 2920 897 urbe'
2962 848 3192 896 novus

715 946 1013 1009 omnino
1044 946 1221 1019 erat)
1256 942 1393 1007 Dei
1421 944 1685 1007 cultum
1724 942 2268 1022 promovebant,
2299 958 2430 1022 pro
2461 939 2660 1020 cuius
2689 956 2932 1004 amore
2969 940 3190 1006 multa

724 1053 873 1133 pati
900 1052 975 1117 in
999 1050 1273 1134 Japone
1297 1049 1659 1131 optabant.

851 1156 1029 1223 1407.
1116 1157 1323 1221 Initio
1351 1165 1594 1220 autem
1620 1157 1886 1220 mensis
1916 1156 2186 1237 Aprilis
2207 1155 2567 1236 sequentis
2589 1155 2760 1219 anni
2779 1154 3057 1218 Malaca
3079 1154 3190 1235 Ja-

728 1282 991 1347 ponem
1020 1282 1277 1329 versus
1304 1264 1693 1345 profecturi
1722 1272 1928 1327 erant
1949 1312 1964 1343 ,
1997 1264 2164 1345 quia
2193 1262 2420 1327 DnuS.
2455 1262 2810 1327 Antonius
2849 1262 2938 1327 de
2963 1260 3182 1325 Noro·

718 1390 871 1453 gna
896 1422 911 1452 ,
944 1370 1097 1453 ejus
1126 1372 1315 1435 arcis
1354 1388 1441 1434 ac
1480 1368 1817 1451 praesidii
1853 1370 2045 1451 DuX,
2089 1370 2459 1450 navigium
2489 1368 2706 1449 Regis
2733 1366 3187 1449 (curavalam

726 1479 1039 1559 vocant),
1074 1478 1381 1559 quodibi
1404 1477 1711 1557 erat,-eis
1736 1477 2053 1556 dederat,
2082 1496 2222 1558 quo
2243 1476 2574 1556 Bungum
2595 1493 2815 1557 usque
2843 1476 3194 1539 deferren-

663 1638 671 1648 .
726 1594 865 1665 tur,
894 1594 963 1649 et
978 1603 1057 1649 se
1071 1582 1221 1665 jam
1245 1602 1491 1649 omnes
1512 1584 1865 1665 parabant
1886 1584 1980 1647 ad
2000 1583 2300 1663 frigora,
2327 1583 2610 1661 famem,
2637 1582 2852 1662 sitim,
2878 1582 3195 1662 pericula

722 1703 799 1758 et
828 1692 1357 1773 persecutiones
1386 1700 1455 1754 et
1483 1690 1666 1755 falsa
1695 1692 2028 1754 bonzium
2057 1691 2463 1754 testimonia
2492 1690 2808 1769 ferenda,
2843 1706 3027 1769 quae
3058 1688 3194 1752 sibi

727 1801 1098 1866 imminere
1136 1798 1662 1879 intelligebant;
1702 1798 1882 1862 tanti
1912 1808 2152 1861 autem
2195 1798 2533 1861 momenti
2571 1796 2973 1878 hujusmodi
3011 1814 3193 1860 mes-

727 1926 879 1971 sem
906 1906 983 1971 P.
1018 1907 1360 1971 Melchior
1389 1906 1749 1984 censebat,
1782 1915 1859 1968 ut
1890 1914 2380 1985 augmentum,
2415 1905 2606 1985 quod
2633 1906 2706 1967 in
2747 1903 2994 1982 regnis
3021 1902 3187 1966 Por-

726 2015 1067 2095 tugalliae
1106 2014 1321 2077 dabat
1357 2012 1555 2077 Deus
1592 2010 1956 2087 Societati,
2001 2012 2091 2075 ad
2131 2013 2266 2076 hoc
2298 2021 2454 2075 erat
2488 2010 2531 2091 ¹,
2563 2021 2640 2075 ut
2667 2030 2744 2075 se
2775 2020 3193 2075 exercerent

726 2133 879 2187 tam
907 2124 981 2185 in
1009 2122 1266 2185 litteris
1296 2137 1511 2201 quam
1543 2120 1614 2183 in
1643 2120 2064 2197 virtutibuS,
2098 2129 2168 2183 et
2197 2120 2267 2183 in
2299 2118 2572 2183 Indiam
2603 2117 2694 2182 ad
2723 2136 2970 2182 earum
2998 2118 3184 2182 colli2

730 2230 1043 2311 gendum
1072 2228 1383 2292 fructum
1411 2228 1764 2307 venirent,
1792 2244 1960 2290 nam
1982 2244 2244 2307 magna
2269 2243 2564 2307 prorsus
2585 2222 3004 2305 humilitate,
3033 2226 3188 2288 obe-

724 2338 995 2402 dientia
1024 2346 1093 2399 et
1122 2336 1484 2417 patientia,
1518 2335 1654 2400 fide
1684 2352 1768 2397 ac
1800 2352 1926 2415 spe
1956 2344 2024 2398 et
2055 2334 2404 2397 charitate
2443 2351 2620 2415 opus
2648 2344 2836 2412 erat,
2869 2344 2940 2397 et
2981 2333 3188 2395 valde

734 2463 860 2527 per
892 2444 1175 2508 habitus
1202 2444 1577 2507 diuturnos
1616 2443 1981 2505 roborata.

860 2550 1035 2614 1408.
1124 2550 1513 2614 Admoneri
1564 2550 1892 2629 cupiebat
1930 2568 1972 2613 a
2011 2548 2088 2613 P.
2133 2550 2410 2629 Ignatio
2447 2548 2524 2612 P.
2571 2548 2918 2612 Melchior
2957 2565 3048 2611 an
3087 2548 3188 2611 In·

722 2659 889 2723 diae
917 2657 1299 2721 Provincia
1330 2656 1807 2735 portugalliae
1838 2654 2158 2737 subjecta
2187 2673 2344 2719 esse
2375 2656 2688 2734 deberet;
2721 2655 2824 2719 sic
2855 2656 3046 2718 enim
3073 2654 3186 2717 fie-

727 2774 835 2830 ret
865 2775 943 2829 ut
971 2782 1215 2828 omnes
1246 2762 1493 2827 eodem
1524 2763 1776 2843 spiritu
1801 2763 2035 2842 magis
2060 2763 2430 2827 unirentur
2453 2763 2514 2825 si
2536 2778 2754 2825 unum
2777 2780 2866 2825 ex
2889 2770 3186 2841 utraque

722 2872 1108 2936 'Provincia
1137 2887 1397 2951 corpus
1425 2870 1649 2934 fieret:
1682 2868 2154 2932 Provincialis
2182 2870 2402 2932 etiam
2431 2867 2950 2948 Portugalliae,
2983 2869 3046 2931 si
3091 2868 3178 2931 in-

728 2980 965 3044 dicam
991 2980 1277 3043 vineam
1305 2978 1399 3041 ad
1426 2996 1505 3040 se
1534 2977 1891 3057 pertinere
1922 2985 2268 3055 censeret,
2303 2976 2674 3040 sollicitior
2695 2974 2976 3039 futurus
3009 2975 3190 3038 vide-

722 3088 936 3150 batur
974 3086 1049 3149 in
1088 3084 1367 3148 selectis
1406 3083 1757 3165 operariis
1804 3082 1896 3146 ad
1936 3101 2095 3146 eam
2135 3083 2525 3161 mittendis;
2570 3084 2696 3146 sed
2735 3099 2774 3145 e
2806 3083 3186 3159 contrari0,

729 3203 927 3257 tanta
959 3202 1067 3257 est
1095 3192 1477 3255 diversitas
1506 3208 1745 3254 rerum
1773 3190 2018 3255 Indiae
2059 3210 2098 3254 a
2139 3192 2350 3254 rebus
2394 3190 2904 3270 Portugalliae,
2949 3198 3018 3253 et
3047 3199 3192 3253 tam

724 3302 931 3364 varia
975 3300 1265 3379 negotia
1304 3307 1374 3361 et
1412 3298 1686 3376 munia,
1729 3306 1807 3361 ut
1846 3299 2058 3377 longe
2097 3300 2304 3361 aliter
2341 3297 2428 3361 de
2467 3298 2605 3360 illis
2645 3298 2716 3360 in
2757 3298 3192 3377 Portugallia

718 3408 1098 3484 sentiatur,
1132 3414 1201 3468 et
1232 3406 1439 3467 aliter
1464 3404 1564 3467 ibi
1593 3421 1708 3467 res
1740 3404 2340 3468 constituerentur
2383 3422 2628 3485 quam,
2663 3405 2724 3467 si
2755 3405 3189 3484 experientia

722 3514 960 3579 edocti
991 3522 1248 3591 essent,
1283 3511 1836 3576 constituissent:
1875 3521 1944 3574 et
1959 3512 2161 3573 hanc
2181 3512 2568 3575 secundam
2591 3521 2864 3592 partem
2888 3510 2964 3575 P.
2991 3512 3190 3591 Igna·

726 3623 867 3684 tius
914 3620 1271 3701 probavit,
1324 3620 1445 3700 qui
1494 3620 1950 3682 Provinciam
2001 3618 2392 3699 sejunctam
2435 3635 2614 3697 esse,
2671 3629 2741 3683 et
2785 3619 3196 3684 distinctum

722 3728 1247 3791 Provincialem
1276 3726 1539 3790 habere
1568 3726 1815 3789 voluit.

848 3832 1025 3897 1409.
1111 3834 1303 3897 Idem
1333 3832 1408 3895 Ρ.
1444 3833 1786 3895 Melchior
1814 3832 2171 3912 significat
2199 3830 2222 3861 ’
2255 3833 2440 3913 quod
2470 3832 2544 3895 in
2574 3848 2800 3912 regno
2825 3833 3192 3896 bintanen-

808 4004 827 4037 ί
884 4002 995 4053 Sic:
1016 4004 1213 4048 rectius
1234 4009 1411 4047 tamen
1432 4008 1485 4046 et
1506 4014 1689 4047 sensus
1710 4009 1761 4045 et
1782 4003 2025 4059 syntaxis
2045 4005 2378 4055 constabunt,
2401 4004 2444 4046 si
2467 4002 2698 4048 dicatur:
2720 4004 2793 4047 ad
2811 4004 2906 4049 hoc
2933 4004 3042 4047 sibi
3067 4004 3194 4047 vide

722 4078 881 4119 retur
901 4088 934 4119 a
954 4075 1068 4119 Deo
1087 4084 1417 4120 concessum.

803 4148 829 4179 ²
880 4146 938 4191 In
958 4148 1201 4201 epistola,
1217 4145 1363 4201 cujus
1382 4148 1695 4190 mentionem
1715 4146 1930 4190 fecimus
1963 4156 2140 4201 supra,
2161 4159 2281 4202 pag.
2297 4148 2382 4191 645
2397 4159 2533 4191 num.
2555 4148 2678 4203 1381,
2713 4149 2846 4206 unde
2867 4150 2998 4203 haec
3029 4160 3196 4204 pauca

720 4230 1004 4273 excerpere
1035 4220 1189 4274 Juvat
1220 4219 1286 4263 ad
1316 4219 1568 4273 majorem
1589 4218 1839 4262 historiae
1876 4218 2030 4273 hujus
2051 4220 2495 4273 perspicuitatem.
2527 4220 2637 4263 “Un
2671 4220 2881 4265 fratello
2913 4221 2998 4265 del
3017 4226 3196 4265 nostro

720 4292 931 4335 fratello
952 4290 1225 4335 Fernando
1247 4290 1456 4334 Mendez
1477 4292 1526 4334 lo
1546 4291 1802 4344 pigliorno
1822 4291 1838 4334 i
1860 4290 1991 4334 Mori
2014 4292 2099 4335 del
2133 4290 2313 4346 Regno
2345 4292 2394 4335 di
2427 4291 2666 4345 Bintano,
2697 4293 2793 4336 che
2815 4296 2842 4336 e
2861 4293 2952 4347 pin
2980 4282 3031 4337 in
3054 4294 3105 4337 la
3125 4293 3199 4336 di·

720 4363 943 4415 Malacaz
960 4364 1193 4407 vedendo
1214 4373 1311 4407 con
1342 4362 1590 4417 proferte,
1612 4369 1664 4406 et
1684 4373 1896 4406 carezze
1925 4374 2027 4407 non
2048 4364 2250 4417 poterlo
2271 4376 2481 4408 mouere
2511 4364 2658 4409 accio
2691 4364 2736 4408 si
2771 4370 3009 4409 toi-nasse
3029 4364 3194 4415 Μοτος

723 4446 820 4479 con
839 4436 1101 4489 tormenti,
1118 4441 1169 4479 et
1190 4446 1357 4489 paura
1379 4434 1427 4477 lo
1448 4435 1656 4477 volsero
1677 4434 1821 4478 accio
1842 4434 2091 4489 sforzare,
2115 4440 2166 4478 et
2187 4436 2236 4479 lo
2266 4437 2480 4489 legorno
2503 4446 2534 4479 a
2554 4447 2622 4479 un
2642 4437 2839 4487 albero.
2861 4442 2914 4479 et
2949 4437 3022 4491 gli
3044 4436 3198 4480 tiror-

718 4518 787 4551 no
807 4518 903 4551 con
923 4519 989 4550 un
1010 4519 1163 4561 pezzo
1180 4507 1229 4551 di
1250 4506 1565 4559 artigliaria,
1583 4517 1677 4561 per
1696 4512 1774 4549 tre
1796 4517 1826 4550 o
1846 4512 2060 4560 quattro
2089 4508 2234 4551 volte
2255 4518 2410 4551 senza
2445 4514 2596 4561 poter
2627 4510 2875 4560 toccario,
2909 4508 3194 4552 inuocando

715 4579 823 4633 egli
844 4588 1049 4633 aempre
1070 4580 1121 4623 la
1152 4577 1328 4622 Madre
1349 4578 1401 4622 di
1422 4576 1520 4621 Dio
1540 4576 1609 4621 fin
1629 4577 1723 4621 che
1745 4579 1793 4621 lo
1822 4588 2104 4631 spezzorno
2125 4588 2220 4621 con
2254 4590 2360 4622 una.
2388 4579 2692 4633 bombarda,
2725 4578 2942 4623 essendo
2961 4570 3191 4638 glorioso

720 4649 957 4703 martire,
976 4648 1061 4704 poi
1081 4650 1176 4693 che
1196 4650 1637 4709 morlosolamente
1658 4660 1755 4703 per
1773 4651 1827 4692 la
1848 4648 2001 4702 fede...
2025 4649 2250 4693 Diversi
2268 4651 2476 4694 avisi...
2499 4650 2734 4694 nce-vuli
2750 4650 2882 4693 dall'
2905 4650 3192 4695 ann01551

711 4712 833 4774 ‘fino
852 4721 907 4764 al
926 4716 1063 4765 1558
1083 4726 1201 4774 etc..
1224 4720 1313 4764 fol.
1334 4720 1414 4764 169
1430 4733 1480 4763 v.
