3742 5392
705 473 744 529 6
1636 477 1892 537 CflnoN.
1936 477 2088 536 Soc.
2130 479 2269 551 Jsss.

709 621 992 699 niense;
1025 619 1098 683 in
1127 619 1448 685 Inferiori
1477 622 1865 686 Germania
1898 623 2350 704 Coloniense;
2383 625 2455 688 in
2484 625 2779 689 Austria
2817 626 3176 692 Viennen-

710 745 807 789 se.
862 727 1106 808 Itaque
1152 728 1224 790 in
1268 728 1778 810 quinquaginta
1828 730 2102 794 duobus
2140 731 2317 794 locis
2353 729 2678 796 Societas
2720 736 3169 817 versabatur,

710 835 991 898 omissis
1020 835 1473 899 missionibus
1502 838 1746 916 magni
1778 837 2006 917 Congi
2037 847 2106 902 et
2136 837 2473 902 Corsicae
2503 849 2572 902 et
2601 841 2760 904 aliis
2786 840 2829 920 ¹,
2854 843 2976 906 ubi
2997 861 3173 907 non·

709 943 880 1004 dum
910 950 1064 1005 erat
1091 941 1295 1006 firma
1325 953 1732 1007 nostrorum
1761 943 1783 974 ⁵
1815 945 2187 1008 habitatio.

827 1047 888 1110 3.
976 1049 1200 1113 Erant
1229 1059 1464 1114 autem
1495 1050 1693 1114 initio
1734 1050 1941 1132 huJus
1987 1052 2154 1115 anni
2192 1053 2497 1132 professi
2535 1072 2829 1118 numero
2876 1056 3171 1135 triginta

708 1165 876 1234 tres,
906 1165 998 1236 et,
1025 1174 1116 1219 ex
1137 1157 1383 1220 decem
1404 1157 1676 1238 primiS,
1703 1175 1833 1222 sex
1862 1159 2283 1238 superstites
2311 1169 2538 1240 erant,
2567 1163 2685 1241 qui
2709 1163 2779 1225 in
2803 1163 3171 1242 praedicto

707 1281 1002 1326 numero
1035 1263 1732 1344 comprehenduntur
1759 1263 1805 1342 ³;
1841 1275 2251 1330 nostrorum
2279 1277 2516 1330 autem
2545 1286 2906 1349 numeruS,
2935 1289 3171 1351 quarn-

709 1371 822 1433 vis
849 1371 922 1433 in
951 1365 1392 1450 Port'ugallia
1420 1371 1553 1435 fuit
1581 1373 1716 1436 hoc
1746 1390 1935 1435 anno
1964 1374 2354 1453 praeterito
2384 1375 2797 1440 imminutus
2828 1374 2883 1455 ⁴,
2920 1377 3174 1458 ubique

709 1476 856 1539 fere
880 1478 952 1540 in
975 1486 1123 1540 tota
1154 1475 1512 1541 Societate
1543 1479 1964 1559 augebatur.

830 1584 892 1646 4.
979 1583 1249 1648 Romae
1278 1585 1538 1665 partim
1569 1604 1659 1648 ex
1703 1587 2069 1667 admissis,
2115 1589 2235 1668 qui
2275 1589 2451 1651 satis
2490 1589 2694 1652 multi
2731 1599 2969 1671 erant,
3018 1609 3177 1672 par-

711 1692 837 1753 tim
865 1709 955 1754 ex
983 1691 1128 1769 his,
1175 1693 1295 1773 qui
1343 1693 1740 1756 studiorum
1780 1695 2017 1774 gratia
2064 1696 2179 1756 vel
2221 1695 2400 1757 alias
2440 1695 2531 1758 ob
2576 1713 2833 1759 causas
2873 1697 3177 1761 Romam

709 1798 1227 1880 evocabantur‚
1281 1817 1716 1880 magnopere
1771 1783 2214 1881 [nostrorum
2264 1801 2636 1884 numerus]
2693 1815 3053 1884 creverat3
3107 1815 3177 1868 et

711 1921 873 1967 cum
902 1922 1144 1968 mense
1172 1905 1363 1969 Maio
1393 1905 1602 1986 hujus
1643 1907 1809 1970 anni
1849 1917 2131 1970 centum
2172 1918 2242 1971 et
2284 1909 2545 1989 viginti
2582 1927 2674 1972 ex
2713 1912 2978 1975 nostris
3018 1915 3177 1990 plus

711 2011 943 2074 minus
973 2023 1241 2090 essent,
1276 2023 1345 2076 et
1375 2014 1465 2076 ad
1500 2031 1691 2076 nova
1722 2013 2073 2093 Collegia,
2106 2023 2181 2076 ut
2224 2014 2516 2078 inferius
2555 2015 2860 2097 dicetur,
2895 2019 3177 2098 plurimi

711 2119 909 2183 missi
938 2129 1175 2184 essent
1196 2169 1211 2200 ,
1245 2121 1698 2185 nihilominus
1729 2122 1858 2186 sub
1892 2123 2057 2185 anni
2089 2121 2297 2185 finem
2328 2123 2420 2186 ad
2451 2132 2734 2188 centum
2764 2134 2834 2188 et
2872 2110 3175 2206 quadra-

710 2225 911 2306 ginta
940 2226 1458 2306 ascendebant3
1491 2245 1622 2292 nec
1654 2229 1840 2292 enim
1870 2237 2018 2292 tam
2049 2229 2248 2292 multi
2278 2230 2417 2292 alio
2457 2231 2916 2295 mittebantur
2957 2251 3171 2313 quam

701 2333 1262 2418 =admittebantur
1293 2331 1337 2398 ⁸.

793 2504 810 2536 ¹
865 2503 939 2548 Ut
967 2509 1230 2558 Anconae,
1261 2507 1346 2550 ubi
1377 2513 1493 2550 erat
1529 2507 1584 2550 P.
1617 2507 1862 2551 Nicolaus
1896 2507 2181 2561 Bobadilla;
2212 2507 2477 2556 Mor-henli.
2508 2509 2593 2552 ubi
2626 2507 2683 2551 P.
2714 2509 2957 2552 Andreas
2977 2509 3182 2552 Galva—

711 2576 903 2629 neilus3
939 2576 990 2618 in
1019 2578 1146 2619 urbe
1179 2579 1392 2621 Astensi
1424 2577 1626 2630 (Jerez),
1657 2579 1741 2622 ubi
1771 2579 1873 2621 PP.
1906 2577 2112 2633 Gaspsr
2147 2577 2318 2633 Lopez
2350 2585 2403 2623 et
2434 2579 2839 2634 Christophorus
2875 2580 2937 2623 de
2972 2579 3174 2624 Mentio-

711 2658 788 2694 ιιι.
811 2653 911 2692 etc.
931 2655 1032 2691 ete.

791 2719 815 2748 ²
870 2719 1048 2763 Verba
1069 2721 1276 2764 duobus
1293 2722 1447 2775 paulo
1467 2721 1702 2776 superius
1722 2729 1774 2764 et
1797 2723 2100 2764 nostrorum
2120 2723 2203 2766 hic
2225 2723 2403 2765 addita
2422 2729 2542 2765 sunt
2562 2733 2595 2766 a
2622 2724 2854 2766 Polanco.

791 2791 814 2822 ³
869 2791 1039 2834 Mense
1062 2792 1231 2846 Aprili
1251 2793 1613 2847 praecedentis
1643 2793 1764 2836 anni
1796 2793 1901 2836 1553
1928 2793 2146 2847 professi
2178 2804 2379 2848 omnes,
2410 2801 2625 2848 praeter
2654 2794 2875 2848 quinque
2908 2806 2971 2838 ex
2992 2793 3181 2849 primis

710 2862 900 2915 Ignatii
917 2863 1084 2914 sociis,
1105 2864 1190 2917 qui
1210 2864 1520 2918 superstites
1540 2871 1708 2918 erant,
1729 2865 1947 2917 scilicet,
1972 2864 2069 2908 ΡΡ.
2092 2864 2320 2920 Laynez,
2342 2865 2518 2918 Broet,
2541 2865 2839 2920 Salmeron,
2864 2865 3175 2920 Rodriguez,

711 2942 761 2978 et
784 2935 1071 2988 Bobadilla,
1093 2936 1279 2996 viginti
1302 2943 1352 2980 et
1372 2948 1502 2980 unus
1523 2947 1734 2980 numero
1755 2944 1925 2980 erant.
1950 2936 2081 2980 Vide
2104 2949 2275 2991 supra,
2298 2943 2335 2980 t.
2356 2949 2431 2990 111,
2453 2949 2573 2992 pag.
2602 2938 2665 2991 13,
2689 2945 2867 2982 annot.
2896 2940 2933 2981 1.

793 3007 876 3059 lie,
894 3006 981 3060 qui
995 3018 1170 3051 omnes
1186 3009 1331 3052 initio
1349 3009 1500 3062 hujus
1516 3008 1637 3051 anni
1659 3008 1762 3052 1554
1778 3009 2047 3058 vivebant,
2065 3007 2294 3062 adjuncti
2313 3017 2431 3052 sunt
2444 3020 2503 3052 eo
2520 3009 2634 3071 ipsq
2646 3020 2781 3053 anno
2795 3009 2900 3053 1553
2915 3007 3015 3052 ΡΡ.
3032 3009 3177 3053 Gun-

711 3077 946 3122 disalvus
965 3079 1028 3130 de
1050 3079 1307 3132 Sylvelra.
1330 3080 1590 3123 Antonius
1607 3081 1748 3132 (olim
1768 3079 2063 3133 Tiburtius)
2095 3080 2157 3123 de
2191 3079 2426 3132 Quadros
2446 3087 2498 3124 et
2528 3081 2880 3124 Gundisalvus
2918 3079 3054 3134 Vaz,
3087 3082 3178 3135 qui·

713 3150 1024 3206 Ulyssipone
1045 3152 1097 3196 in
1115 3151 1351 3196 manibus
1373 3151 1426 3194 P.
1452 3151 1752 3208 Hieronymi
1787 3151 1994 3196 Natalis
2014 3151 2095 3195 die
2122 3151 2189 3195 l.⁸
2209 3151 2449 3195 Octobris
2471 3151 2577 3195 1553
2605 3151 2976 3206 professionem
2998 3153 3182 3196 emise—

715 3231 851 3267 runt.
871 3223 1002 3267 Vide
1019 3234 1193 3277 supra,
1216 3231 1350 3277 tsm,
1373 3236 1492 3278 pag.
1516 3224 1611 3278 ato-t,
1634 3235 1682 3268 n.
1701 3224 1798 3266 891.
1821 3223 1928 3267 Nec
1949 3225 2109 3267 ullum
2132 3223 2292 3267 alium
2310 3223 2680 3278 professionem
2716 3224 2947 3267 emisisse
2978 3225 3177 3278 reperi-

713 3305 826 3336 mus
847 3299 969 3338 ante
987 3294 1126 3338 mmm
1149 3295 1283 3338 diem
1303 3293 1456 3347 Junii.
1478 3295 1528 3338 in
1548 3305 1649 3348 qua
1671 3294 1726 3337 P.
1747 3292 1997 3338 Melchior
2018 3291 2269 3336 Carneiro
2300 3293 2498 3338 Romae
2529 3295 2580 3336 in
2610 3293 2846 3336 manibus
2878 3293 2937 3336 P.
2976 3291 3183 3338 Nicolai

713 3365 986 3408 Bobadilla
1007 3366 1376 3420 professionem
1397 3366 1582 3409 emisit.
1604 3365 1792 3419 Quare,
1827 3365 1881 3408 ni
1901 3364 2239 3419 quorumdam
2270 3365 2518 3408 memoria
2538 3364 2613 3408 ita
2644 3364 2858 3408 evanuit
2891 3369 2949 3407 ut
2979 3365 3182 3419 nullibi,

715 3421 984 3490 n‘equidem
1005 3437 1056 3480 in
1077 3439 1243 3482 veteri
1265 3438 1438 3481 codice
1481 3437 1720 3490 Professi
1749 3441 1798 3480 et
1821 3437 1923 3480 alii
1953 3437 2026 3479 ad
2054 3436 2189 3480 1570
2218 3435 2372 3486 (Vide
2405 3447 2582 3490 supra,
2618 3443 2655 3480 t.
2692 3447 2751 3478 ιιι
2766 3469 2776 3488 ,
2812 3447 2931 3490 pag.
2966 3435 3062 3490 405,
3093 3447 3180 3479 an·

715 3517 821 3552 not.
843 3509 887 3561 1)
907 3519 1083 3553 eorum
1104 3511 1308 3554 nomina
1329 3511 1496 3554 locum
1515 3509 1810 3564 habuerint,
1832 3509 2102 3554 dicendum
2124 3517 2203 3552 est
2225 3509 2377 3564 hujus
2388 3509 2507 3552 anni
2526 3509 2672 3553 initio
2689 3519 2789 3552 non
2807 3508 3026 3562 triginta
3042 3515 3151 3551 tres
3166 3540 3177 3560 ,

715 3587 770 3624 ut
793 3581 973 3625 scribit
995 3581 1264 3637 Polancus,
1284 3583 1373 3625 sed
1396 3583 1616 3637 triginta
1636 3588 1840 3626 tantum
1859 3581 2119 3637 professos
2139 3581 2191 3625 in
2211 3587 2324 3626 tota
2345 3581 2605 3624 Societate
2627 3581 2800 3624 fuisse.

797 3655 819 3686 ⁴
873 3653 1006 3698 Vide
1028 3665 1203 3709 supra,
1225 3662 1262 3697 t.
1284 3665 1362 3706 m,
1384 3665 1503 3708 pag.
1523 3653 1620 3708 390,
1643 3665 1691 3698 n.
1713 3654 1809 3698 851.

799 3725 822 3758 ὅ
877 3724 968 3769 “Di
990 3736 1092 3780 qua
1113 3727 1236 3770 tutti
1255 3727 1442 3770 stiamo
1463 3726 1604 3770 assai
1624 3727 1752 3770 bene
1772 3736 1865 3779 per
1885 3727 1937 3770 la
1958 3725 2146 3770 Divina
2170 3725 2364 3780 gratia,
2386 3725 2535 3770 fuora
2551 3725 2601 3767 di
2624 3724 2776 3768 Mtro.
2799 3724 2975 3768 Pietro
2996 3723 3182 3779 silvio,

717 3799 868 3852 quale
890 3802 1014 3853 pero
1034 3805 1120 3842 sta
1149 3809 1331 3842 manco
1353 3801 1485 3842 male
1509 3799 1603 3842 che
1623 3800 1823 3843 soleva.
2629 3799 2637 3809 ‘

797 3869 869 3914 “E
891 3875 1082 3914 venuto
1101 3869 1252 3914 Mtte.
1274 3869 1480 3914 Giovan
1501 3869 1774 3925 Cot-igiion
1797 3873 1858 3914 de
1881 3871 2109 3926 Spagna,
2131 3871 2167 3914 il
2188 3871 2341 3926 quale
2362 3875 2388 3914 e
2411 3870 2650 3914 naturale
2672 3869 2733 3912 de
2756 3867 2892 3922 Lila,
2914 3875 2968 3912 et
2990 3869 3179 3914 adesso

714 3945 866 3998 legge
887 3954 989 3988 una
1011 3943 1224 3987 lettione
1246 3943 1295 3986 di
1317 3941 1618 3996 Theologia,
1635 3945 1721 3986 nel
1742 3942 1973 3997 Collegio
1994 3949 2169 3987 nostro
2183 3973 2195 3994 ,
2214 3943 2275 3985 de
2298 3942 2395 3986 due
2416 3942 2511 3986 che
2532 3942 2757 3995 leoeoeeva
2780 3941 2816 3984 il
2846 3939 3037 3986 Dottor
3059 3940 3182 3986 Ola-

719 4028 798 4060 ve.
824 4015 958 4060 Sono
979 4021 1216 4060 sessanta
1237 4025 1455 4069 persone
1477 4017 1560 4058 nel
1583 4015 1813 4070 collegio
1831 4015 1971 4070 juste
1990 4048 2001 4069 ,
2024 4022 2075 4058 et
2111 4015 2199 4070 piu
2216 4021 2393 4070 presto
2414 4013 2673 4068 speriamo
2702 4013 2745 4056 si
2779 4016 3122 4068 augmentet&
3143 4014 3183 4057 il

716 4099 930 4131 numero
951 4087 1048 4130 ebe
1068 4088 1261 4141 celera,
1285 4094 1614 4142 quantunque
1638 4088 1700 4131 de
1721 4087 1935 4142 Spagna
1958 4087 2040 4130 fin*
2064 4087 2249 4130 adesso
2268 4097 2367 4129 non
2384 4086 2452 4129 ha
2470 4091 2662 4130 venuto
2676 4083 2973 4140 provisione
2990 4087 3177 4130 alcuna

717 4161 766 4203 di
789 4161 984 4210 denari.
1007 4159 1102 4202 che
1125 4170 1252 4214 pare
1271 4160 1315 4203 si
1339 4160 1588 4204 trattiene
1613 4165 1795 4214 questo
1819 4159 2049 4213 collegio
2068 4169 2163 4213 per
2180 4159 2232 4202 lo
2254 4157 2447 4212 Spirito
2480 4156 2659 4202 Santo.
2679 4156 2830 4202 Nella
2861 4169 2989 4202 casa
3014 4158 3182 4200 siamo

718 4233 875 4275 etiam
897 4231 1093 4275 incirca
1111 4231 1181 4285 50.
1204 4239 1256 4275 et
1278 4243 1403 4274 sono
1424 4231 1557 4274 tanti
1581 4229 1858 4284 flamenghi
1880 4230 1974 4274 che
1999 4241 2066 4273 un
2087 4230 2138 4273 dl
2158 4229 2400 4284 petriano
2436 4230 2757 4272 combattere
2791 4241 2887 4274 con
2916 4241 2986 4274 un
3014 4239 3176 4274 esser-

718 4304 820 4346 cito
842 4303 890 4346 di
911 4302 1193 4356 lutherani,
1216 4313 1311 4357 pur
1331 4313 1428 4346 con
1448 4303 1622 4356 quella
1640 4302 1806 4357 spada
1826 4301 1922 4344 che
1944 4302 2055 4345 dice
2078 4299 2177 4344 SM
2204 4301 2367 4344 Paulo
2388 4311 2519 4355 quae
2548 4307 2630 4343 est
2654 4302 2872 4345 verbum
2901 4299 3016 4344 Dei.
3034 4331 3057 4352 „
3092 4298 3183 4341 Po·

719 4376 916 4427 laneus,
934 4384 1000 4418 ex
1015 4387 1166 4425 com„
1187 4374 1329 4418 Patri
1354 4373 1620 4419 Bernardo
1642 4372 1891 4425 oliverio,
1914 4373 1969 4416 23
1985 4372 2220 4425 Januaril
2253 4372 2507 4416 1554.—De
2530 4383 2742 4416 numero
2774 4379 2951 4416 autem
2981 4375 3179 4414 nostro-

719 4457 856 4496 rum.
874 4447 960 4501 qui
979 4445 1176 4490 Romae
1198 4447 1292 4490 sub
1315 4445 1463 4489 finem
1485 4447 1637 4502 hujus
1660 4447 1780 4490 anni
1803 4450 1975 4499 erant,
1995 4445 2205 4499 saepius
2234 4444 2376 4489 facta
2397 4451 2590 4488 mentio
2618 4445 2879 4498 reperitur
2908 4443 2959 4487 in
2989 4442 3182 4485 litteris

721 4518 1030 4572 praesertim
1051 4518 1102 4562 in
1124 4518 1308 4572 quibus
1329 4519 1603 4571 exponitur
1623 4517 1858 4572 penuria,
1882 4527 1985 4571 qua
2006 4521 2117 4560 toto
2138 4515 2235 4559 hoc
2256 4527 2389 4560 anno
2412 4517 2717 4560 laborarunt
2738 4515 2970 4558 Romana
3000 4513 3186 4556 domus

722 4595 774 4632 et
795 4587 1339 4644 Oeneum—Observa
1361 4590 1521 4633 etiam
1541 4589 1603 4632 de
1625 4589 1778 4644 hujus
1799 4589 1921 4632 anni
1944 4587 2041 4632 fine
2062 4595 2116 4632 et
2136 4599 2237 4632 non
2258 4587 2320 4631 de
2340 4587 2489 4632 initio
2511 4587 2734 4642 intelligi
2766 4587 2953 4629 debere
2982 4583 3186 4628 Oman-

723 4671 834 4704 mm
855 4663 1036 4714 verba,
1057 4661 1177 4704 dum
1199 4661 1289 4705 ait:
1311 4660 1699 4705 “censebantur
1719 4661 1832 4704 iam
1854 4659 2049 4704 Romae
2071 4660 2248 4714 capita
2268 4659 2430 4704 ferme
2452 4666 2657 4704 eentum
2676 4665 2730 4700 et
2760 4656 3186 4712 quadraginta...

721 4731 972 4776 Historia
998 4731 1280 4776 societatis
1299 4733 1450 4788 Jesu.
1473 4731 1562 4776 lib.
1581 4743 1692 4788 xxv,
1713 4744 1762 4777 n.
1783 4733 1824 4778 1.
