3742 5392
1619 498 1748 557 ΑΝ.
1793 499 1935 557 1554
2920 496 3033 553 455

561 649 652 712 (10
680 649 964 727 fuisset,
998 656 1068 711 et
1097 646 1250 727 ejus
1277 646 1796 726 consanguinei
1829 646 2039 724 (inter
2061 661 2243 726 quos
2279 652 2433 708 erat
2473 641 2642 708 Dux
2682 640 2937 707 Sessae
2982 640 3025 721 ¹,

562 773 786 837 nepos
814 755 1060 836 ipsius)
1085 754 1234 835 jam
1273 754 1561 819 omnino
1598 753 1686 817 de
1727 754 1867 817 hac
1907 753 2123 834 plaga
2164 752 2480 816 curanda
2523 750 3019 832 desperabant.

567 863 746 928 Cum
793 879 1060 943 magno
1109 879 1284 942 ergo
1336 862 1675 925 scandalo
1721 870 1873 925 tum
1921 860 2059 923 hac
2110 860 2199 924 de
2241 876 2494 938 causa,
2548 870 2699 922 tum
2736 866 3026 937 propter

561 971 767 1034 ludos
796 970 1118 1047 vivebat,
1151 986 1314 1033 cum
1344 967 1696 1033 Dominus
1733 978 1983 1049 portas
2019 968 2270 1031 domus
2310 964 2465 1046 eJus
2511 966 2879 1045 ingressus
2917 974 3027 1027 est

569 1087 638 1141 et
667 1078 921 1142 deinde
951 1064 1464 1158 cordis‘portas
1493 1076 1836 1157 paulatim
1865 1075 1999 1139 sibi
2029 1074 2339 1154 aperuit3
2374 1084 2443 1137 et
2474 1090 2636 1137 cum
2664 1090 2873 1137 nemo
2898 1090 3025 1135 no·

567 1193 876 1247 strorum
905 1184 1288 1266 quidquam
1316 1183 1417 1247 illi
1448 1198 1784 1264 expresse
1813 1182 1951 1245 hac
1982 1181 2069 1245 de
2112 1199 2191 1245 re
2228 1180 2561 1259 dixisset,
2609 1197 2699 1243 ne
2738 1179 3027 1243 omnino

567 1292 800 1355 alieno
832 1291 1072 1354 animo
1100 1308 1144 1353 a
1171 1291 1436 1354 nostris
1464 1290 1662 1354 fieret
1703 1289 1752 1369 ⁸,
1791 1288 1921 1353 sed
1957 1297 2235 1352 tantum
2287 1286 2728 1351 orationibus
2776 1295 2846 1349 et
2890 1285 3025 1367 piis

564 1398 934 1478 colloquiis
963 1398 1150 1477 apud
1181 1413 1340 1461 eum
1372 1407 1700 1477 agerent,
1744 1396 1848 1460 sic
1888 1393 2177 1460 Domini
2220 1411 2474 1457 manus
2516 1410 2640 1457 cor
2678 1392 2831 1473 ejus
2874 1394 3024 1457 teti-

561 1506 697 1587 git,
751 1514 829 1569 ut
877 1505 990 1569 die
1031 1505 1370 1586 quodam,
1427 1505 1670 1568 statim
1719 1515 1881 1584 post
1919 1502 2323 1577 meridiem,
2373 1501 2465 1565 ad
2503 1502 2791 1565 domum
2830 1501 3025 1565 illam

565 1614 924 1677 transiens
939 1663 954 1693 ,
988 1613 1108 1678 ubi
1128 1613 1380 1677 mulier
1402 1614 1523 1676 illa
1545 1612 1837 1675 vivebat
1857 1661 1873 1689 ,
1902 1628 2085 1692 quae
2106 1611 2379 1675 tamdiu
2402 1611 2767 1675 dominata
2792 1608 2858 1672 ei
2880 1606 3025 1671 fue-

559 1732 674 1786 rat
693 1770 708 1801 ,
740 1731 812 1784 et
839 1739 882 1784 a
914 1738 1054 1801 qua
1082 1720 1306 1785 filium
1333 1728 1778 1801 susceperat,
1811 1719 2143 1800 quamvis
2184 1718 2412 1782 teneri
2449 1716 2833 1782 admodum
2871 1733 3022 1779 cor-

563 1829 672 1892 dis
711 1828 825 1891 vir
868 1838 1089 1907 esset,
1131 1828 1297 1909 igne
1341 1836 1581 1891 tamen
1620 1826 1910 1889 Domini
1959 1834 2210 1889 sancto
2260 1840 2607 1889 accensus
2656 1823 3022 1887 admonuit

564 1952 723 1999 eam
755 1944 830 1999 ut
859 1936 977 1999 vel
1004 1935 1419 2016 religiosum
1447 1943 1711 1997 statum
1739 1935 1856 1997 vel
1885 1932 2322 1997 matrimonii
2362 1942 2790 2011 assumeret3
2834 1931 3021 2010 quod

565 2044 799 2108 sinon
843 2042 1149 2123 faceret,
1196 2052 1611 2107 curaturum
1649 2058 1725 2105 se
1765 2050 1843 2105 ut
1882 2041 2306 2105 auctoritate
2345 2040 2895 2119 magistratuum
2932 2055 3023 2101 ex

563 2152 739 2215 urbe
788 2151 1294 2231 expelleretur,
1335 2166 1470 2213 nec
1506 2149 1842 2213 diuturna
1890 2148 2341 2213 familiaritas
2371 2157 2441 2211 et
2470 2148 2797 2227 pignora,
2841 2162 3023 2225 quae

565 2258 874 2323 habebat
903 2275 996 2322 ex
1024 2274 1142 2338 ea,
1173 2257 1312 2321 hoc
1351 2256 1774 2338 impeditura
1815 2264 2085 2335 essent;
2127 2264 2197 2319 et
2241 2256 2525 2319 demum
2562 2252 2813 2317 eadem
2843 2253 3021 2318 hora

564 2384 653 2430 ex
684 2364 898 2429 domo
931 2365 1052 2428 illa
1080 2365 1450 2428 mulierem
1489 2364 1782 2445 expulit.

577 2483 584 2491 '
680 2472 822 2537 972.
908 2472 1000 2537 Et
1018 2472 1120 2537 ita
1143 2473 1366 2536 nubes
1387 2472 1506 2536 illa
1528 2472 1808 2536 sublata
1823 2471 1981 2552 fuit,
1999 2472 2272 2552 quaein
2289 2480 2437 2535 tota
2454 2470 2745 2534 civitate
2763 2486 3023 2533 nomen

561 2580 942 2647 Societatis
999 2580 1461 2659 obscurabat,
1514 2579 1704 2661 quod
1752 2577 1973 2643 ferret
2020 2595 2181 2642 curn
2224 2594 2396 2641 arca
2436 2576 2727 2641 Domini
2778 2593 3025 2640 arcam

561 2688 770 2765 Baal;
805 2697 875 2753 et
905 2686 1538 2752 circumferebatur
1567 2686 1790 2768 quod,
1823 2686 1886 2749 si
1914 2684 2234 2750 Societas
2262 2685 2355 2749 ad
2385 2684 2573 2749 aliud
2617 2683 3023 2750 Cordubam

561 2814 706 2861 non
735 2796 1082 2875 venisset,
1117 2796 1207 2858 ob
1236 2797 1374 2858 hoc
1401 2812 1623 2858 unum
1665 2810 1844 2874 opus
1882 2793 2079 2857 credi
2117 2801 2397 2872 poterat
2436 2790 2623 2871 quod
2663 2800 2848 2854 esset
2897 2788 3023 2853 So-

564 2904 788 2989 cietas
815 2903 982 2985 Jesu
1003 2950 1018 2980 ,
1049 2911 1119 2966 et
1149 2901 1536 2983 sperabant
1583 2899 1772 2983 quod
1815 2899 1904 2964 D.
1948 2900 2261 2982 Joannes
2299 2897 2635 2962 Decanus
2673 2898 2765 2961 ad
2801 2899 3022 2961 eccle—

565 3012 746 3075 siam
786 3010 982 3074 illam
1015 3009 1546 3073 reformandam
1582 3007 1956 3089 perutilem
1986 3022 2279 3087 operam
2316 3014 2503 3069 esset
2538 3014 2931 3067 navaturus
2972 3002 3023 3063 ³.

563 3118 722 3198 Ipse
749 3134 926 3181 vero
954 3115 1043 3180 D.
1076 3117 1392 3199 Joannes
1419 3114 1820 3179 affirmabat
1859 3132 1937 3177 se
1976 3131 2267 3195 sperare
2308 3112 2496 3194 quod
2540 3110 2861 3177 Societas
2900 3127 3023 3174 no-

563 3234 716 3289 stra
744 3222 1221 3288 reformatura
1252 3232 1409 3286 erat
1437 3222 1760 3286 ordinem
1785 3219 1906 3285 Sffii
1938 3219 2161 3298 Petri,
2190 3220 2462 3284 scilicet
2483 3219 2928 3298 clericorum,
2956 3226 3026 3281 et

563 3332 1079 3396 cordubensem
1117 3330 1531 3410 ecclesiam,
1576 3338 1653 3393 ut
1691 3328 1806 3392 cui
1846 3327 2260 3392 reformatio
2298 3344 2472 3408 prae
2522 3326 2825 3389 caeteris
2870 3334 3029 3389 erat

565 3439 972 3503 necessaria
1003 3449 1072 3502 et
1102 3438 1388 3502 domum
1417 3438 1643 3517 ipsius
1671 3437 1903 3517 primo
1933 3437 2093 3499 loco
2114 3484 2129 3515 ,
2162 3453 2345 3516 quae
2367 3452 2540 3515 prae
2563 3434 2868 3498 caeteris
2890 3431 3030 3495 dis·

564 3547 796 3610 soluta
830 3564 916 3609 ac
945 3544 1222 3626 perdita
1252 3552 1428 3620 erat;
1461 3544 1681 3608 verba
1715 3543 1939 3625 ipsius
1967 3543 2233 3621 resero;
2265 3542 2471 3606 nobis
2500 3540 2689 3604 enim
2726 3558 2869 3603 non
2908 3558 3031 3621 pa—

563 3670 722 3717 rum
753 3652 887 3716 erit
917 3652 977 3715 si
1009 3652 1100 3715 ad
1129 3651 1416 3732 aliquod
1454 3651 1818 3716 Ecclesiae
1861 3659 2156 3714 sanctae
2200 3648 2673 3713 ministerium
2716 3658 2787 3711 et
2826 3647 3029 3727 spiri—

564 3761 756 3823 tuale
787 3758 959 3822 cleri
989 3758 1333 3822 auxilium
1359 3766 1606 3821 nostra
1635 3758 1742 3821 uti
1771 3774 1989 3838 opera
2019 3756 2371 3819 Dominus
2402 3753 2832 3835 dignabitur.

685 3865 826 3931 973.
915 3863 1053 3931 Sed
1083 3865 1271 3930 serio
1311 3865 1570 3944 agebat
1611 3864 1798 3928 idem
1837 3861 1929 3926 D.
1972 3863 2286 3945 Joannes
2328 3863 2414 3926 de
2458 3880 2589 3927 sua
2628 3872 2697 3927 et
2736 3879 3031 3925 suorum

564 3973 1102 4053 reformatione,
1136 3980 1205 4035 et
1237 3972 1394 4035 ideo
1423 3971 1708 4035 domum
1739 3972 1934 4033 illam
1964 3978 2254 4033 nostrae
2295 3968 2747 4050 conjunctam
2792 3968 3029 4031 aedifi-

645 4254 660 4286 1
718 4252 928 4297 Tettius
959 4251 1145 4295 Seseae
1175 4251 1309 4305 Dux,
1331 4250 1683 4295 Guudisalvus
1712 4248 2016 4293 Fernandez
2037 4249 2099 4292 de
2130 4249 2614 4303 cordoba.patrem
2643 4248 2828 4292 habuit
2856 4246 3027 4291 Ludo·-

561 4327 734 4370 vicum
753 4324 1058 4369 Femandez
1078 4324 1140 4367 de
1165 4322 1430 4377 Cordoba,
1453 4322 1541 4377 qui
1561 4322 1728 4365 frater
1748 4329 1864 4365 erat
1885 4319 2081 4365 Decaui
2102 4319 2331 4373 Joanuis.
2353 4319 2591 4363 Sanun
2612 4330 2647 4363 γ
2668 4318 2887 4372 Cas-rao,
2914 4319 2950 4363 1.
2980 4330 3031 4361 c.

640 4396 663 4429 ²
719 4397 896 4452 Aegre
917 4396 1192 4439 admodum
1210 4396 1308 4439 hoc
1329 4395 1449 4439 tulit
1471 4394 1527 4438 Ρ.
1548 4392 1894 4449 Hieronymus
1914 4391 2137 4443 Natalia.
2158 4400 2209 4437 et
2231 4391 2471 4436 Corduba
2493 4392 2663 4445 potius
2681 4391 3025 4435 recedendum

560 4471 860 4525 cunctisque
882 4468 1080 4513 Decaui
1101 4468 1248 4512 donis
1275 4466 1678 4510 renunciandum
1698 4476 1730 4507 a
1752 4466 1945 4509 nostris
1972 4464 2197 4519 putavit,
2228 4475 2382 4519 quam
2396 4466 2513 4507 huic
2534 4464 2798 4516 scandalo,
2820 4462 2942 4507 licet
2962 4464 3025 4506 de

559 4544 671 4597 ejus
691 4542 1060 4596 desperaretur
1079 4538 1322 4589 remedio,
1343 4536 1734 4581 connivendum.
1755 4534 2083 4580 Sam-wama
2098 4568 2109 4589 ,
2132 4537 2166 4579 l.
2188 4548 2231 4579 c.

643 4613 664 4643 '-
721 4612 851 4665 Quid
875 4612 937 4655 de
958 4618 1069 4656 toto
1090 4612 1188 4654 hoc
1215 4609 1426 4664 negotio
1445 4608 1685 4660 senserit,
1708 4618 1935 4663 quasque
1964 4616 2145 4661 partes
2172 4606 2379 4652 Natalis
2399 4607 2585 4662 egerit,
2606 4606 2937 4661 agendaeque
2958 4608 3031 4649 ab

507 4704 512 4707 ·
557 4686 676 4729 aliis
696 4684 912 4738 curarit,
928 4694 1028 4738 quo
1047 4682 1164 4727 huic
1187 4687 1335 4725 tauto
1363 4681 1501 4723 mulo
1521 4677 1804 4723 remedium
1823 4679 2178 4733 adhiberetur,
2199 4679 2309 4724 fuse
2332 4684 2519 4723 narrat
2538 4676 2882 4733 Suu-wana,
2905 4679 2938 4723 1.
2959 4688 3027 4734 c..

557 4756 648 4799 lib.
668 4767 705 4807 i,
727 4765 840 4809 cap.
860 4754 925 4809 12,
948 4766 996 4799 n.
1021 4754 1086 4799 17.
