3742 5392
714 510 825 571 394
1634 514 1890 574 Cimon.
1932 512 2087 573 Soc.
2126 513 2271 588 Jas.

836 656 980 721 847.
1065 657 1451 739 Postquam
1502 669 1740 725 autem
1789 659 1866 723 P.
1916 660 2349 725 Franciscus
2408 660 2449 739 ¹,
2512 660 3009 724 Vallisoletum
3061 678 3178 722 ve-

717 765 941 845 nienS,
973 766 1317 847 palatium
1359 766 1709 850 Principis
1746 767 2254 848 Portugalliae,
2294 766 2614 849 Joannae
2645 767 2873 847 (quae,
2920 766 3183 830 marito

721 881 1001 936 mortuo
1045 872 1092 952 ¹,
1145 872 1220 936 in
1261 872 1614 938 Castellae
1663 891 1966 957 regnum
2008 876 2325 954 redienS‚
2380 892 2511 955 pro
2561 874 2782 938 fratre
2829 873 3177 954 Philippo,

711 980 909 1059 Rege
958 979 1368 1061 Hispaniae,
1420 982 1922 1062 gubernationi
1958 982 2343 1063 praeerat),
2367 982 2867 1063 frequentavit,
2910 980 3187 1044 nobiles

717 1086 1036 1167 virgines
1076 1096 1145 1150 et
1183 1088 1366 1151 aliae
1405 1089 1739 1153 mulieres
1777 1088 1927 1169 ejus
1972 1090 2215 1153 curiae
2256 1089 2347 1154 ad
2390 1096 2997 1179 sacramentorum
3039 1086 3173 1150 fre-

717 1193 1077 1273 quentiam
1108 1204 1254 1258 tam
1285 1196 1495 1259 avide
1527 1196 1986 1276 accedebant,
2020 1206 2097 1261 ut
2126 1197 2361 1277 potius
2382 1196 2764 1275 religiosae
2786 1211 2999 1275 quam
3028 1211 3179 1257 sae-

717 1300 996 1363 culares
1023 1300 1459 1381 viderentur,
1504 1311 1575 1365 et
1621 1320 1801 1383 quae
1839 1304 2039 1383 prior
2080 1302 2593 1367 confessarium
2632 1301 2952 1365 obtinere
2997 1308 3185 1381 pote-

718 1415 853 1486 rat,
886 1422 1018 1486 pro
1046 1409 1391 1487 peculiari
1420 1409 1760 1473 beneficio
1793 1411 1865 1474 id
1895 1410 2230 1489 ducebat;
2272 1419 2343 1473 et
2372 1418 2571 1473 tanto
2614 1408 2987 1473 charitatis
3022 1406 3185 1470 affe-

718 1528 840 1577 ctu
867 1512 1294 1579 Societatem
1323 1518 1958 1597 prosequebantur,
1992 1528 2092 1594 ut,
2118 1517 2447 1599 quamvis
2476 1516 2577 1579 illi
2600 1514 2623 1547 ⁸
2656 1514 2831 1579 satis
2856 1530 3107 1577 severe
3139 1531 3184 1576 a

722 1620 935 1683 rebus
983 1622 1307 1685 omnibus
1361 1623 1564 1686 vanis
1615 1642 1738 1687 eas
1780 1633 2132 1704 arcerent,
2178 1622 2337 1687 aliis
2379 1632 2617 1687 tamen
2660 1638 2873 1702 quam
2914 1621 3183 1684 nostris

719 1724 1038 1793 confiteri
1069 1729 1356 1791 nollent.
1393 1728 1893 1794 Confessiones
1921 1732 2295 1810 generales
2327 1729 2708 1793 nonnullae
2752 1728 3069 1791 fecerunt
3114 1736 3186 1789 et

729 1832 821 1895 ad
847 1833 1040 1897 vitae
1071 1836 1606 1900 renovationem
1635 1838 1822 1900 serio
1851 1837 2372 1901 incumbebant.

841 1938 986 2003 848.
1073 1940 1184 2004 Ex
1231 1943 1488 2007 vicinis
1537 1945 1753 2008 etiam
1803 1944 2104 2024 oppidiS,
2150 1944 2479 2025 quamvis
2521 1944 2795 2007 duabus
2845 1951 2913 2005 et
2962 1941 3190 2005 tribus

727 2047 946 2121 leucis
977 2048 1342 2128 distarent,
1377 2049 1755 2114 confitendi
1778 2051 2013 2131 gratia
2044 2050 2262 2132 aliqui
2294 2051 2386 2114 ad
2414 2060 2703 2114 nostros
2726 2048 3187 2125 accedebant,

727 2165 796 2215 et
823 2153 1106 2233 quidem
1139 2156 1354 2237 aliqui
1385 2156 1659 2221 decimo
1689 2159 1934 2239 quinto
1965 2175 2244 2239 quoque
2274 2158 2410 2222 die.

839 2258 981 2323 849.
1067 2260 1462 2341 lnjunctum
1490 2263 1620 2327 fuit
1647 2282 1690 2328 a
1723 2264 1797 2327 P.
1833 2264 2269 2329 provinciali
2297 2263 2536 2328 Araoz
2578 2273 2654 2326 ut
2690 2264 2917 2326 nostri
2956 2262 3183 2327 vallis·

723 2366 985 2430 oletani
1027 2371 1535 2435 monasterium
1583 2372 1940 2452 quoddam
1978 2372 2508 2451 religiosarum,
2551 2388 2735 2452 quae
2773 2370 3033 2433 nullius
3079 2384 3191 2431 or-

730 2472 915 2535 dinis
945 2477 1334 2539 ·monachis
1381 2487 1587 2540 erant
1637 2478 1961 2543 subditae
2002 2476 2046 2557 ⁴,
2100 2478 2420 2542 confiteri
2462 2477 2779 2558 cupienS,
2832 2476 3183 2553 audirent,

725 2577 914 2658 quod
939 2589 1013 2642 et
1039 2582 1465 2661 generaliter
1496 2582 1722 2664 major
1753 2602 1921 2665 pars
1949 2602 2197 2648 earum
2223 2585 2415 2663 fecit;
2440 2596 2509 2647 et
2540 2594 2815 2647 tantum
2842 2582 2913 2645 in
2944 2598 3189 2645 earum

724 2686 980 2749 animis
1029 2689 1270 2752 divina
1318 2691 1602 2755 bonitas
1641 2702 1937 2772 operata
1980 2702 2118 2771 est,
2164 2691 2340 2755 adeo
2387 2700 2465 2756 ut
2524 2691 2646 2773 qui
2704 2692 2807 2754 eis
2856 2698 3193 2772 praeerat

729 2808 1162 2883 magnopere
1192 2796 1663 2861 admiraretur
1691 2807 1762 2861 et
1784 2808 2067 2862 nostros
2091 2808 2381 2879 rogaret
2404 2798 2753 2861 instanter
2774 2806 2851 2860 ut
2876 2797 3187 2877 aliquan-

729 2899 821 2961 do
849 2898 986 2963 hoc
1032 2900 1262 2981 ipsum
1301 2902 1608 2967 officium
1646 2905 2020 2969 charitatis
2058 2906 2160 2968 eis
2188 2905 2697 2985 impenderent.
2745 2904 2903 2968 Una
2944 2919 3191 2966 earum

727 3006 1006 3069 silentio
1049 3025 1191 3071 non
1235 3018 1343 3073 est
1385 3013 1931 3091 praetereunda,
1980 3029 2161 3093 quae
2200 3029 2447 3076 arcam
2488 3028 2726 3090 suam,
2778 3011 2987 3073 simul
3028 3026 3191 3073 cum

729 3110 920 3190 igne,
950 3123 1114 3178 ante
1145 3116 1660 3182 confessarium
1672 3128 1742 3183 et
1764 3136 1948 3196 eam,
1976 3136 2157 3199 quae
2172 3118 2602 3182 monasterio
2638 3127 2988 3198 praeerat,
3036 3116 3197 3179 aliis

733 3218 947 3281 etiam
995 3225 1518 3304 praesentibuS,
1575 3224 1891 3301 afferret,
1945 3236 2019 3288 ut
2073 3226 2518 3289 combureret
2568 3222 2906 3306 quidquid
2956 3222 3193 3287 visum

737 3336 924 3389 esset
951 3344 1094 3391 non
1122 3330 1590 3411 retinendum,
1624 3350 1806 3412 quae
1837 3344 2075 3396 tamen
2125 3333 2321 3413 prius
2357 3332 2569 3412 longe
2609 3332 2826 3396 alium
2864 3329 3198 3393 affectum

736 3448 909 3512 prae
937 3450 1012 3497 se
1041 3435 1323 3500 tulerat.
1356 3438 1518 3501 Alia
1549 3441 1785 3519 etiam,
1818 3456 2127 3519 magnae
2157 3440 2342 3503 inter
2369 3456 2492 3502 eas
2530 3438 2999 3516 auctoritatis,
3044 3454 3195 3500 soc·

735 3556 860 3603 cos
887 3542 1296 3606 monialium
1335 3546 1635 3624 genibus
1663 3546 1864 3609 flexis
1904 3547 2257 3626 tergebat,
2300 3556 2371 3609 et
2408 3546 2690 3609 demum
2734 3562 2894 3609 cum
2934 3560 3199 3623 magna

739 3646 1132 3711 humilitate
1163 3648 1741 3715 reformationem
1771 3653 2171 3717 animorum
2200 3670 2373 3733 prae
2403 3670 2479 3716 se
2509 3651 2782 3715 ferebat
2811 3651 2855 3711 ⁸.

855 3751 996 3817 850.
1087 3755 1267 3819 Cum
1296 3770 1531 3820 autem
1555 3757 1843 3838 jubilaei
1874 3760 2109 3838 gratia
2142 3758 2541 3823 Vallisoleti
2560 3759 3013 3840 promulgata
3035 3756 3197 3837 suit,

823 4032 838 4063 ¹
897 4030 951 4075 P.
974 4031 1287 4079 Franciacus
1303 4034 1514 4093 Βατείας
1535 4044 1588 4081 et
1609 4038 1684 4081 sic
1705 4047 1911 4092 semper
1930 4036 2164 4091 intellige
2185 4035 2283 4081 nisi
2302 4037 2462 4081 aliter
2478 4041 2705 4081 notetur.

819 4104 842 4135 ἱ
896 4103 1144 4161 Princeps
1177 4106 1532 4163 portugalliae
1547 4141 1561 4163 ,
1590 4108 1840 4161 joannes,
1873 4108 2033 4163 Regia
2060 4108 2089 4162 J
2094 4108 2276 4153 oannis
2305 4106 2382 4151 111
2414 4106 2549 4152 filius
2563 4141 2574 4163 ,
2607 4108 2817 4153 Evorae
2857 4114 3013 4151 natus
3056 4106 3084 4149 3
3118 4104 3207 4157 Ju—

740 4176 811 4220 nii
833 4176 937 4220 1537
955 4184 1008 4220 et
1025 4186 1144 4232 poet
1162 4180 1395 4233 genitum
1415 4180 1708 4236 Principem
1727 4180 2110 4235 Sebastianum,
2138 4180 2227 4235 qui
2255 4190 2360 4225 avo
2381 4180 2435 4223 in
2464 4178 2645 4234 Regno
2675 4180 2942 4233 suecessit,
2970 4182 3207 4223 mortuus

743 4246 1058 4304 ulysippone
1074 4251 1102 4293 2
1117 4249 1352 4303 januarii
1371 4252 1524 4308 huJus
1542 4254 1666 4299 anni
1686 4254 1806 4299 155⁴.

819 4321 844 4352 ὃ
899 4318 1126 4373 Scilicet.
1149 4320 1429 4369 societatis
1452 4325 1657 4381 Patres,
1677 4327 1861 4372 nostrl.

818 4394 845 4427 ⁴
895 4392 1196 4440 Monialium
1215 4397 1602 4455 monasterium,
1623 4408 1754 4454 quae
1773 4398 1967 4443 nullius
1988 4396 2195 4442 Ordinis
2223 4396 2493 4441 monachis
2510 4394 2907 4449 subjicerentur,
2930 4403 3085 4437 unum
3104 4394 3205 4435 hoc

742 4473 973 4522 tempore
993 4475 1110 4513 erat
1130 4467 1444 4523 vallisoleti,
1464 4470 1681 4525 scilicet,
1703 4470 1923 4527 Regium
1941 4468 2316 4515 monasterium
2335 4467 2561 4511 Sanctae
2594 4464 2793 4511 Mariae
2823 4464 2890 4509 de
2922 4466 3009 4509 las
3040 4462 3203 4507 Huci-

739 4549 840 4593 gas
859 4539 1072 4585 dictum.
1095 4540 1412 4587 Sucnmoa
1432 4542 1676 4598 Vironum,
1698 4542 1947 4587 Historia
1968 4542 2037 4585 de
2078 4539 2398 4591 Valladolid,
2420 4546 2457 4583 t.
2478 4548 2531 4593 n,
2554 4549 2671 4592 cap.
2696 4537 2764 4581 12.

821 4612 845 4643 ὅ
901 4612 998 4659 Hi·
1015 4614 1207 4658 aimilia
1225 4614 1496 4668 praestitit
1513 4614 1570 4660 Ρ.
1589 4613 1632 4658 F
1634 4614 1904 4659 rauciacus
1928 4612 2177 4666 Estrada,
2198 4612 2249 4655 ln
2270 4610 2585 4655 monasterio
2606 4609 2770 4665 regio,
2802 4608 2921 4652 hnic
2943 4606 3117 4660 simili,
3136 4606 3205 4649 de

741 4684 828 4727 las
857 4684 1102 4740 Huelgas
1121 4685 1188 4728 de
1205 4684 1439 4740 Burgos,
1455 4686 1590 4741 quod
1610 4694 1782 4731 tamen
1802 4687 2002 4741 opibus,
2024 4684 2283 4739 dignitate
2302 4689 2355 4726 et
2376 4682 2677 4726 monialium
2696 4690 2907 4725 numero
2928 4678 3205 4723 vallisole-

743 4764 923 4802 tanum
944 4760 1094 4813 longe
1114 4759 1371 4805 anteibat.
1397 4759 1529 4804 Vide
1550 4770 1727 4815 supra,
1746 4766 1786 4804 t.
1811 4770 1868 4813 ιι.
1888 4770 2010 4815 pag.
2030 4759 2127 4813 819,
2148 4766 2285 4803 num.
2306 4754 2411 4810 ,³06.
