3742 5392
1879 390 1908 425 ἢ

1602 468 1734 527 Au.
1778 466 1915 526 1554
2901 464 3010 525 105

534 618 1066 681 ministraturos
1114 615 1603 694 minabantur;
1656 630 1788 677 nec
1837 624 2078 676 tamen
2140 612 2290 676 suis
2338 612 2548 675 minis
2603 609 3024 691 hujusmodi·

538 723 904 788 hominum
926 722 1293 800 spirituale
1323 720 1662 785 auxilium
1693 720 2036 800 impedire
2067 728 2470 799 potuerunt.

662 828 798 894 198.
883 829 1017 893 Vir
1044 828 1361 910 quidam,
1388 828 1577 892 haud
1606 827 1889 891 infimae
1919 826 2378 906 conditioniS‚
2413 827 2660 890 morbo
2689 825 3006 890 Mutinae

540 938 943 1015 laborabat,
978 953 1188 1017 quem
1221 952 1386 999 cum
1412 936 1753 999 inviseret
1779 934 2076 1013 Rector,
2119 944 2187 998 et
2227 934 2300 998 in
2337 934 2645 998 Domino
2684 935 3008 997 consola·
3053 972 3060 988 ι

537 1053 737 1109 retur
752 1093 767 1123 ,
802 1056 872 1108 et
900 1044 1181 1108 interim
1200 1042 1291 1106 de
1311 1042 1647 1106 invisibili
1670 1042 2072 1106 animorum
2094 1040 2537 1121 aegritudine
2559 1040 2797 1121 aliqua
2820 1040 3008 1103 dice·
3051 1065 3058 1071 ·

538 1162 681 1227 ret,
715 1150 807 1215 ad
840 1150 1352 1233 poenitentiam
1380 1150 1496 1213 ille
1526 1159 1761 1213 motus
1784 1166 1918 1212 sua
1947 1158 2200 1229 sponte
2228 1148 2584 1227 pollicitus
2622 1156 2761 1225 est,
2809 1149 3008 1210 resti-

542 1268 695 1323 tuta
723 1258 859 1323 sibi
882 1257 1311 1335 valetudine,
1345 1256 1438 1319 ad
1462 1256 1825 1320 meliorem
1853 1256 2133 1336 frugem
2161 1272 2318 1320 sese
2347 1263 2800 1335 recepturum
2823 1271 3008 1333 esse,

540 1377 611 1429 et
638 1365 716 1429 P.
752 1364 1155 1446 Philippum
1186 1363 1654 1427 consessionis
1678 1364 1918 1443 gratia
1947 1363 2326 1427 aditurum.
2363 1362 2543 1427 Cum
2575 1371 2811 1426 autem
2842 1379 3010 1425 con-

546 1472 891 1536 valuisset
914 1522 928 1549 ,
961 1490 1091 1536 nec
1120 1482 1358 1536 tamen
1388 1472 1722 1551 promissi
1760 1488 2032 1534 memor
2070 1479 2288 1548 esset,
2340 1470 2628 1539 obvium
2677 1486 2840 1533 eum
2887 1470 3008 1533 ha·

551 1580 701 1643 buit
724 1578 799 1642 P.
836 1578 1203 1659 Philippus
1230 1578 1523 1658 Rector,
1556 1586 1625 1641 et
1654 1594 1783 1642 cur
1810 1595 1955 1641 non
1997 1577 2396 1658 impleverit
2437 1577 2628 1658 quod
2671 1576 3009 1658 promise·

544 1698 656 1751 rat
688 1695 1193 1766 percunctatur
1211 1736 1226 1766 ,
1260 1697 1330 1750 et
1360 1685 1629 1749 addidit
1657 1702 1735 1750 se
1764 1686 2063 1764 rogasse
2093 1683 2325 1748 Deum
2349 1702 2480 1765 pro
2526 1682 2748 1764 ipsius
2785 1685 3015 1747 salute

548 1804 627 1858 ut
656 1794 935 1857 facilius
955 1793 1165 1858 fidem
1196 1810 1399 1857 suam
1426 1793 1730 1858 liberare
1758 1801 2034 1873 posset;
2067 1800 2137 1855 et
2169 1791 2441 1854 videret
2468 1809 2559 1856 ne
2597 1791 2688 1854 ad
2726 1792 3011 1855 animae

547 1902 771 1983 ipsius
800 1903 1101 1965 salutem
1130 1902 1203 1965 in
1233 1901 1557 1965 morbum
1588 1901 1825 1981 priore
1876 1900 2288 1980 graviorem
2328 1900 2708 1963 laberetur.
2754 1898 3012 1963 Paucis

554 2018 791 2073 autem
822 2018 981 2089 post
1011 2008 1261 2072 diebus
1288 2008 1505 2072 febris
1532 2006 1859 2073 eumdem
1889 2008 2276 2071 vehemens
2303 2016 2372 2070 et
2403 2007 2691 2071 assidua
2719 2006 3006 2070 invasit:

557 2125 661 2196 et,
694 2116 1171 2179 conscientiae
1200 2116 1505 2179 stimulis
1529 2116 1878 2196 agitatuS,
1907 2116 2230 2193 protinus
2259 2132 2336 2179 se
2367 2114 2457 2177 ad
2493 2112 2570 2183 P.
2613 2112 3014 2194 Philippum

552 2224 889 2301 contulit,
940 2232 1013 2285 et
1062 2222 1249 2303 apud
1297 2222 1623 2286 eumdem
1678 2222 2199 2286 consessionem
2247 2222 2546 2286 instituit
2587 2232 2658 2285 et
2707 2219 3020 2284 Sanctis-

554 2330 810 2395 simum
858 2328 1400 2394 Sacramentum
1451 2328 1760 2410 accepit,
1802 2328 2052 2393 relicto
2103 2330 2386 2393 homine
2436 2329 2662 2393 veteri
2712 2337 2784 2392 et
2824 2346 3018 2392 novo

556 2438 841 2502 indutus
860 2486 875 2516 ,
909 2437 1030 2518 qui
1058 2437 1446 2501 secundum
1475 2437 1708 2501 Deum
1737 2446 2024 2501 creatus
2053 2447 2160 2500 est
2189 2438 2263 2500 in
2283 2434 2558 2517 justitia
2579 2486 2593 2515 ‚
2621 2436 2924 2501 veritate
2947 2448 3020 2499 et

556 2546 959 2609 sanctitate.
991 2543 1197 2609 Alius
1226 2544 1479 2623 etiam,
1513 2545 1723 2623 gravi
1745 2544 1995 2608 morbo
2019 2544 2350 2623 afflictuS,
2380 2553 2757 2625 postquam
2779 2545 2902 2608 uni
2925 2560 3016 2607 ex

557 2653 823 2715 nostris
852 2652 1341 2716 sacerdotibus
1372 2651 1740 2717 consessus
1776 2661 1915 2731 est,
1963 2652 2347 2715 maximam
2387 2652 2642 2715 mentis
2680 2651 3019 2730 tranquil·

551 2760 823 2823 litatem
854 2767 924 2823 et
949 2758 1294 2839 gaudium
1336 2768 1442 2822 est
1480 2768 1996 2841 consequutuS,
2035 2766 2106 2822 et
2133 2759 2342 2822 simul
2372 2768 2584 2839 atque
2625 2758 3016 2843 convaluit,
3111 2796 3116 2801 -

556 2866 649 2930 ad
679 2876 965 2930 nostros
994 2884 1073 2930 se
1102 2867 1431 2945 contulit,
1464 2877 1533 2930 et
1574 2884 1704 2947 pro
1744 2883 2008 2946 magno
2051 2865 2396 2929 beneficio
2438 2864 2741 2929 ducebat
2783 2876 2861 2928 ut
2900 2867 3018 2928 vel

558 2990 777 3038 unum
808 2974 1108 3038 verbum
1136 2974 1205 3037 ei
1233 2991 1275 3035 a
1305 2973 1571 3037 nostris
1597 2972 1817 3037 fieret.
1852 2974 2001 3037 Nec
2029 2976 2260 3037 solum
2283 2974 2434 3053 ipse
2451 3021 2466 3050 ‚
2500 2972 2624 3036 sed
2653 2982 2720 3035 et
2743 2990 2923 3036 uxor
2948 2984 3022 3035 et

560 3080 828 3145 familia
857 3082 930 3144 in
958 3080 1355 3161 frequentia
1384 3088 1997 3145 sacramentorum
2025 3081 2221 3144 illum
2249 3089 2550 3161 sequuta
2585 3089 2714 3143 est.
2747 3080 2911 3143 Fuit
2949 3089 3020 3143 et

560 3188 765 3251 miles
793 3187 1113 3268 quidam,
1147 3188 1238 3252 ad
1268 3188 1775 3267 poenitentiam
1802 3198 1874 3251 et
1911 3187 2431 3251 confessionem
2472 3186 2854 3267 adductuS‚
2900 3188 3024 3267 qui

560 3295 819 3359 multos
848 3312 1076 3358 annos
1104 3296 1194 3358 ab
1224 3312 1309 3358 eo
1339 3303 1788 3358 sacramento
1816 3280 2287 3373 abstinuerat,
2321 3294 2414 3357 ad
2455 3293 2642 3375 quod
2681 3293 2828 3375 jam
2869 3310 3018 3357 sae-

559 3400 720 3482 pius
748 3400 1100 3465 accedens
1119 3450 1133 3477 ,
1166 3400 1571 3465 tarditatem
1602 3402 2077 3482 perniciosam
2107 3400 2636 3481 compensabat.

686 3508 822 3572 199.
908 3508 1021 3572 Ex
1048 3508 1479 3572 mulierculis
1509 3526 1552 3571 a
1580 3509 1863 3589 publico
1893 3518 2190 3590 peccato
2238 3510 2600 3573 revocatis
2621 3558 2636 3587 ,
2679 3526 2862 3589 quae
2903 3510 3024 3572 ad·

558 3616 743 3679 mitti
771 3616 957 3679 inter
986 3616 1393 3679 Conversas
1420 3632 1565 3679 non
1594 3624 2000 3696 potuerant,
2033 3625 2362 3679 curatum
2401 3625 2506 3679 est
2555 3626 2631 3679 ut
2676 3616 2764 3679 ab
2808 3615 3021 3679 hone·

559 3724 693 3787 stis
718 3724 1067 3788 matronis
1097 3724 1169 3787 in
1198 3724 1613 3805 obsequium
1641 3740 1848 3787 suum
1878 3723 2473 3787 adscriberentur.

678 3828 822 3894 200.
907 3829 1097 3895 Inter
1126 3831 1447 3895 homines
1476 3830 1842 3911 utriusque
1871 3846 2088 3894 sexus
2118 3830 2450 3908 afflictOS,
2475 3832 2596 3911 qui
2617 3839 3024 3895 nostrorum

564 3954 783 4018 opera
810 3937 1250 4019 spiritualem
1288 3938 1849 4002 consolationem
1889 3947 2349 4018 acceperunt,
2395 3955 2536 4002 una
2579 3938 3026 4017 potissimum

562 4042 693 4107 fuit
718 4045 975 4108 nobilis
1005 4044 1345 4121 foemina,
1379 4063 1597 4125 quae,
1633 4046 1723 4107 ob
1753 4045 1876 4108 filii
1906 4046 2207 4125 obitum,
2241 4054 2441 4109 tanto
2482 4046 2723 4109 dolore
2761 4046 3026 4109 affecta

561 4150 829 4229 fuerat,
876 4160 954 4216 ut
989 4170 1271 4217 omnem
1308 4153 1815 4233 propemodum
1858 4170 2059 4233 spem
2101 4171 2187 4217 ac
2231 4154 2664 4234 praesidium
2705 4154 3026 4217 divinum

563 4258 1004 4323 subtractum
1040 4260 1176 4322 sibi
1204 4276 1363 4322 esse
1388 4258 1772 4338 J'udicaret3
1804 4260 1930 4323 sed
1969 4270 2038 4323 et
2079 4261 2230 4340 illa,
2275 4269 2345 4324 et
2374 4261 2496 4324 alii
2523 4261 2829 4339 plurimi,
2865 4278 3026 4323 con-

562 4365 754 4446 silio,
788 4365 1285 4429 exhortatione
1315 4376 1385 4429 et
1412 4367 1843 4430 sacramenti
1871 4367 2320 4448 potissimum
2346 4367 2717 4447 benefici0,
2741 4366 2851 4441 gad
2890 4367 3031 4447 spi·

563 4472 745 4536 ritus
774 4489 1026 4553 pacem
1054 4480 1123 4535 et
1151 4472 1461 4553 quietem
1490 4472 1875 4537 redierunt.

683 4577 825 4643 201.
908 4578 1017 4643 De
1033 4580 1245 4644 domo
1262 4580 1645 4644 obtinenda
1661 4582 1890 4645 nostri
1905 4599 2151 4646 curam
2167 4598 2309 4645 non
2326 4582 2765 4661 omittebant3
2783 4590 2852 4645 et
2867 4598 3032 4645 cum

560 4687 941 4751 ecclesiam
969 4686 1353 4768 quamdam
1380 4688 1865 4767 parochialem
1890 4688 2018 4753 Sti.
2051 4689 2575 4753 Bartholomaei
2607 4688 2874 4753 frustra
2913 4689 3032 4752 ob—
