3742 5392
1629 458 1757 515 AN.
1803 456 1945 513 1554
2910 452 3019 510 343

548 601 900 667 Suburbio
931 603 1282 683 (Segorbe
1311 605 1527 684 vulgo
1558 602 1846 681 vocant)
1883 600 1899 633 ¹
1930 602 2207 665 vicinos
2228 609 2303 664 ut
2326 600 2623 663 verbum
2645 597 2783 661 Dei
2811 597 3010 661 semi-

547 720 826 789 narent,
857 710 1342 774 confessiones
1372 711 1726 787 audirent,
1764 720 1834 773 et
1857 710 1995 772 alia
2020 724 2507 788 quaecumque
2533 715 2824 786 possent
2853 722 3014 785 pro-

547 818 758 881 ximis
791 804 1060 882 auxilia
1087 817 1374 881 ferrent.
1409 818 1595 881 Inter
1622 816 1752 879 hos
1783 833 1966 879 unus
1995 826 2147 879 erat
2165 813 2240 877 P.
2269 813 2667 879 Santander
2695 811 2740 875 ¹.
2775 811 3005 891 Quan-

547 935 700 987 tum
730 933 965 988 autem
995 925 1318 989 utilitatis
1347 942 1438 989 ex
1467 942 1552 987 eo
1577 925 1818 988 labore
1842 924 1934 986 sit
1962 930 2475 1002 consequutum
2504 927 2803 983 testatur
2834 919 3011 998 ipse-

547 1041 694 1093 met
719 1031 1116 1112 Episcopus
1143 1030 1642 1095 Suburbiensis
1672 1029 1694 1061 ³
1725 1030 1873 1094 suis
1902 1030 1995 1093 ad
2022 1028 2097 1093 P.
2141 1027 2495 1108 Ignatium
2523 1025 2777 1089 litteris
2804 1022 2851 1103 ⁴,
2884 1026 3004 1104 qui

549 1138 866 1219 Collegio
907 1136 1298 1201 Gandiensi
1335 1138 1597 1201 bonam
1644 1148 1921 1218 partem
1971 1136 2323 1199 redituum
2360 1132 3011 1197 ecclesiasticorum

547 1246 613 1307 ei
639 1246 1158 1325 applicatorum
1187 1246 1502 1325 dederat,
1535 1254 1604 1308 et
1635 1244 2307 1322 Caesaraugustauo
2332 1242 2601 1305 similes
2624 1240 2805 1303 alios
2832 1237 3013 1301 redi-

546 1363 660 1416 tus
691 1353 862 1416 dare
890 1363 1185 1432 paratus
1215 1364 1390 1431 erat,
1437 1353 1529 1417 ad
1569 1369 1776 1415 suum
1807 1351 2316 1431 Episcopatum
2356 1368 2498 1412 non
2538 1364 2793 1428 parum
2830 1346 3011 1409 utili·

543 1459 714 1523 tatis
743 1469 1236 1524 emanaturum
1267 1476 1599 1539 sperans;
1643 1468 1712 1522 et
1753 1459 2007 1521 eodem
2046 1457 2279 1520 fructu
2317 1464 2584 1535 motuS,
2626 1454 3013 1519 Barchino-

543 1566 750 1629 nensi
796 1566 1148 1646 CollegiO,
1190 1576 1610 1646 paupertate
1651 1566 2008 1628 laboranti
2042 1572 2111 1627 et
2154 1565 2253 1627 ita
2298 1573 2629 1643 coeptum
2668 1562 3011 1640 templum

545 1674 916 1737 absolvere
943 1691 1088 1737 non
1116 1674 1406 1752 valenti,
1439 1674 1724 1753 scripsit
1753 1690 1828 1736 se
1859 1672 2006 1735 suis
2036 1672 2365 1751 expensis
2397 1671 2577 1733 velie
2619 1670 2853 1750 ipsum
2894 1685 3005 1731 us-

549 1798 686 1859 que
717 1780 806 1844 ad
837 1780 1046 1845 finem
1076 1780 1466 1861 perducere
1499 1779 1542 1841 ⁸.

669 1886 809 1953 731.
899 1887 1300 1968 Tantopere
1343 1888 1569 1951 crevit
1599 1886 1976 1949 Valentiae
2017 1901 2262 1948 eorum
2300 1900 2669 1961 numerus,
2722 1882 2844 1962 qui
2892 1880 3010 1945 do-

545 1996 818 2079 ctrinae
848 1995 1305 2074 explicationi
1335 1995 1754 2068 intererant,
1786 2004 1863 2057 ut
1894 2009 2057 2056 cum
2096 1994 2295 2056 locus
2339 2008 2523 2055 unus
2560 2008 2704 2054 non
2744 1988 3007 2053 suffice-

546 2111 678 2180 ret,
713 2102 784 2165 in
809 2102 1033 2165 tribus
1061 2101 1342 2181 templis
1373 2118 1454 2163 ea
1485 2101 1910 2177 traderetur,
1947 2110 2017 2163 et
2046 2100 2171 2161 vix
2200 2098 2603 2161 auditorum
2631 2096 3009 2160 multitudi-

548 2226 709 2272 nem
739 2226 996 2289 capere
1026 2217 1384 2289 poterant3
1417 2224 1550 2270 nec
1571 2208 1756 2270 inter
1776 2224 2037 2287 pueros
2060 2224 2193 2269 nec
2220 2214 2396 2269 natu
2424 2204 2847 2283 grandiores
2870 2217 3007 2266 tur—

545 2317 728 2395 piter
759 2316 1144 2395 quidquam
1175 2316 1336 2378 cani
1369 2314 1770 2393 videbatur,
1805 2314 1931 2377 sed
1959 2322 2283 2376 veterum
2312 2310 2829 2375 cantilenarum
2851 2311 3009 2373 loco

551 2423 781 2485 oratio
811 2423 1166 2486 dominica
1199 2432 1320 2485 aut
1350 2422 1684 2484 salutatio
1715 2422 2065 2499 angelica,
2110 2430 2231 2483 aut
2270 2418 2704 2499 symbolum,
2743 2426 2865 2480 aut
2894 2418 3008 2479 de·

547 2530 848 2609 calogus
895 2538 963 2591 et
1017 2529 1156 2592 alia
1199 2528 1337 2592 huc
1377 2528 1801 2608 pertinentia
1821 2576 1836 2606 ,
1884 2545 2047 2591 cum
2095 2538 2503 2591 nostrorum
2552 2542 2697 2589 non
2746 2525 3009 2603 exigua

545 2634 1084 2716 [consolatione]
1134 2635 1622 2714 audiebantur,
1674 2645 1744 2698 et
1789 2636 2331 2698 concionatores
2374 2632 2651 2713 publice
2688 2631 3009 2712 pluribus

544 2742 781 2805 verbis
811 2759 1024 2822 quam
1052 2760 1426 2806 recensere
1447 2760 1580 2805 nos
1604 2742 1875 2820 deceat,
1905 2741 2299 2805 ministeria
2320 2749 2611 2803 nostrae
2632 2737 3009 2803 Societatis

548 2849 957 2913 laudabant.

664 2954 806 3019 732.
893 2954 1037 3019 Sub
1069 2957 1237 3019 anni
1265 2955 1481 3019 finem
1514 2952 1636 3036 [in]
1682 2955 2093 3018 domesticis
2130 2952 2727 3033 disputationibus
2754 2952 3013 3015 breves

544 3062 900 3126 orationes
930 3078 1238 3142 graecae
1273 3064 1382 3125 vel
1410 3063 1674 3125 latinae
1713 3062 1786 3125 in
1824 3060 2125 3139 alicujus
2155 3060 2440 3123 virtutis
2477 3068 2600 3123 aut
2645 3058 3012 3123 facultatis

630 3336 646 3368 ¹
706 3334 892 3380 Latine
915 3338 1030 3381 aliis
1045 3370 1056 3385 .
1069 3350 1196 3391 quos
1213 3338 1358 3392 sequi
1381 3337 1587 3381 videtur
1608 3337 1754 3381 Gaas
1769 3370 1780 3389 ,
1800 3336 1983 3380 Series
2004 3336 2395 3391 Episcoporum
2414 3334 2691 3378 Ecclesiae
2705 3334 3018 3383 catholicae,

545 3413 626 3451 est
645 3406 938 3462 Ercavica,·
957 3409 1076 3453 aliis
1097 3410 1406 3462 Segobriga,
1425 3420 1482 3453 ut
1502 3420 1716 3463 operose
1739 3411 1965 3464 probant
1982 3406 2187 3451 Fronssz
2200 3440 2211 3459 ,
2232 3406 2457 3462 Espaaa
2475 3405 2743 3461 sagrada,
2759 3412 2813 3449 et
2832 3410 3016 3450 auctor

549 3480 914 3532 descriptionis
936 3481 1086 3533 hujus
1109 3481 1251 3524 urbis
1280 3482 1416 3535 apud
1435 3480 1620 3525 Mnooz
1637 3513 1648 3533 ,
1667 3478 2015 3525 Dico-tonario
2035 3480 2331 3535 geografico
2352 3481 2419 3522 de
2440 3478 2683 3533 Espaua,
2702 3485 2755 3521 et
2785 3477 3012 3521 Escou·

549 3561 631 3602 no,
655 3548 900 3593 Historia
920 3551 988 3594 de
1008 3552 1062 3594 la
1087 3552 1292 3595 Ciudad
1309 3564 1346 3607 y
1368 3552 1542 3595 Reino
1563 3552 1630 3595 de
1662 3551 1937 3594 Vatencia.

625 3623 648 3653 ἲ
705 3622 860 3665 Alter
879 3622 1036 3686 fuisse
1060 3624 1268 3667 videtur
1291 3624 1354 3667 fr.
1375 3622 1662 3667 Baithasar
1682 3623 1745 3667 de
1769 3622 1943 3667 Pifias.
1963 3622 2097 3665 Vide
2120 3622 2272 3675 infra,
2295 3634 2344 3665 n.
2364 3622 2461 3666 793.

627 3694 650 3727 ³
703 3693 913 3748 Gaspar
945 3694 1088 3747 Joire
1119 3694 1182 3739 de
1217 3694 1377 3751 Borja
1391 3727 1404 3749 ,
1425 3695 1599 3739 Patris
1630 3694 1899 3739 Francisci
1936 3694 1997 3739 de
2034 3694 2189 3750 Borja
2223 3694 2783 3748 consanguineus—Ne
2819 3696 2932 3748 quis
2965 3694 3018 3736 in

549 3775 780 3808 errorem
801 3766 1092 3817 inducatur.
1113 3765 1534 3810 animadvertere
1557 3772 1761 3820 oportet
1783 3767 1834 3809 in
1856 3766 2103 3809 Historia
2124 3766 2193 3809 de
2216 3764 2480 3809 Cataluaa
2501 3778 2539 3819 y
2560 3766 2628 3809 de
2648 3766 2702 3809 ta
2726 3766 2931 3809 Carona
2952 3766 3020 3806 de

549 3836 780 3889 Aragon,
795 3842 898 3891 por
929 3836 1104 3880 Victor
1123 3836 1418 3890 Bataguer.
1439 3836 1760 3890 (Barcelona
1775 3870 1785 3889 ,
1807 3838 1965 3891 1863),
1988 3838 2075 3883 lib.
2098 3848 2151 3880 rx
2168 3870 2178 3890 ,
2202 3848 2314 3891 cap.
2337 3848 2431 3889 κει,
2452 3848 2728 3893 perperam
2748 3836 2847 3880 dici
2882 3846 3021 3879 anno

548 3908 782 3962 proxime
813 3910 1048 3963 sequenti
1083 3910 1187 3953 1555
1217 3908 1580 3964 Inquisitorem
1610 3908 1899 3953 Barcinone
1928 3910 2083 3953 fuisse
2118 3908 2303 3953 Duum.
2335 3908 2589 3953 Didacum
2609 3909 2671 3951 de
2706 3907 3019 3959 Sarmiento,

549 3978 863 4033 Episcopum
893 3980 1286 4034 Segorbiensem
1325 3980 1416 4025 “El
1445 3982 1531 4025 dia
1564 3982 1624 4024 de
1656 3983 1708 4026 ia
1741 3981 2024 4025 festividad
2044 3982 2107 4025 de
2136 3984 2189 4025 la
2210 3980 2411 4035 virgea
2440 3982 2469 4023 8
2496 3981 2559 4024 de
2586 3980 2901 4034 Setiembre,
2922 3992 3019 4024 con

549 4051 748 4095 motivo
769 4052 830 4095 de
851 4053 1088 4097 celebrat
1109 4054 1238 4097 mi-ia
1258 4054 1322 4097 de
1351 4052 1617 4107 pontifical
1635 4065 1700 4096 en
1729 4056 1783 4097 la
1805 4053 1955 4097 fiesta
1976 4054 2037 4097 de
2071 4055 2125 4097 la
2146 4052 2312 4108 Lonja
2328 4085 2339 4106 ,
2362 4055 2410 4096 el
2441 4051 2746 4107 Inquisidor,
2767 4052 2829 4097 D.
2852 4052 3018 4106 Diego

551 4120 859 4171 sarmiento.
881 4122 1074 4177 obispo
1089 4124 1151 4169 de
1174 4123 1422 4178 Segorbe.
1439 4125 1626 4168 mando
1643 4136 1804 4179 ponet
1823 4136 1885 4167 su
1905 4124 2107 4178 silla...„
2124 4123 2221 4167 Hic
2242 4125 2379 4167 enim
2402 4124 2629 4167 Didacus
2645 4123 2707 4168 de
2724 4124 3019 4169 sarmiento

553 4201 606 4237 et
645 4193 953 4250 Sotomayor
982 4207 1107 4238 vere
1137 4196 1234 4239 fuit
1264 4195 1544 4251 Inquisitor
1575 4194 1863 4239 Barcinone
1881 4228 1893 4249 ,
1924 4207 2184 4250 nunquam
2214 4203 2389 4239 tamen
2421 4194 2777 4249 Segorbiensis
2806 4195 3021 4250 Episco-

553 4268 804 4320 pum,sed
829 4268 1184 4311 Asturicensis
1203 4268 1292 4321 (de
1312 4268 1576 4321 Aseorga).
1602 4267 1798 4311 Verum
1829 4275 1910 4311 est
1934 4270 2091 4321 panio
2112 4267 2249 4311 infra
2280 4270 2347 4311 ab
2376 4268 2555 4311 eodem
2580 4268 2859 4311 Batauum
2880 4278 3018 4311 men·

553 4340 746 4382 tionem
769 4339 908 4393 injici
926 4339 1172 4394 Episcopi
1192 4340 1574 4393 Asturicensis;
1597 4347 1654 4383 at
1685 4351 1784 4383 non
1817 4340 1951 4383 satis
1981 4351 2045 4383 ex
2066 4348 2313 4383 contextu
2343 4339 2505 4395 liquet
2525 4341 2661 4384 hunc
2692 4350 2847 4383 unum
2878 4350 3015 4383 eum-

555 4412 768 4464 demque
799 4422 912 4455 esse
933 4422 1048 4455 cum
1067 4411 1268 4455 Didaco
1289 4412 1350 4457 de
1385 4410 1696 4465 Sarmiento,
1732 4422 1883 4466 quem
1915 4422 2074 4465 supra
2102 4422 2195 4465 per
2216 4423 2443 4455 errorem
2478 4411 2873 4466 Segorbiensem
2902 4410 3017 4465 Epi-

555 4492 766 4535 scopum
787 4482 1009 4527 dixerat.
1032 4483 1164 4527 Vide
1185 4482 1268 4527 LA
1282 4482 1504 4537 Fufium,
1527 4483 1776 4527 Historia
1798 4483 2138 4527 eclesiastica
2160 4484 2227 4527 de
2246 4483 2490 4538 Espaaa,
2510 4490 2547 4527 t.
2573 4496 2621 4539 v,
2640 4495 2755 4539 cap.
2776 4493 2943 4536 xxva,
2962 4490 3021 4526 et

558 4553 658 4596 Gn.
685 4554 960 4598 Gonzauzz
989 4554 1196 4599 DAvttn
1214 4589 1224 4605 .
1257 4554 1446 4598 Teatro
1467 4555 1638 4598 delas
1659 4555 1890 4609 Igtesias
1911 4555 1977 4597 de
1998 4554 2241 4609 Espafia,
2262 4554 2509 4608 Astorga,
2530 4556 2614 4599 lib.
2637 4566 2709 4608 m,
2730 4566 2841 4609 cap.
2867 4555 2909 4597 2.

639 4628 662 4658 ⁴
715 4624 848 4669 Vide
872 4628 1064 4671 Cartas
1082 4628 1148 4671 de
1170 4628 1280 4671 San
1303 4626 1540 4679 Ignacio,
1563 4636 1596 4671 t.
1621 4639 1695 4681 iv,
1717 4640 1843 4681 pag.
1868 4628 1953 4670 3⁶3
1972 4634 2024 4669 et
2045 4627 2140 4672 364.

639 4698 662 4729 ⁵
718 4698 852 4741 Vide
874 4699 1011 4744 infra
1027 4732 1038 4751 ,
1060 4712 1110 4743 n.
1129 4700 1227 4743 793.
