3742 5392
1651 489 1783 548 Au.
1827 489 1969 548 1554
2953 491 3068 549 523

581 639 716 702 bus
751 655 839 702 ac
875 637 1138 718 pietate
1179 635 1266 698 de
1315 634 1764 699 scholasticis
1812 632 1927 697 his
1974 633 2266 714 referre3
2320 636 2455 699 hoc
2504 644 2744 699 tamen
2796 635 3059 714 dicam,

579 744 778 826 quod
805 744 896 808 ad
925 741 1434 824 perfectionem
1461 741 1799 823 pertinet,
1832 741 2027 823 quod
2055 759 2219 806 cum
2263 741 2551 822 quidam
2589 742 3063 807 scholasticus

583 853 804 916 alium
829 852 1176 930 laesisset,
1211 859 1280 913 et
1309 859 1513 931 pater
1544 848 1698 930 ejus
1721 849 2058 929 injuriam
2080 849 2327 913 ulcisci
2348 851 2586 929 vellet,
2622 849 2771 930 “ne,
2805 849 3059 930 inquit,

588 960 910 1038 obsecre,
941 967 1170 1039 pater,
1202 959 1275 1022 id
1302 956 1551 1036 facias,
1586 974 1758 1021 nam
1786 967 1894 1020 est
1918 965 2165 1022 contra
2196 973 2283 1020 ea
2312 974 2494 1038 quae
2517 957 2803 1036 doceor,
2836 957 2925 1021 de
2956 975 3063 1021 rc-

591 1065 950 1132 mittendis
979 1065 1254 1130 scilicet
1291 1063 1635 1144 inJuriis„.
1683 1063 1885 1128 Multi
1924 1063 2442 1128 confitebantur
2477 1073 2547 1128 et
2586 1064 3061 1129 communica-

584 1176 758 1238 bant
785 1174 1087 1253 singulis
1110 1172 1356 1236 diebus
1379 1171 1772 1246 dominicis;
1799 1189 2011 1235 mane
2034 1171 2377 1251 oratione,
2402 1188 2703 1253 vespere
2729 1172 3059 1236 examine

587 1281 1070 1346 conscientiae
1107 1280 1519 1343 utebantur:
1561 1295 1650 1342 ne
1689 1278 2043 1342 sacrificio
2088 1277 2351 1342 Missae
2374 1327 2389 1357 ,
2421 1295 2605 1358 quae
2639 1278 2813 1359 ipsis
2851 1295 3063 1344 mane

589 1388 980 1463 dicebatur,
1011 1387 1196 1450 forte
1223 1403 1368 1451 non
1397 1386 1845 1465 interessent,
1880 1385 2260 1466 aliquando
2290 1395 2456 1454 ante
2477 1387 2709 1450 lucem
2737 1385 2808 1448 in
2840 1384 3062 1449 Colle-

584 1497 786 1577 gium
808 1494 1212 1574 veniebam
1245 1501 1315 1556 et
1344 1492 1764 1556 admiranda
1793 1502 1982 1570 erat,
2017 1493 2184 1556 dum
2212 1510 2339 1573 per
2379 1493 2581 1557 vicos
2610 1491 3061 1568 incedebant,

591 1620 839 1666 eorum
887 1599 1272 1680 modestia,
1325 1608 1397 1664 et
1443 1617 1767 1663 summae
1808 1599 2363 1675 aedificationiS,
2405 1617 2567 1663 cum
2607 1608 2819 1664 antea
2858 1602 3065 1680 pueri

595 1719 744 1773 tam
780 1709 1072 1790 inquieti
1129 1716 1200 1770 et
1249 1707 1639 1771 turbulenti
1685 1707 2020 1787 fuissent,
2072 1716 2148 1770 ut
2198 1708 2272 1770 in
2320 1707 2779 1787 proverbium
2830 1707 3061 1771 abiret

598 1817 828 1881 “filius
864 1815 1493 1896 olyssiponensiS„.
1529 1814 1673 1878 Illis
1711 1823 1954 1878 autem
1994 1813 2243 1878 diebus
2270 1832 2433 1879 cum
2470 1815 2583 1877 vir
2613 1815 2903 1895 quidam
2943 1832 3061 1879 no-

597 1924 780 2002 bilis,
826 1923 947 2004 qui
989 1921 1539 2001 magistratuum
1587 1931 1803 2002 caput
1849 1931 2036 2001 erat,
2090 1921 2375 1985 nomine
2429 1921 2859 1985 Franciscus
2896 1920 3067 1986 Cor-

594 2047 720 2094 rea
751 2028 806 2110 ¹,
856 2028 1126 2108 Regem
1157 2029 1662 2109 alloqueretur,
1720 2028 2001 2092 dicebat
2030 2045 2107 2091 se
2130 2026 2279 2107 jam
2308 2046 2601 2109 sperare
2628 2045 2889 2092 nomen
2913 2028 3075 2110 filii

587 2135 1169 2216 olyssiponensis
1234 2151 1531 2215 prorsus
1589 2152 1746 2198 esse
1814 2131 2419 2214 extinguendum,
2480 2145 2772 2216 propter
2832 2136 3069 2200 mode-

593 2245 806 2308 stiam
828 2243 1102 2306 scilicet
1118 2291 1132 2320 ‚
1167 2241 1447 2322 quaein
1469 2241 2038 2306 adolescentibus
2064 2252 2350 2321 praeter
2374 2259 2644 2307 morem
2675 2243 2871 2307 cerni
2900 2243 3067 2306 inci·

595 2352 859 2432 piebat:
890 2350 995 2414 sic
1025 2367 1166 2413 non
1210 2349 1421 2429 pauci
1459 2349 1660 2412 cives
1699 2347 1881 2412 filios
1917 2349 2234 2429 perditos
2277 2367 2353 2414 se
2392 2350 2679 2414 tandem
2710 2351 3069 2414 invenisse

587 2457 1161 2539 gratulabantur,
1196 2465 1266 2520 et
1295 2456 1682 2536 aliquando
1711 2456 1929 2520 etiam
1952 2473 2133 2536 quae
2164 2457 2274 2536 ‚illi
2306 2457 2817 2537 praedicabant
2848 2459 2935 2522 de
2968 2460 3068 2522 in·

599 2564 960 2628 stitutione
991 2563 1318 2644 Collegii,
1353 2563 1697 2644 pudorem
1727 2563 1995 2627 nostris
2024 2559 2487 2629 incutiebant}
3118 2633 3127 2644 ,

721 2670 898 2734 1108.
987 2669 1193 2750 Quod
1249 2670 1341 2734 ad
1396 2670 1675 2733 litteras
1731 2671 2017 2750 attinet,
2071 2671 2145 2734 in
2190 2672 2666 2751 grammatica
2721 2673 2943 2736 latina
3000 2683 3071 2736 et

591 2795 864 2858 graeca
893 2779 1065 2842 etin
1095 2777 1452 2842 rhetorica
1482 2777 1697 2841 etiam
1736 2794 1882 2842 non
1910 2795 2164 2860 parum
2200 2778 2699 2860 proficiebant;
2731 2796 3073 2844 numerus

599 2895 836 2950 autem
865 2902 1117 2950 eorum
1142 2886 1249 2948 sic
1276 2886 1648 2948 crescebat
1677 2885 1928 2966 primis
1958 2886 2320 2949 mensibus
2349 2885 2558 2966 hujus
2588 2887 2787 2965 anni,
2820 2897 2897 2951 ut
2926 2905 3071 2952 mo·

589 2991 762 3058 dum
812 2993 1123 3074 aliquem
1160 2993 1663 3072 imponendum
1703 3003 1774 3056 et
1817 3010 2192 3057 numerum
2228 2993 2779 3073 quingentorum
2818 2994 3070 3076 praefi·

594 3100 905 3179 gendum
934 3100 1428 3164 existimarent
1465 3117 1553 3162 ac
1593 3116 1815 3180 prope
1857 3099 2358 3164 decernerent:
2401 3109 2471 3163 et
2509 3117 2671 3164 cum
2711 3102 2782 3165 id
2826 3101 3069 3166 Cardi-

594 3209 740 3271 nali
769 3207 1028 3271 Infanti
1056 3207 1498 3288 propositum
1526 3215 1752 3288 esset,
1784 3208 2151 3288 respondit
2174 3208 2289 3272 ille
2318 3207 2394 3271 P.
2444 3209 2703 3273 Mironi
2730 3211 2925 3274 nullo
2953 3229 3073 3292 pa·

601 3324 716 3378 cto
748 3315 819 3379 id
845 3315 978 3378 sibi
1005 3313 1410 3379 faciendum
1431 3313 1682 3393 videri,
1711 3329 1779 3378 et
1802 3313 2119 3394 eJ’usdem
2142 3315 2535 3380 sententiae
2559 3328 2716 3381 erat
2739 3315 2829 3380 D.
2854 3316 3075 3381 Fran-

595 3421 830 3486 ciscus
860 3423 946 3484 de
977 3421 1270 3499 Correa,
1302 3421 1388 3484 de
1419 3437 1558 3500 quo
1580 3422 1798 3501 paulo
1824 3430 1992 3485 ante
2016 3423 2487 3486 meminimus.
2521 3422 2806 3487 Accidit
2830 3433 3071 3489 autem

599 3539 678 3592 ut
706 3546 792 3591 eo
822 3537 1144 3608 tempore
1174 3546 1355 3592 unus
1387 3546 1476 3592 ex
1506 3529 2093 3609 praeceptoribus
2135 3529 2209 3593 in
2239 3530 2565 3594 morbum
2592 3530 2937 3594 incideret
2956 3577 2971 3608 ,
3006 3540 3077 3594 et

596 3635 926 3716 discipuli
954 3634 1107 3716 ejus
1138 3637 1626 3716 provectiores
1671 3637 1764 3700 ad
1793 3637 2233 3717 superiorem
2270 3639 2573 3702 classem
2594 3685 2609 3716 ,
2652 3639 2888 3702 minus
2916 3655 3076 3720 pro-

599 3743 790 3807 vecti
831 3743 923 3806 ad
975 3741 1382 3806 inferiorem
1427 3743 1519 3806 ad
1567 3752 1848 3824 tempus
1884 3744 2103 3822 missi;
2152 3743 2278 3806 sed
2326 3744 2645 3825 utrisque
2675 3745 2779 3809 sic
2819 3763 3071 3811 conve·

598 3850 885 3914 niebant
919 3851 1210 3928 classeS‚
1246 3849 1318 3912 in
1351 3867 1532 3929 quas
1562 3850 1816 3913 mutati
1841 3849 2147 3929 fuerant,
2182 3859 2260 3914 ut
2288 3853 2610 3916 mutandi
2638 3871 2731 3916 ex
2758 3853 2897 3917 illis
2926 3870 3077 3916 am-

599 3957 784 4036 plius
811 3974 954 4020 non
987 3957 1428 4034 viderentur,
1464 3966 1534 4018 et
1565 3957 1664 4018 ita
1693 3957 1895 4020 locus
1924 3957 2214 4021 relictus
2252 3968 2362 4021 est
2388 3975 2582 4022 novo
2620 3963 3073 4042 praeceptori

599 4073 672 4128 ct
699 4065 909 4128 novis
945 4063 1310 4143 discipulis
1346 4062 1395 4125 ¹.
1436 4063 1651 4126 Brevi
1689 4064 1927 4143 itaque
1966 4081 2304 4128 numerus
2347 4065 2939 4132 scholasticorum
2984 4068 3074 4131 ad

684 4234 702 4266 ¹
759 4233 892 4277 Vide
913 4245 1072 4288 supra
1086 4265 1098 4286 ,
1121 4239 1158 4277 t.
1180 4243 1254 4284 m,
1275 4243 1398 4286 pag.
1416 4231 1512 4276 406.

679 4305 703 4336 ⁸
755 4305 880 4349 “Del
899 4317 966 4350 no
987 4305 1178 4349 recibir
1199 4315 1264 4347 en
1286 4303 1512 4348 Llsbona
1533 4315 1645 4348 mas
1666 4305 1728 4348 de
1749 4305 2041 4359 qulnientos
2070 4307 2333 4350 eucolares
2367 4318 2554 4362 parece
2576 4309 2717 4352 seria
2736 4309 3076 4353 conveniente

603 4379 725 4431 [por
745 4388 810 4420 no
829 4389 884 4421 se
913 4377 1106 4432 podet]
1135 4377 1416 4420 satisfacer
1437 4379 1469 4419 a
1501 4385 1684 4432 mayor
1717 4379 1931 4420 numero
1967 4388 2063 4422 con
2094 4379 2171 4421 los
2206 4379 2350 4422 cinco
2382 4387 2664 4434 maestros,
2685 4381 2737 4424 nl
2772 4381 2879 4438 hay
2909 4383 3079 4426 clnscs

598 4459 732 4503 para
749 4449 912 4503 podet
930 4449 1116 4492 doblar
1133 4451 1212 4493 los
1233 4456 1506 4502 maestros;
1529 4461 1562 4504 y
1583 4459 1685 4492 aun
1706 4449 1738 4490 Α
1759 4449 1810 4491 la
1831 4449 2031 4492 verdad
2054 4459 2240 4502 parece
2263 4457 2371 4494 este
2392 4461 2605 4495 numero
2627 4452 2913 4507 insnsrlble,
2935 4455 2976 4497 si
2998 4455 3079 4497 los

602 4527 856 4564 maesti-os
885 4533 950 4564 no
987 4523 1158 4566 tienen
1194 4521 1531 4574 substitutos,
1559 4531 1656 4564 con
1689 4520 1842 4575 quien
1878 4521 2050 4574 partit
2084 4523 2161 4564 los
2190 4523 2452 4578 trabajos;
2473 4536 2507 4579 y
2528 4524 2657 4568 mire
2687 4524 2753 4569 V.
2778 4524 2839 4569 R.
2860 4536 2927 4570 no
2964 4525 3079 4581 deje

601 4591 802 4646 fatigar
819 4604 878 4637 ou
899 4599 1054 4648 gente
1079 4595 1190 4637 mas
1209 4593 1273 4637 de
1295 4593 1346 4637 lo
1365 4603 1462 4646 qne
1483 4603 1540 4636 ee
1573 4592 1742 4646 puedn
1761 4591 1923 4636 susrir
1951 4605 1984 4648 y
2005 4593 2177 4637 llevar
2198 4594 2467 4648 adeunte:
2490 4607 2526 4650 y
2546 4599 2823 4650 ραι-εοεαε
2856 4609 2955 4652 que
2976 4609 3079 4642 uno

602 4665 674 4708 ha.
693 4667 1004 4710 eomenzndo
1025 4668 1060 4710 a
1079 4666 1238 4710 echar
1257 4677 1448 4720 sangi-e
1467 4675 1564 4720 por
1585 4666 1637 4708 la
1659 4665 1790 4707 boen
1803 4695 1814 4716 ,
1836 4674 1935 4718 que
1958 4675 2015 4708 es
2032 4666 2181 4708 senal
2202 4665 2267 4710 de
2286 4666 2587 4712 demasiado
2618 4669 2871 4722 trabam...
2892 4669 3081 4715 Polan-

603 4747 710 4791 cus,
733 4747 800 4782 ex
819 4749 972 4791 com„
991 4737 1140 4783 Patri
1160 4738 1189 4792 J
1193 4740 1356 4784 acobo
1375 4739 1542 4785 Miz-on
1555 4769 1568 4792 ,
1587 4737 1643 4782 2⁶
1660 4735 1782 4789 Jnui
1805 4734 1925 4779 1554.
