3742 5392
1640 514 1770 573 Aa.
1814 513 1957 572 1554
2961 513 3028 573 61

549 661 944 741 sanguine,
977 661 1104 724 sed
1132 661 1365 741 magis
1393 661 1609 725 etiam
1637 660 1920 741 pietate,
1961 660 2268 739 nobiles,
2312 659 2610 723 Patrum
2654 659 3031 724 ferrarien·

551 769 744 832 sium
773 768 1070 832 consilio
1101 769 1492 846 excitatae,
1527 767 1808 847 magnis
1837 767 2201 831 laboribus
2239 767 2489 831 urbem
2529 768 2923 831 lustrarunt
2952 779 3029 832 ut

559 876 1089 956 eleemosynam
1118 875 1368 955 puellis
1396 875 1738 956 orphanis
1768 882 2192 955 quaererent
2216 923 2231 952 ,
2278 874 2529 955 quibus
2573 883 2854 954 emptae
2899 875 3030 938 eis-

551 981 723 1046 dem
752 980 1008 1047 domus
1032 982 1339 1062 pretium
1367 983 1798 1060 solveretur3
1831 991 1901 1044 et
1930 999 2019 1044 ex
2050 981 2155 1044 eis
2190 978 2207 1012 ¹
2254 980 2491 1061 aliqua
2535 999 2624 1044 ex
2666 981 3029 1046 laboribus

563 1089 640 1152 in
667 1088 992 1153 morbum
1019 1089 1300 1167 incidit,
1334 1106 1472 1169 quo
1504 1105 1666 1152 cum
1695 1088 2018 1168 graviter
2047 1096 2473 1167 vexaretur,
2505 1089 2737 1168 magis
2760 1087 2847 1150 de
2870 1106 3030 1169 ope-

567 1213 646 1260 re
673 1196 863 1277 quod
891 1195 1366 1277 interruptum
1404 1194 1793 1276 pendebat,
1839 1212 2056 1276 quam
2098 1195 2185 1258 de
2228 1211 2361 1258 sua
2406 1194 2715 1258 adversa
2758 1197 3028 1259 valetu-

543 1303 743 1384 dine,
777 1302 1086 1367 dolebat.

685 1409 821 1473 105.
905 1409 984 1474 In
1013 1409 1480 1489 hospitalibus
1509 1419 1748 1473 tamen
1775 1420 1848 1474 et
1877 1409 2037 1473 aliis
2066 1409 2491 1490 quibusdam
2534 1410 2819 1492 pietatis
2865 1427 3030 1490 ope·

565 1517 764 1580 ribus
793 1517 1144 1582 minorem
1171 1534 1385 1598 quam
1415 1516 1756 1598 optabant
1793 1515 2104 1580 fructum
2142 1516 2371 1580 nostri
2411 1516 2749 1596 colligere
2788 1525 3029 1597 potue·

547 1634 726 1687 runt
745 1671 761 1704 ,
793 1641 958 1687 cum
979 1671 995 1704 ,
1013 1622 1611 1704 occupationibus
1641 1622 1800 1686 aliis
1828 1622 2167 1701 districti,
2203 1624 2328 1687 vix
2356 1623 2449 1686 ad
2479 1621 2880 1703 hujusmodi
2911 1625 3029 1707 pia

549 1748 780 1811 opera
809 1738 1090 1811 tempus
1117 1739 1545 1810 suppeteret.

687 1837 821 1901 106.
907 1837 1098 1902 Inter
1127 1856 1251 1910 eos
1271 1847 1538 1916 autem,
1563 1838 1685 1919 qui
1708 1846 2006 1919 peccata
2031 1837 2569 1920 confitebantur,
2599 1838 2889 1919 quidam
2912 1839 3025 1902 vir
3076 1823 3081 1828 ’

563 1945 844 2026 graviS,
879 1961 1042 2008 cum
1069 1943 1386 2025 injuncta
1414 1945 1551 2026 ipsi
1581 1953 1768 2008 esset
1795 1945 2265 2024 poenitentia,
2312 1945 2620 2026 superbe
2660 1945 2721 2008 is
2758 1943 3029 2008 confes-

551 2051 832 2115 sarium
859 2051 1280 2132 respicienS,
1314 2068 1477 2116 eum
1506 2050 1948 2116 detrectabat
1979 2059 2047 2115 et
2076 2051 2478 2116 ministrum
2500 2052 2637 2115 Dei
2662 2051 3027 2116 irridebat.

561 2157 905 2239 Imposuit
935 2159 1000 2222 ei
1029 2174 1204 2239 ergo
1233 2159 1716 2222 confessarius
1745 2167 1823 2222 ut
1851 2158 1926 2221 in
1970 2175 2275 2240 poenam
2311 2166 2773 2240 peccatorum
2814 2159 3030 2222 canti·

553 2265 822 2330 ⁵uellam
852 2266 1235 2346 quamdam
1263 2266 1573 2329 maxime
1605 2285 1646 2328 a
1675 2265 2054 2328 mundanis
2080 2265 2608 2346 frequentatam
2638 2265 2661 2296 ³
2679 2314 2695 2345 ,
2730 2274 2799 2330 et
2821 2266 3029 2329 simul

557 2389 728 2437 eum
773 2373 1039 2437 dimisit
1083 2372 1174 2435 ad
1215 2370 1294 2434 Ρ.
1341 2371 1752 2450 Rectorem,
1794 2383 1870 2435 ut
1910 2371 2000 2434 ab
2042 2389 2127 2436 eo
2158 2380 2431 2451 peteret
2462 2391 2555 2436 an
2584 2373 2838 2436 merito
2870 2373 3033 2436 talis

556 2478 996 2560 poenitentia
1026 2479 1161 2560 ipsi
1191 2477 1504 2558 injuncta
1527 2477 1774 2542 fuisset
1798 2496 1812 2558 ;
1838 2479 1955 2542 ille
1978 2487 2249 2559 autem,
2280 2477 2370 2542 ad
2395 2496 2472 2542 se
2493 2496 2855 2558 reversuS,
2880 2488 3033 2543 tan-

560 2595 811 2666 topere
838 2585 969 2648 fuit
999 2595 1394 2650 commotus
1423 2595 1499 2650 ut
1527 2586 1766 2650 multis
1794 2586 2135 2667 lacrymis
2164 2603 2295 2649 sua
2319 2595 2623 2668 peccata
2645 2585 2905 2650 deflere
2927 2603 3031 2649 se-

550 2693 671 2756 rio
695 2693 1058 2773 inciperet.

583 2841 586 2846 -
692 2799 826 2862 107.
913 2799 1254 2866 Curatum
1284 2798 1416 2865 fuit
1443 2808 1520 2864 ut
1549 2799 1622 2863 in
1641 2799 2139 2864 haeresiarcas
2160 2799 2515 2880 quosdam
2545 2797 2695 2878 ejus
2717 2793 3033 2863 civitatis

553 2907 1290 2985 animadverteretur3
1323 2917 1392 2970 et
1421 2906 1654 2970 edicto
1677 2907 2027 2987 principis
2058 2925 2148 2970 ex
2188 2906 2364 2971 urbe
2402 2925 2489 2970 ac
2526 2915 2677 2970 toto
2721 2905 3034 2970 dominio

554 3012 718 3094 ejus
746 3013 1030 3078 fuerunt
1060 3015 1338 3094 expulsi
1366 3011 1411 3076 ⁸.
1449 3011 1816 3092 Quaedam
1855 3020 2094 3076 autem
2133 3012 2477 3092 foemina,
2525 3030 2707 3093 quae
2751 3014 3034 3077 haeresi

563 3121 828 3186 infecta
857 3121 1024 3200 fuit,
1069 3130 1158 3206 et,
1181 3121 1451 3202 aliquot
1501 3137 1728 3184 annos
1778 3129 1984 3184 extra
2036 3119 2301 3185 Christi
2349 3122 2725 3184 ecclesiam
2774 3121 3031 3198 fuerat,

551 3227 792 3292 -eidem
821 3238 928 3292 est
955 3225 1362 3291 conciliata.

689 3333 824 3398 108.
911 3333 1326 3416 Complures
1355 3334 1477 3398 alii
1503 3351 1631 3416 per
1660 3332 2145 3399 confessiones
2172 3336 2547 3416 generales
2576 3335 2793 3399 totius
2840 3345 3031 3399 ante·

563 3451 770 3506 actae
797 3442 990 3505 vitae
1020 3458 1192 3505 suae
1223 3441 1702 3506 conscientiae
1742 3442 2288 3522 consuluerunt,
2316 3451 2385 3506 et
2411 3442 2800 3507 inimicitiis
2848 3443 3033 3506 aliis·

551 3567 702 3630 que
730 3549 924 3613 vitiis
958 3545 1274 3630 [relictis]
1293 3598 1308 3628 ,
1340 3549 1413 3611 in
1442 3548 1634 3612 viam
1666 3549 1920 3612 salutis
1948 3549 2335 3613 redierunt.

690 3653 826 3718 109.
911 3654 1197 3737 Septem
1245 3655 1610 3734 muliereS,
1654 3673 1835 3736 quae
1874 3655 2152 3737 publice
2192 3656 2608 3737 pudicitiam
2658 3657 3030 3737 prostitue-

563 3773 754 3844 rant,
789 3763 882 3826 ad
911 3762 1438 3827 Conversarum
1470 3762 2011 3841 monasterium,
2046 3774 2210 3843 post
2242 3763 2783 3844 confessionem,
2818 3765 3032 3828 addu—

555 3880 724 3933 ctae
749 3869 1065 3949 fuerunt,
1099 3879 1174 3932 et
1199 3868 1658 3933 admirandus
1686 3869 1759 3932 in
1789 3869 2043 3950 spiritu
2081 3869 2448 3951 profectus
2490 3871 2563 3934 in
2606 3871 3031 3952 quibusdam

555 3994 811 4041 earum
841 3976 1286 4040 cernebatur.

690 4082 824 4147 110.
912 4083 1092 4148 Cum
1141 4082 1420 4147 difficile
1469 4091 1949 4147 correctorem
2009 4083 2275 4148 scholis
2326 4085 2553 4149 nostri
2609 4085 3029 4166 invenirent,

647 4323 668 4357 ¹
723 4324 992 4370 Man-onie.

644 4398 667 4429 ¹
718 4398 917 4442 scilicet
937 4397 1264 4442 recitandam
1283 4398 1369 4441 vel
1389 4396 1592 4451 publice
1615 4395 1918 4440 canendam.

643 4466 668 4500 ⁸
722 4467 824 4512 “Le
847 4467 900 4512 18
917 4478 1061 4512 mars
1083 4467 1203 4520 155⁴,
1226 4467 1264 4512 u
1281 4465 1580 4519 (Fert-ariae
1603 4465 1740 4518 Dux)
1755 4465 1943 4520 rendit,
1960 4475 2050 4510 sur
2066 4467 2115 4510 le
2130 4467 2322 4511 consen
2340 4466 2409 4512 du
2422 4467 2614 4522 §emite
2650 4467 2948 4521 Pelletario.
2967 4480 3035 4513 un

553 4539 886 4584 ordonnauee
907 4539 992 4594 qui
1015 4539 1302 4584 bannissait
1323 4539 1385 4582 de
1406 4549 1491 4582 ses
1509 4524 1668 4582 Etats
1688 4543 1861 4582 tontes
1897 4539 1973 4582 les
2002 4549 2284 4593 persenties
2315 4543 2583 4593 suspectes
2602 4539 2665 4584 de
2686 4540 2948 4585 favor-iser
2983 4543 3036 4584 la

559 4611 915 4656 reformation.
935 4609 1195 4656 Memoria
1211 4616 1318 4666 per
1337 4611 1391 4654 la
1413 4609 1593 4654 storia
1614 4609 1674 4653 at
1694 4609 1952 4663 Ferrum,
1974 4610 2203 4655 raccolte
2224 4610 2295 4654 da
2315 4609 2377 4656 A.
2398 4610 2601 4662 Frinaei,
2616 4623 2713 4656 con
2730 4612 2991 4665 aggtunte
3008 4624 3036 4656 e

558 4685 686 4726 note
703 4683 791 4726 del
813 4682 970 4727 Conte
993 4681 1279 4733 Laden-hi,
1299 4689 1336 4726 t.
1356 4693 1428 4736 tv,
1449 4693 1570 4736 pag.
1584 4681 1706 4735 36⁰„
1726 4680 2322 4736 RooocluucmfRende
2336 4681 2403 4726 de
2421 4681 2649 4736 Franco,
2668 4682 2942 4728 Duchesse
2968 4685 3037 4728 de

565 4753 819 4808 Ferrare,
837 4765 959 4810 cap.
985 4765 1036 4809 x,
1057 4765 1177 4809 pag.
1195 4754 1292 4798 235.
