<?xml version="1.0" encoding="UTF-8"?>
<!DOCTYPE html PUBLIC "-//W3C//DTD XHTML 1.0 Transitional//EN"
    "http://www.w3.org/TR/xhtml1/DTD/xhtml1-transitional.dtd">
<html xmlns="http://www.w3.org/1999/xhtml" xml:lang="en" lang="en">
 <head>
  <title>
</title>
<meta http-equiv="Content-Type" content="text/html;charset=utf-8" />
  <meta name='ocr-system' content='tesseract 3.04.00' />
  <meta name='ocr-capabilities' content='ocr_page ocr_carea ocr_par ocr_line ocrx_word'/>
</head>
<body>
  <div class='ocr_page' id='page_1' title='image "./vitaignatiiloio02polagoog_0536.png"; bbox 0 0 3742 5392; ppageno 0'>
   <div class='ocr_carea' id='block_1_1' title="bbox 740 449 2297 556">
    <p class='ocr_par' dir='ltr' id='par_1_1' title="bbox 740 449 2297 556">
     <span class='ocr_line' id='line_1_1' title="bbox 740 449 2297 556; baseline 0 -16"><span class='ocrx_word' id='word_1_1' title='bbox 740 481 850 540; x_wconf 72' lang='lat'><strong>514</strong></span> <span class='ocrx_word' id='word_1_2' title='bbox 1663 449 1920 542; x_wconf 61' lang='lat' dir='ltr'><strong>Canon.</strong></span> <span class='ocrx_word' id='word_1_3' title='bbox 1962 483 2112 542; x_wconf 85' lang='lat' dir='ltr'>Soc.</span> <span class='ocrx_word' id='word_1_4' title='bbox 2156 483 2297 556; x_wconf 71' lang='lat' dir='ltr'><strong>Jas.</strong></span> 
     </span>
    </p>
   </div>
   <div class='ocr_carea' id='block_1_2' title="bbox 701 626 3219 4784">
    <p class='ocr_par' dir='ltr' id='par_1_2' title="bbox 731 626 3219 1560">
     <span class='ocr_line' id='line_1_2' title="bbox 741 626 3215 710; baseline 0 -19"><span class='ocrx_word' id='word_1_5' title='bbox 741 627 1154 707; x_wconf 88' lang='lat' dir='ltr'><strong>praedicato</strong></span> <span class='ocrx_word' id='word_1_6' title='bbox 1183 643 1398 706; x_wconf 90' lang='lat' dir='ltr'><strong>quam</strong></span> <span class='ocrx_word' id='word_1_7' title='bbox 1427 644 1518 691; x_wconf 83' lang='lat' dir='ltr'><strong>ex</strong></span> <span class='ocrx_word' id='word_1_8' title='bbox 1545 626 2015 692; x_wconf 83' lang='lat' dir='ltr'><strong>familiaribus</strong></span> <span class='ocrx_word' id='word_1_9' title='bbox 2045 628 2414 709; x_wconf 86' lang='lat' dir='ltr'><strong>colloquiis</strong></span> <span class='ocrx_word' id='word_1_10' title='bbox 2436 631 2771 710; x_wconf 89' lang='lat' dir='ltr'><strong>copiosus</strong></span> <span class='ocrx_word' id='word_1_11' title='bbox 2792 629 3067 694; x_wconf 84' lang='lat' dir='ltr'><strong>fructus</strong></span> <span class='ocrx_word' id='word_1_12' title='bbox 3092 647 3215 694; x_wconf 88' lang='lat' dir='ltr'><strong>ca-</strong></span> 
     </span>
     <span class='ocr_line' id='line_1_3' title="bbox 740 731 3210 816; baseline 0.001 -18"><span class='ocrx_word' id='word_1_13' title='bbox 740 733 1087 814; x_wconf 89' lang='lat' dir='ltr'><strong>piebatur.</strong></span> <span class='ocrx_word' id='word_1_14' title='bbox 1137 731 1318 798; x_wconf 89' lang='lat' dir='ltr'><strong>Cum</strong></span> <span class='ocrx_word' id='word_1_15' title='bbox 1361 744 1600 798; x_wconf 88' lang='lat' dir='ltr'><strong>autem</strong></span> <span class='ocrx_word' id='word_1_16' title='bbox 1641 736 1873 814; x_wconf 88' lang='lat' dir='ltr'><strong>prima</strong></span> <span class='ocrx_word' id='word_1_17' title='bbox 1917 735 2273 800; x_wconf 87' lang='lat' dir='ltr'><strong>dominica</strong></span> <span class='ocrx_word' id='word_1_18' title='bbox 2304 735 2912 816; x_wconf 86' lang='lat' dir='ltr'><strong>Quadragesimae</strong></span> <span class='ocrx_word' id='word_1_19' title='bbox 2954 747 3210 801; x_wconf 76' lang='lat' dir='ltr'><strong>contra</strong></span> 
     </span>
     <span class='ocr_line' id='line_1_4' title="bbox 741 841 3219 926; baseline 0.001 -21"><span class='ocrx_word' id='word_1_20' title='bbox 741 841 1292 906; x_wconf 82' lang='lat' dir='ltr'><strong>concubinarios</strong></span> <span class='ocrx_word' id='word_1_21' title='bbox 1341 843 1669 906; x_wconf 89' lang='lat' dir='ltr'><strong>invectus</strong></span> <span class='ocrx_word' id='word_1_22' title='bbox 1716 852 1943 922; x_wconf 89' lang='lat' dir='ltr'><strong>esset,</strong></span> <span class='ocrx_word' id='word_1_23' title='bbox 1999 844 2334 907; x_wconf 89' lang='lat' dir='ltr'><strong>commoti</strong></span> <span class='ocrx_word' id='word_1_24' title='bbox 2380 843 2667 907; x_wconf 87' lang='lat' dir='ltr'><strong>fuerunt</strong></span> <span class='ocrx_word' id='word_1_25' title='bbox 2716 843 2967 926; x_wconf 85' lang='lat' dir='ltr'><strong>aliqui,</strong></span> <span class='ocrx_word' id='word_1_26' title='bbox 3019 844 3219 908; x_wconf 75' lang='lat' dir='ltr'><strong>inter</strong></span> 
     </span>
     <span class='ocr_line' id='line_1_5' title="bbox 736 949 3206 1031; baseline 0.001 -18"><span class='ocrx_word' id='word_1_27' title='bbox 736 966 916 1030; x_wconf 91' lang='lat' dir='ltr'><strong>quos</strong></span> <span class='ocrx_word' id='word_1_28' title='bbox 951 949 1202 1013; x_wconf 88' lang='lat' dir='ltr'><strong>mulier</strong></span> <span class='ocrx_word' id='word_1_29' title='bbox 1240 950 1593 1031; x_wconf 84' lang='lat' dir='ltr'><strong>quaedam</strong></span> <span class='ocrx_word' id='word_1_30' title='bbox 1636 950 1785 1029; x_wconf 84' lang='lat' dir='ltr'><strong>fuit,</strong></span> <span class='ocrx_word' id='word_1_31' title='bbox 1834 968 2019 1031; x_wconf 91' lang='lat' dir='ltr'><strong>quae</strong></span> <span class='ocrx_word' id='word_1_32' title='bbox 2062 951 2329 1031; x_wconf 87' lang='lat' dir='ltr'><strong>aliquot</strong></span> <span class='ocrx_word' id='word_1_33' title='bbox 2374 968 2602 1014; x_wconf 88' lang='lat' dir='ltr'><strong>annos</strong></span> <span class='ocrx_word' id='word_1_34' title='bbox 2648 959 2852 1030; x_wconf 88' lang='lat' dir='ltr'><strong>turpe</strong></span> <span class='ocrx_word' id='word_1_35' title='bbox 2894 952 3206 1015; x_wconf 85' lang='lat' dir='ltr'><strong>ministe-</strong></span> 
     </span>
     <span class='ocr_line' id='line_1_6' title="bbox 735 1055 3203 1136; baseline 0.001 -16"><span class='ocrx_word' id='word_1_36' title='bbox 735 1058 923 1121; x_wconf 89' lang='lat' dir='ltr'><strong>rium</strong></span> <span class='ocrx_word' id='word_1_37' title='bbox 969 1058 1040 1120; x_wconf 92' lang='lat' dir='ltr'><strong>in</strong></span> <span class='ocrx_word' id='word_1_38' title='bbox 1067 1055 1470 1136; x_wconf 89' lang='lat' dir='ltr'><strong>hujusmodi</strong></span> <span class='ocrx_word' id='word_1_39' title='bbox 1510 1056 1913 1121; x_wconf 89' lang='lat' dir='ltr'><strong>hominibus</strong></span> <span class='ocrx_word' id='word_1_40' title='bbox 1942 1058 2127 1121; x_wconf 90' lang='lat' dir='ltr'><strong>inter</strong></span> <span class='ocrx_word' id='word_1_41' title='bbox 2170 1075 2247 1121; x_wconf 91' lang='lat' dir='ltr'><strong>se</strong></span> <span class='ocrx_word' id='word_1_42' title='bbox 2275 1059 2464 1120; x_wconf 87' lang='lat' dir='ltr'><strong>male</strong></span> <span class='ocrx_word' id='word_1_43' title='bbox 2508 1058 2977 1122; x_wconf 86' lang='lat' dir='ltr'><strong>conciliandis</strong></span> <span class='ocrx_word' id='word_1_44' title='bbox 3004 1075 3203 1123; x_wconf 84' lang='lat' dir='ltr'><strong>exer·</strong></span> 
     </span>
     <span class='ocr_line' id='line_1_7' title="bbox 735 1165 3200 1246; baseline 0 -18"><span class='ocrx_word' id='word_1_45' title='bbox 735 1172 983 1228; x_wconf 88' lang='lat' dir='ltr'><strong>cuerat</strong></span> <span class='ocrx_word' id='word_1_46' title='bbox 1002 1211 1018 1244; x_wconf 93' lang='lat'><strong>,</strong></span> <span class='ocrx_word' id='word_1_47' title='bbox 1051 1174 1120 1227; x_wconf 91' lang='lat' dir='ltr'><strong>et</strong></span> <span class='ocrx_word' id='word_1_48' title='bbox 1149 1165 1357 1228; x_wconf 92' lang='lat' dir='ltr'><strong>simul</strong></span> <span class='ocrx_word' id='word_1_49' title='bbox 1387 1181 1549 1227; x_wconf 90' lang='lat' dir='ltr'><strong>cum</strong></span> <span class='ocrx_word' id='word_1_50' title='bbox 1579 1182 1663 1228; x_wconf 89' lang='lat' dir='ltr'><strong>ea</strong></span> <span class='ocrx_word' id='word_1_51' title='bbox 1693 1165 1806 1227; x_wconf 87' lang='lat' dir='ltr'><strong>vir</strong></span> <span class='ocrx_word' id='word_1_52' title='bbox 1835 1165 2125 1246; x_wconf 90' lang='lat' dir='ltr'><strong>quidam</strong></span> <span class='ocrx_word' id='word_1_53' title='bbox 2154 1182 2314 1227; x_wconf 91' lang='lat' dir='ltr'><strong>eum</strong></span> <span class='ocrx_word' id='word_1_54' title='bbox 2348 1165 2572 1229; x_wconf 87' lang='lat' dir='ltr'><strong>adivit</strong></span> <span class='ocrx_word' id='word_1_55' title='bbox 2601 1165 2935 1228; x_wconf 82' lang='lat' dir='ltr'><strong>recedere</strong></span> <span class='ocrx_word' id='word_1_56' title='bbox 2967 1183 3011 1228; x_wconf 98' lang='lat' dir='ltr'><strong>a</strong></span> <span class='ocrx_word' id='word_1_57' title='bbox 3040 1183 3200 1229; x_wconf 90' lang='lat' dir='ltr'><strong>con·</strong></span> 
     </span>
     <span class='ocr_line' id='line_1_8' title="bbox 734 1271 3211 1353; baseline 0 -18"><span class='ocrx_word' id='word_1_58' title='bbox 734 1271 1070 1335; x_wconf 89' lang='lat' dir='ltr'><strong>cubinatu</strong></span> <span class='ocrx_word' id='word_1_59' title='bbox 1103 1289 1180 1334; x_wconf 92' lang='lat' dir='ltr'><strong>se</strong></span> <span class='ocrx_word' id='word_1_60' title='bbox 1207 1272 1392 1334; x_wconf 86' lang='lat' dir='ltr'><strong>velle</strong></span> <span class='ocrx_word' id='word_1_61' title='bbox 1420 1281 1491 1335; x_wconf 90' lang='lat' dir='ltr'><strong>et</strong></span> <span class='ocrx_word' id='word_1_62' title='bbox 1520 1271 1674 1336; x_wconf 93' lang='lat' dir='ltr'><strong>Deo</strong></span> <span class='ocrx_word' id='word_1_63' title='bbox 1704 1273 1979 1335; x_wconf 90' lang='lat' dir='ltr'><strong>servire</strong></span> <span class='ocrx_word' id='word_1_64' title='bbox 2007 1281 2331 1351; x_wconf 83' lang='lat' dir='ltr'><strong>testatuS,</strong></span> <span class='ocrx_word' id='word_1_65' title='bbox 2366 1289 2575 1353; x_wconf 90' lang='lat' dir='ltr'><strong>quem</strong></span> <span class='ocrx_word' id='word_1_66' title='bbox 2604 1273 2812 1336; x_wconf 90' lang='lat' dir='ltr'><strong>simul</strong></span> <span class='ocrx_word' id='word_1_67' title='bbox 2842 1289 3005 1336; x_wconf 90' lang='lat' dir='ltr'><strong>cum</strong></span> <span class='ocrx_word' id='word_1_68' title='bbox 3034 1273 3211 1352; x_wconf 89' lang='lat' dir='ltr'><strong>ali0,.</strong></span> 
     </span>
     <span class='ocr_line' id='line_1_9' title="bbox 732 1378 3201 1460; baseline 0.001 -19"><span class='ocrx_word' id='word_1_69' title='bbox 732 1378 933 1459; x_wconf 90' lang='lat' dir='ltr'><strong>cujus</strong></span> <span class='ocrx_word' id='word_1_70' title='bbox 972 1380 1189 1442; x_wconf 91' lang='lat' dir='ltr'><strong>etiam</strong></span> <span class='ocrx_word' id='word_1_71' title='bbox 1227 1397 1350 1442; x_wconf 91' lang='lat' dir='ltr'><strong>cor</strong></span> <span class='ocrx_word' id='word_1_72' title='bbox 1401 1378 1599 1442; x_wconf 88' lang='lat' dir='ltr'><strong>Deus</strong></span> <span class='ocrx_word' id='word_1_73' title='bbox 1643 1379 2007 1459; x_wconf 86' lang='lat' dir='ltr'><strong>tetigerat,</strong></span> <span class='ocrx_word' id='word_1_74' title='bbox 2042 1379 2353 1443; x_wconf 87' lang='lat' dir='ltr'><strong>Eboram</strong></span> <span class='ocrx_word' id='word_1_75' title='bbox 2392 1379 2583 1443; x_wconf 90' lang='lat' dir='ltr'><strong>misit</strong></span> <span class='ocrx_word' id='word_1_76' title='bbox 2623 1389 2700 1442; x_wconf 89' lang='lat' dir='ltr'><strong>ut</strong></span> <span class='ocrx_word' id='word_1_77' title='bbox 2739 1380 3201 1460; x_wconf 89' lang='lat' dir='ltr'><strong>dispensatio-</strong></span> 
     </span>
     <span class='ocr_line' id='line_1_10' title="bbox 731 1486 2920 1560; baseline -0.001 -10"><span class='ocrx_word' id='word_1_78' title='bbox 731 1503 896 1550; x_wconf 90' lang='lat' dir='ltr'><strong>nem</strong></span> <span class='ocrx_word' id='word_1_79' title='bbox 924 1486 1321 1549; x_wconf 89' lang='lat' dir='ltr'><strong>obtinerent</strong></span> <span class='ocrx_word' id='word_1_80' title='bbox 1351 1486 1443 1549; x_wconf 90' lang='lat' dir='ltr'><strong>ad</strong></span> <span class='ocrx_word' id='word_1_81' title='bbox 1473 1503 1642 1549; x_wconf 89' lang='lat' dir='ltr'><strong>suas</strong></span> <span class='ocrx_word' id='word_1_82' title='bbox 1673 1486 2111 1550; x_wconf 91' lang='lat' dir='ltr'><strong>concubinas</strong></span> <span class='ocrx_word' id='word_1_83' title='bbox 2140 1486 2212 1549; x_wconf 91' lang='lat' dir='ltr'><strong>in</strong></span> <span class='ocrx_word' id='word_1_84' title='bbox 2240 1504 2505 1560; x_wconf 86' lang='lat' dir='ltr'><strong>uxores</strong></span> <span class='ocrx_word' id='word_1_85' title='bbox 2535 1486 2920 1552; x_wconf 89' lang='lat' dir='ltr'><strong>ducendas.</strong></span> 
     </span>
    </p>

    <p class='ocr_par' dir='ltr' id='par_1_3' title="bbox 707 1592 3203 4339">
     <span class='ocr_line' id='line_1_11' title="bbox 856 1592 3199 1674; baseline 0 -17"><span class='ocrx_word' id='word_1_86' title='bbox 856 1592 1034 1657; x_wconf 87' lang='grc'>1088.</span> <span class='ocrx_word' id='word_1_87' title='bbox 1121 1593 1392 1657; x_wconf 81' lang='lat' dir='ltr'><strong>Eodem</strong></span> <span class='ocrx_word' id='word_1_88' title='bbox 1449 1593 1594 1673; x_wconf 88' lang='lat' dir='ltr'><strong>die,</strong></span> <span class='ocrx_word' id='word_1_89' title='bbox 1655 1593 1748 1657; x_wconf 92' lang='lat' dir='ltr'><strong>ad</strong></span> <span class='ocrx_word' id='word_1_90' title='bbox 1804 1610 2171 1657; x_wconf 87' lang='lat' dir='ltr'><strong>carcerem</strong></span> <span class='ocrx_word' id='word_1_91' title='bbox 2225 1609 2565 1674; x_wconf 82' lang='lat' dir='ltr'><strong>pergenS,</strong></span> <span class='ocrx_word' id='word_1_92' title='bbox 2628 1594 3199 1658; x_wconf 88' lang='lat' dir='ltr'><strong>exhortationem</strong></span> 
     </span>
     <span class='ocr_line' id='line_1_12' title="bbox 730 1701 3199 1783; baseline 0 -18"><span class='ocrx_word' id='word_1_93' title='bbox 730 1702 919 1783; x_wconf 90' lang='lat' dir='ltr'><strong>apud</strong></span> <span class='ocrx_word' id='word_1_94' title='bbox 947 1701 1272 1765; x_wconf 90' lang='lat' dir='ltr'><strong>homines</strong></span> <span class='ocrx_word' id='word_1_95' title='bbox 1309 1701 1468 1764; x_wconf 91' lang='lat' dir='ltr'><strong>illos</strong></span> <span class='ocrx_word' id='word_1_96' title='bbox 1509 1701 1789 1779; x_wconf 88' lang='lat' dir='ltr'><strong>habuit,</strong></span> <span class='ocrx_word' id='word_1_97' title='bbox 1832 1718 2057 1782; x_wconf 63' lang='lat' dir='ltr'><strong>quam,</strong></span> <span class='ocrx_word' id='word_1_98' title='bbox 2091 1717 2489 1780; x_wconf 89' lang='lat' dir='ltr'><strong>congruere</strong></span> <span class='ocrx_word' id='word_1_99' title='bbox 2534 1701 2801 1765; x_wconf 89' lang='lat' dir='ltr'><strong>eisdem</strong></span> <span class='ocrx_word' id='word_1_100' title='bbox 2841 1701 3199 1765; x_wconf 87' lang='lat' dir='ltr'><strong>existima-</strong></span> 
     </span>
     <span class='ocr_line' id='line_1_13' title="bbox 729 1807 3197 1888; baseline 0 -16"><span class='ocrx_word' id='word_1_101' title='bbox 729 1810 872 1888; x_wconf 82' lang='lat' dir='ltr'><strong>bat3</strong></span> <span class='ocrx_word' id='word_1_102' title='bbox 906 1818 976 1871; x_wconf 92' lang='lat' dir='ltr'><strong>et</strong></span> <span class='ocrx_word' id='word_1_103' title='bbox 1005 1809 1185 1871; x_wconf 91' lang='lat' dir='ltr'><strong>inter</strong></span> <span class='ocrx_word' id='word_1_104' title='bbox 1217 1817 1564 1884; x_wconf 90' lang='lat' dir='ltr'><strong>caeteros,</strong></span> <span class='ocrx_word' id='word_1_105' title='bbox 1599 1808 1722 1888; x_wconf 92' lang='lat' dir='ltr'><strong>qui</strong></span> <span class='ocrx_word' id='word_1_106' title='bbox 1749 1807 2315 1871; x_wconf 87' lang='lat' dir='ltr'><strong>emendationem</strong></span> <span class='ocrx_word' id='word_1_107' title='bbox 2344 1809 2536 1870; x_wconf 88' lang='lat' dir='ltr'><strong>vitae</strong></span> <span class='ocrx_word' id='word_1_108' title='bbox 2561 1809 3057 1888; x_wconf 89' lang='lat' dir='ltr'><strong>promiserunt,</strong></span> <span class='ocrx_word' id='word_1_109' title='bbox 3083 1809 3197 1872; x_wconf 90' lang='lat' dir='ltr'><strong>vir</strong></span> 
     </span>
     <span class='ocr_line' id='line_1_14' title="bbox 727 1914 3196 2002; baseline -0.001 -22"><span class='ocrx_word' id='word_1_110' title='bbox 727 1916 1017 1998; x_wconf 89' lang='lat' dir='ltr'><strong>quidam</strong></span> <span class='ocrx_word' id='word_1_111' title='bbox 1045 1915 1302 1978; x_wconf 87' lang='lat' dir='ltr'><strong>nobilis</strong></span> <span class='ocrx_word' id='word_1_112' title='bbox 1329 1914 1492 1994; x_wconf 89' lang='lat' dir='ltr'><strong>fuit,</strong></span> <span class='ocrx_word' id='word_1_113' title='bbox 1526 1915 1648 1995; x_wconf 90' lang='lat' dir='ltr'><strong>qui</strong></span> <span class='ocrx_word' id='word_1_114' title='bbox 1675 1915 1982 1995; x_wconf 88' lang='lat' dir='ltr'><strong>pessime</strong></span> <span class='ocrx_word' id='word_1_115' title='bbox 2012 1922 2083 1978; x_wconf 93' lang='lat' dir='ltr'><strong>et</strong></span> <span class='ocrx_word' id='word_1_116' title='bbox 2108 1914 2539 2002; x_wconf 83' lang='lat' dir='ltr'><strong>gravissime</strong></span> <span class='ocrx_word' id='word_1_117' title='bbox 2566 1915 3059 1995; x_wconf 86' lang='lat' dir='ltr'><strong>blasphemare</strong></span> <span class='ocrx_word' id='word_1_118' title='bbox 3086 1933 3196 1978; x_wconf 91' lang='lat' dir='ltr'><strong>so-</strong></span> 
     </span>
     <span class='ocr_line' id='line_1_15' title="bbox 725 2011 3203 2104; baseline -0.001 -16"><span class='ocrx_word' id='word_1_119' title='bbox 725 2025 893 2088; x_wconf 89' lang='lat' dir='ltr'><strong>litus</strong></span> <span class='ocrx_word' id='word_1_120' title='bbox 922 2034 1108 2102; x_wconf 89' lang='lat' dir='ltr'><strong>erat,</strong></span> <span class='ocrx_word' id='word_1_121' title='bbox 1142 2011 1278 2085; x_wconf 78' lang='lat' dir='ltr'><strong>sed&#39;</strong></span> <span class='ocrx_word' id='word_1_122' title='bbox 1297 2022 1864 2087; x_wconf 88' lang='lat' dir='ltr'><strong>emendationem</strong></span> <span class='ocrx_word' id='word_1_123' title='bbox 1904 2022 1979 2088; x_wconf 89' lang='lat' dir='ltr'><strong>in</strong></span> <span class='ocrx_word' id='word_1_124' title='bbox 2006 2033 2371 2104; x_wconf 88' lang='lat' dir='ltr'><strong>posterum</strong></span> <span class='ocrx_word' id='word_1_125' title='bbox 2412 2023 2768 2102; x_wconf 90' lang='lat' dir='ltr'><strong>promisit;</strong></span> <span class='ocrx_word' id='word_1_126' title='bbox 2811 2033 2881 2085; x_wconf 92' lang='lat' dir='ltr'><strong>et</strong></span> <span class='ocrx_word' id='word_1_127' title='bbox 2910 2039 3072 2086; x_wconf 89' lang='lat' dir='ltr'><strong>cum</strong></span> <span class='ocrx_word' id='word_1_128' title='bbox 3103 2040 3203 2087; x_wconf 75' lang='lat' dir='ltr'><strong>ex</strong></span> 
     </span>
     <span class='ocr_line' id='line_1_16' title="bbox 725 2127 3195 2211; baseline -0.001 -17"><span class='ocrx_word' id='word_1_129' title='bbox 725 2131 864 2194; x_wconf 92' lang='lat' dir='ltr'><strong>hoc</strong></span> <span class='ocrx_word' id='word_1_130' title='bbox 899 2130 1126 2195; x_wconf 91' lang='lat' dir='ltr'><strong>abusu</strong></span> <span class='ocrx_word' id='word_1_131' title='bbox 1149 2129 1627 2193; x_wconf 88' lang='lat' dir='ltr'><strong>irreverenter</strong></span> <span class='ocrx_word' id='word_1_132' title='bbox 1657 2130 2047 2211; x_wconf 88' lang='lat' dir='ltr'><strong>usurpandi</strong></span> <span class='ocrx_word' id='word_1_133' title='bbox 2070 2127 2205 2192; x_wconf 91' lang='lat' dir='ltr'><strong>Dei</strong></span> <span class='ocrx_word' id='word_1_134' title='bbox 2236 2147 2494 2192; x_wconf 90' lang='lat' dir='ltr'><strong>nomen</strong></span> <span class='ocrx_word' id='word_1_135' title='bbox 2520 2146 2821 2210; x_wconf 89' lang='lat' dir='ltr'><strong>magnas</strong></span> <span class='ocrx_word' id='word_1_136' title='bbox 2850 2130 3072 2210; x_wconf 91' lang='lat' dir='ltr'><strong>ipsius</strong></span> <span class='ocrx_word' id='word_1_137' title='bbox 3095 2130 3195 2192; x_wconf 89' lang='lat' dir='ltr'><strong>of-</strong></span> 
     </span>
     <span class='ocr_line' id='line_1_17' title="bbox 727 2236 3195 2317; baseline 0 -17"><span class='ocrx_word' id='word_1_138' title='bbox 727 2237 969 2302; x_wconf 89' lang='lat' dir='ltr'><strong>fensas</strong></span> <span class='ocrx_word' id='word_1_139' title='bbox 989 2246 1070 2300; x_wconf 74' lang='lat' dir='ltr'><strong>&#39;et</strong></span> <span class='ocrx_word' id='word_1_140' title='bbox 1098 2237 1497 2300; x_wconf 88' lang='lat' dir='ltr'><strong>animarum</strong></span> <span class='ocrx_word' id='word_1_141' title='bbox 1528 2236 1953 2299; x_wconf 89' lang='lat' dir='ltr'><strong>detrimenta</strong></span> <span class='ocrx_word' id='word_1_142' title='bbox 1983 2237 2291 2316; x_wconf 87' lang='lat' dir='ltr'><strong>insignia</strong></span> <span class='ocrx_word' id='word_1_143' title='bbox 2322 2254 2405 2299; x_wconf 89' lang='lat' dir='ltr'><strong>ea</strong></span> <span class='ocrx_word' id='word_1_144' title='bbox 2437 2237 2509 2299; x_wconf 91' lang='lat' dir='ltr'><strong>in</strong></span> <span class='ocrx_word' id='word_1_145' title='bbox 2539 2236 2829 2300; x_wconf 90' lang='lat' dir='ltr'><strong>civitate</strong></span> <span class='ocrx_word' id='word_1_146' title='bbox 2858 2238 3195 2317; x_wconf 90' lang='lat' dir='ltr'><strong>consequi</strong></span> 
     </span>
     <span class='ocr_line' id='line_1_18' title="bbox 727 2341 3192 2426; baseline -0 -19"><span class='ocrx_word' id='word_1_147' title='bbox 727 2344 1036 2423; x_wconf 87' lang='lat' dir='ltr'><strong>videret,</strong></span> <span class='ocrx_word' id='word_1_148' title='bbox 1070 2343 1727 2407; x_wconf 84' lang='lat' dir='ltr'><strong>confraternitatem</strong></span> <span class='ocrx_word' id='word_1_149' title='bbox 1757 2344 2067 2407; x_wconf 90' lang='lat' dir='ltr'><strong>nominis</strong></span> <span class='ocrx_word' id='word_1_150' title='bbox 2102 2341 2321 2426; x_wconf 91' lang='lat' dir='ltr'>JESU</span> <span class='ocrx_word' id='word_1_151' title='bbox 2360 2344 2451 2407; x_wconf 90' lang='lat' dir='ltr'><strong>ad</strong></span> <span class='ocrx_word' id='word_1_152' title='bbox 2474 2342 3038 2423; x_wconf 85' lang='lat' dir='ltr'><strong>juramentorum</strong></span> <span class='ocrx_word' id='word_1_153' title='bbox 3076 2345 3192 2407; x_wconf 91' lang='lat' dir='ltr'><strong>eli·</strong></span> 
     </span>
     <span class='ocr_line' id='line_1_19' title="bbox 727 2435 3186 2540; baseline -0 -25"><span class='ocrx_word' id='word_1_154' title='bbox 727 2435 1188 2516; x_wconf 86' lang='lat' dir='ltr'><strong>minationem</strong></span> <span class='ocrx_word' id='word_1_155' title='bbox 1219 2450 1542 2530; x_wconf 86' lang='lat' dir='ltr'><strong>instituit,</strong></span> <span class='ocrx_word' id='word_1_156' title='bbox 1579 2460 1644 2514; x_wconf 93' lang='lat' dir='ltr'><strong>et</strong></span> <span class='ocrx_word' id='word_1_157' title='bbox 1675 2451 1748 2513; x_wconf 91' lang='lat' dir='ltr'><strong>in</strong></span> <span class='ocrx_word' id='word_1_158' title='bbox 1769 2451 2026 2514; x_wconf 90' lang='lat' dir='ltr'><strong>librum</strong></span> <span class='ocrx_word' id='word_1_159' title='bbox 2052 2451 2281 2540; x_wconf 85' lang='lat' dir='ltr'><strong>redigi</strong></span> <span class='ocrx_word' id='word_1_160' title='bbox 2303 2451 2581 2513; x_wconf 89' lang='lat' dir='ltr'><strong>curavit</strong></span> <span class='ocrx_word' id='word_1_161' title='bbox 2604 2451 2894 2514; x_wconf 89' lang='lat' dir='ltr'><strong>nomina</strong></span> <span class='ocrx_word' id='word_1_162' title='bbox 2918 2468 3186 2532; x_wconf 90' lang='lat' dir='ltr'><strong>eorum,</strong></span> 
     </span>
     <span class='ocr_line' id='line_1_20' title="bbox 725 2557 3193 2640; baseline -0 -17"><span class='ocrx_word' id='word_1_163' title='bbox 725 2560 846 2640; x_wconf 92' lang='lat' dir='ltr'><strong>qui</strong></span> <span class='ocrx_word' id='word_1_164' title='bbox 889 2558 1547 2622; x_wconf 87' lang='lat' dir='ltr'><strong>confraternitatem</strong></span> <span class='ocrx_word' id='word_1_165' title='bbox 1593 2558 1780 2620; x_wconf 88' lang='lat' dir='ltr'><strong>hanc</strong></span> <span class='ocrx_word' id='word_1_166' title='bbox 1821 2558 2392 2637; x_wconf 85' lang='lat' dir='ltr'><strong>ingrederentur:</strong></span> <span class='ocrx_word' id='word_1_167' title='bbox 2449 2557 2520 2620; x_wconf 90' lang='lat' dir='ltr'><strong>in</strong></span> <span class='ocrx_word' id='word_1_168' title='bbox 2552 2558 2789 2620; x_wconf 87' lang='lat' dir='ltr'><strong>tabula</strong></span> <span class='ocrx_word' id='word_1_169' title='bbox 2815 2557 3193 2638; x_wconf 62' lang='lat' dir='ltr'><strong>&gt;descripta</strong></span> 
     </span>
     <span class='ocr_line' id='line_1_21' title="bbox 723 2664 3195 2747; baseline -0 -17"><span class='ocrx_word' id='word_1_170' title='bbox 723 2675 928 2731; x_wconf 89' lang='lat' dir='ltr'><strong>erant</strong></span> <span class='ocrx_word' id='word_1_171' title='bbox 964 2665 1364 2747; x_wconf 86' lang='lat' dir='ltr'><strong>juramenta</strong></span> <span class='ocrx_word' id='word_1_172' title='bbox 1409 2665 1778 2740; x_wconf 87' lang='lat' dir='ltr'><strong>evitanda,</strong></span> <span class='ocrx_word' id='word_1_173' title='bbox 1833 2673 1903 2727; x_wconf 93' lang='lat' dir='ltr'><strong>et</strong></span> <span class='ocrx_word' id='word_1_174' title='bbox 1948 2681 2180 2744; x_wconf 90' lang='lat' dir='ltr'><strong>poena</strong></span> <span class='ocrx_word' id='word_1_175' title='bbox 2231 2664 2644 2744; x_wconf 85' lang='lat' dir='ltr'><strong>pecuniaria</strong></span> <span class='ocrx_word' id='word_1_176' title='bbox 2694 2665 2808 2726; x_wconf 89' lang='lat' dir='ltr'><strong>vel</strong></span> <span class='ocrx_word' id='word_1_177' title='bbox 2858 2665 3061 2744; x_wconf 89' lang='lat' dir='ltr'><strong>aliae,</strong></span> <span class='ocrx_word' id='word_1_178' title='bbox 3116 2667 3195 2729; x_wconf 87' lang='lat' dir='ltr'><strong>in</strong></span> 
     </span>
     <span class='ocr_line' id='line_1_22' title="bbox 723 2769 3187 2856; baseline 0 -19"><span class='ocrx_word' id='word_1_179' title='bbox 723 2791 903 2856; x_wconf 86' lang='lat' dir='ltr'><strong>quas</strong></span> <span class='ocrx_word' id='word_1_180' title='bbox 931 2772 1389 2837; x_wconf 88' lang='lat' dir='ltr'><strong>incurrebant</strong></span> <span class='ocrx_word' id='word_1_181' title='bbox 1420 2773 1540 2852; x_wconf 92' lang='lat' dir='ltr'><strong>qui</strong></span> <span class='ocrx_word' id='word_1_182' title='bbox 1564 2769 1947 2850; x_wconf 87' lang='lat' dir='ltr'><strong>jurassent,</strong></span> <span class='ocrx_word' id='word_1_183' title='bbox 1982 2780 2052 2834; x_wconf 90' lang='lat' dir='ltr'><strong>et</strong></span> <span class='ocrx_word' id='word_1_184' title='bbox 2081 2771 2154 2833; x_wconf 91' lang='lat' dir='ltr'><strong>in</strong></span> <span class='ocrx_word' id='word_1_185' title='bbox 2184 2771 2483 2850; x_wconf 90' lang='lat' dir='ltr'><strong>singulis</strong></span> <span class='ocrx_word' id='word_1_186' title='bbox 2512 2771 2871 2850; x_wconf 88' lang='lat' dir='ltr'><strong>parochiis</strong></span> <span class='ocrx_word' id='word_1_187' title='bbox 2899 2782 2969 2835; x_wconf 93' lang='lat' dir='ltr'><strong>et</strong></span> <span class='ocrx_word' id='word_1_188' title='bbox 2998 2782 3187 2838; x_wconf 90' lang='lat' dir='ltr'><strong>cata·</strong></span> 
     </span>
     <span class='ocr_line' id='line_1_23' title="bbox 720 2875 3188 2960; baseline -0 -16"><span class='ocrx_word' id='word_1_189' title='bbox 720 2882 929 2960; x_wconf 90' lang='lat' dir='ltr'><strong>logus</strong></span> <span class='ocrx_word' id='word_1_190' title='bbox 959 2879 1354 2943; x_wconf 88' lang='lat' dir='ltr'><strong>habebatur</strong></span> <span class='ocrx_word' id='word_1_191' title='bbox 1383 2877 1785 2959; x_wconf 89' lang='lat' dir='ltr'><strong>hujusmodi</strong></span> <span class='ocrx_word' id='word_1_192' title='bbox 1827 2877 2264 2941; x_wconf 89' lang='lat' dir='ltr'><strong>confratrum</strong></span> <span class='ocrx_word' id='word_1_193' title='bbox 2304 2875 2619 2956; x_wconf 90' lang='lat' dir='ltr'><strong>ejusdem</strong></span> <span class='ocrx_word' id='word_1_194' title='bbox 2646 2878 3069 2958; x_wconf 89' lang='lat' dir='ltr'><strong>parochiae,</strong></span> <span class='ocrx_word' id='word_1_195' title='bbox 3118 2889 3188 2943; x_wconf 92' lang='lat' dir='ltr'><strong>et</strong></span> 
     </span>
     <span class='ocr_line' id='line_1_24' title="bbox 720 2983 3183 3069; baseline -0 -18"><span class='ocrx_word' id='word_1_196' title='bbox 720 2988 1015 3069; x_wconf 89' lang='lat' dir='ltr'><strong>capsula</strong></span> <span class='ocrx_word' id='word_1_197' title='bbox 1045 2987 1119 3051; x_wconf 89' lang='lat' dir='ltr'><strong>in</strong></span> <span class='ocrx_word' id='word_1_198' title='bbox 1159 3003 1374 3066; x_wconf 90' lang='lat' dir='ltr'><strong>quam</strong></span> <span class='ocrx_word' id='word_1_199' title='bbox 1417 2983 1851 3050; x_wconf 89' lang='lat' dir='ltr'><strong>inferebatur</strong></span> <span class='ocrx_word' id='word_1_200' title='bbox 1889 2985 2191 3066; x_wconf 90' lang='lat' dir='ltr'><strong>pecunia</strong></span> <span class='ocrx_word' id='word_1_201' title='bbox 2219 2993 2508 3065; x_wconf 91' lang='lat' dir='ltr'><strong>propter</strong></span> <span class='ocrx_word' id='word_1_202' title='bbox 2546 2986 2879 3049; x_wconf 88' lang='lat' dir='ltr'><strong>mulctam</strong></span> <span class='ocrx_word' id='word_1_203' title='bbox 2910 2987 3183 3050; x_wconf 88' lang='lat' dir='ltr'><strong>solven-</strong></span> 
     </span>
     <span class='ocr_line' id='line_1_25' title="bbox 718 3091 3195 3173; baseline -0.001 -14"><span class='ocrx_word' id='word_1_204' title='bbox 718 3095 831 3170; x_wconf 90' lang='lat' dir='ltr'><strong>da;</strong></span> <span class='ocrx_word' id='word_1_205' title='bbox 888 3103 958 3158; x_wconf 94' lang='lat' dir='ltr'><strong>et</strong></span> <span class='ocrx_word' id='word_1_206' title='bbox 1009 3111 1170 3158; x_wconf 90' lang='lat' dir='ltr'><strong>cum</strong></span> <span class='ocrx_word' id='word_1_207' title='bbox 1218 3110 1361 3156; x_wconf 88' lang='lat' dir='ltr'><strong>una</strong></span> <span class='ocrx_word' id='word_1_208' title='bbox 1405 3102 1649 3172; x_wconf 89' lang='lat' dir='ltr'><strong>aperta</strong></span> <span class='ocrx_word' id='word_1_209' title='bbox 1696 3091 1965 3170; x_wconf 86' lang='lat' dir='ltr'><strong>fuisset,</strong></span> <span class='ocrx_word' id='word_1_210' title='bbox 2000 3092 2493 3171; x_wconf 87' lang='lat' dir='ltr'><strong>septingentae</strong></span> <span class='ocrx_word' id='word_1_211' title='bbox 2524 3103 2594 3155; x_wconf 93' lang='lat' dir='ltr'><strong>et</strong></span> <span class='ocrx_word' id='word_1_212' title='bbox 2623 3092 3195 3173; x_wconf 76' lang='lat' dir='ltr'><strong>qulnquagintae·</strong></span> 
     </span>
     <span class='ocr_line' id='line_1_26' title="bbox 716 3195 3182 3281; baseline -0.002 -15"><span class='ocrx_word' id='word_1_213' title='bbox 716 3205 1027 3266; x_wconf 88' lang='lat' dir='ltr'><strong>mulctae</strong></span> <span class='ocrx_word' id='word_1_214' title='bbox 1058 3199 1454 3281; x_wconf 87' lang='lat' dir='ltr'><strong>hujusmodi</strong></span> <span class='ocrx_word' id='word_1_215' title='bbox 1486 3199 1644 3280; x_wconf 90' lang='lat' dir='ltr'><strong>plus</strong></span> <span class='ocrx_word' id='word_1_216' title='bbox 1672 3199 1907 3262; x_wconf 89' lang='lat' dir='ltr'><strong>minus</strong></span> <span class='ocrx_word' id='word_1_217' title='bbox 1939 3195 2289 3279; x_wconf 90' lang='lat' dir='ltr'><strong>[repertae</strong></span> <span class='ocrx_word' id='word_1_218' title='bbox 2319 3195 2531 3278; x_wconf 89' lang='lat' dir='ltr'><strong>sunt];</strong></span> <span class='ocrx_word' id='word_1_219' title='bbox 2568 3208 2637 3261; x_wconf 90' lang='lat' dir='ltr'><strong>et</strong></span> <span class='ocrx_word' id='word_1_220' title='bbox 2662 3199 2780 3261; x_wconf 89' lang='lat' dir='ltr'><strong>alii</strong></span> <span class='ocrx_word' id='word_1_221' title='bbox 2803 3199 3005 3278; x_wconf 76' lang='lat' dir='ltr'><strong>alios,</strong></span> <span class='ocrx_word' id='word_1_222' title='bbox 3040 3218 3182 3262; x_wconf 89' lang='lat' dir='ltr'><strong>mo·</strong></span> 
     </span>
     <span class='ocr_line' id='line_1_27' title="bbox 717 3303 3196 3386; baseline -0.001 -14"><span class='ocrx_word' id='word_1_223' title='bbox 717 3310 916 3373; x_wconf 91' lang='lat' dir='ltr'><strong>deste</strong></span> <span class='ocrx_word' id='word_1_224' title='bbox 969 3317 1232 3386; x_wconf 89' lang='lat' dir='ltr'><strong>tamen,</strong></span> <span class='ocrx_word' id='word_1_225' title='bbox 1285 3322 1630 3370; x_wconf 89' lang='lat' dir='ltr'><strong>accusare</strong></span> <span class='ocrx_word' id='word_1_226' title='bbox 1678 3304 2051 3384; x_wconf 89' lang='lat' dir='ltr'><strong>debebant;</strong></span> <span class='ocrx_word' id='word_1_227' title='bbox 2107 3303 2296 3385; x_wconf 90' lang='lat' dir='ltr'><strong>quod</strong></span> <span class='ocrx_word' id='word_1_228' title='bbox 2345 3304 2556 3367; x_wconf 91' lang='lat' dir='ltr'><strong>fiebat</strong></span> <span class='ocrx_word' id='word_1_229' title='bbox 2606 3305 2894 3368; x_wconf 92' lang='lat' dir='ltr'><strong>eosdem</strong></span> <span class='ocrx_word' id='word_1_230' title='bbox 2941 3305 3196 3370; x_wconf 87' lang='lat' dir='ltr'><strong>admo--</strong></span> 
     </span>
     <span class='ocr_line' id='line_1_28' title="bbox 715 3411 3181 3496; baseline -0.002 -15"><span class='ocrx_word' id='word_1_231' title='bbox 715 3417 949 3482; x_wconf 91' lang='lat' dir='ltr'><strong>nendo</strong></span> <span class='ocrx_word' id='word_1_232' title='bbox 980 3415 1170 3496; x_wconf 90' lang='lat' dir='ltr'><strong>quod</strong></span> <span class='ocrx_word' id='word_1_233' title='bbox 1193 3413 1584 3494; x_wconf 76' lang='lat' dir='ltr'><strong>Jurassent;</strong></span> <span class='ocrx_word' id='word_1_234' title='bbox 1620 3412 1682 3475; x_wconf 91' lang='lat' dir='ltr'><strong>si</strong></span> <span class='ocrx_word' id='word_1_235' title='bbox 1704 3429 1848 3474; x_wconf 92' lang='lat' dir='ltr'><strong>non</strong></span> <span class='ocrx_word' id='word_1_236' title='bbox 1877 3411 1950 3474; x_wconf 91' lang='lat' dir='ltr'><strong>id</strong></span> <span class='ocrx_word' id='word_1_237' title='bbox 1974 3411 2428 3491; x_wconf 89' lang='lat' dir='ltr'><strong>suggerebat,</strong></span> <span class='ocrx_word' id='word_1_238' title='bbox 2459 3412 2783 3494; x_wconf 86' lang='lat' dir='ltr'><strong>eamdem</strong></span> <span class='ocrx_word' id='word_1_239' title='bbox 2806 3414 3181 3492; x_wconf 89' lang='lat' dir='ltr'><strong>pecuniam</strong></span> 
     </span>
     <span class='ocr_line' id='line_1_29' title="bbox 717 3517 3175 3606; baseline -0.002 -17"><span class='ocrx_word' id='word_1_240' title='bbox 717 3527 868 3606; x_wconf 90' lang='lat' dir='ltr'><strong>ipse</strong></span> <span class='ocrx_word' id='word_1_241' title='bbox 898 3523 1208 3587; x_wconf 90' lang='lat' dir='ltr'><strong>subibat:</strong></span> <span class='ocrx_word' id='word_1_242' title='bbox 1241 3521 1358 3584; x_wconf 92' lang='lat' dir='ltr'><strong>ubi</strong></span> <span class='ocrx_word' id='word_1_243' title='bbox 1389 3519 1925 3600; x_wconf 87' lang='lat' dir='ltr'><strong>copiosissimus</strong></span> <span class='ocrx_word' id='word_1_244' title='bbox 1953 3517 2229 3581; x_wconf 89' lang='lat' dir='ltr'><strong>fructus</strong></span> <span class='ocrx_word' id='word_1_245' title='bbox 2259 3518 2499 3580; x_wconf 87' lang='lat' dir='ltr'><strong>statim</strong></span> <span class='ocrx_word' id='word_1_246' title='bbox 2530 3518 2605 3580; x_wconf 91' lang='lat' dir='ltr'><strong>in</strong></span> <span class='ocrx_word' id='word_1_247' title='bbox 2642 3535 2728 3581; x_wconf 89' lang='lat' dir='ltr'><strong>ea</strong></span> <span class='ocrx_word' id='word_1_248' title='bbox 2757 3520 2932 3582; x_wconf 92' lang='lat' dir='ltr'><strong>urbe</strong></span> <span class='ocrx_word' id='word_1_249' title='bbox 2962 3530 3030 3583; x_wconf 90' lang='lat' dir='ltr'><strong>et</strong></span> <span class='ocrx_word' id='word_1_250' title='bbox 3058 3537 3175 3584; x_wconf 85' lang='lat' dir='ltr'><strong>ex·</strong></span> 
     </span>
     <span class='ocr_line' id='line_1_30' title="bbox 714 3623 3175 3709; baseline -0.002 -13"><span class='ocrx_word' id='word_1_251' title='bbox 714 3643 826 3696; x_wconf 89' lang='lat' dir='ltr'><strong>tra</strong></span> <span class='ocrx_word' id='word_1_252' title='bbox 875 3632 1067 3694; x_wconf 88' lang='lat' dir='ltr'><strong>illam</strong></span> <span class='ocrx_word' id='word_1_253' title='bbox 1107 3639 1445 3709; x_wconf 90' lang='lat' dir='ltr'><strong>sequutus</strong></span> <span class='ocrx_word' id='word_1_254' title='bbox 1487 3639 1618 3692; x_wconf 91' lang='lat' dir='ltr'><strong>est.</strong></span> <span class='ocrx_word' id='word_1_255' title='bbox 1661 3625 1839 3690; x_wconf 91' lang='lat' dir='ltr'><strong>Cum</strong></span> <span class='ocrx_word' id='word_1_256' title='bbox 1876 3626 2063 3689; x_wconf 89' lang='lat' dir='ltr'><strong>enim</strong></span> <span class='ocrx_word' id='word_1_257' title='bbox 2104 3626 2220 3688; x_wconf 90' lang='lat' dir='ltr'><strong>vel</strong></span> <span class='ocrx_word' id='word_1_258' title='bbox 2257 3625 2459 3704; x_wconf 90' lang='lat' dir='ltr'><strong>pueri</strong></span> <span class='ocrx_word' id='word_1_259' title='bbox 2504 3623 2924 3705; x_wconf 88' lang='lat' dir='ltr'><strong>juramentis</strong></span> <span class='ocrx_word' id='word_1_260' title='bbox 2962 3627 3175 3690; x_wconf 89' lang='lat' dir='ltr'><strong>etiam</strong></span> 
     </span>
     <span class='ocr_line' id='line_1_31' title="bbox 714 3731 3173 3813; baseline -0.002 -10"><span class='ocrx_word' id='word_1_261' title='bbox 714 3737 1092 3802; x_wconf 90' lang='lat' dir='ltr'><strong>horrendis</strong></span> <span class='ocrx_word' id='word_1_262' title='bbox 1121 3735 1386 3799; x_wconf 91' lang='lat' dir='ltr'><strong>assueti</strong></span> <span class='ocrx_word' id='word_1_263' title='bbox 1415 3744 1684 3813; x_wconf 90' lang='lat' dir='ltr'><strong>essent,</strong></span> <span class='ocrx_word' id='word_1_264' title='bbox 1720 3751 1861 3797; x_wconf 90' lang='lat' dir='ltr'><strong>non</strong></span> <span class='ocrx_word' id='word_1_265' title='bbox 1892 3733 1991 3796; x_wconf 89' lang='lat' dir='ltr'><strong>illi</strong></span> <span class='ocrx_word' id='word_1_266' title='bbox 2020 3733 2285 3810; x_wconf 89' lang='lat' dir='ltr'><strong>solum,</strong></span> <span class='ocrx_word' id='word_1_267' title='bbox 2319 3731 2444 3794; x_wconf 91' lang='lat' dir='ltr'><strong>sed</strong></span> <span class='ocrx_word' id='word_1_268' title='bbox 2473 3742 2542 3795; x_wconf 93' lang='lat' dir='ltr'><strong>et</strong></span> <span class='ocrx_word' id='word_1_269' title='bbox 2572 3733 2709 3794; x_wconf 88' lang='lat' dir='ltr'><strong>viri</strong></span> <span class='ocrx_word' id='word_1_270' title='bbox 2739 3734 2842 3796; x_wconf 91' lang='lat' dir='ltr'><strong>sic</strong></span> <span class='ocrx_word' id='word_1_271' title='bbox 2873 3735 3173 3798; x_wconf 89' lang='lat' dir='ltr'><strong>abstine·</strong></span> 
     </span>
     <span class='ocr_line' id='line_1_32' title="bbox 713 3838 3171 3932; baseline -0.002 -23"><span class='ocrx_word' id='word_1_272' title='bbox 713 3848 916 3923; x_wconf 89' lang='lat' dir='ltr'><strong>bant,</strong></span> <span class='ocrx_word' id='word_1_273' title='bbox 949 3854 1024 3907; x_wconf 91' lang='lat' dir='ltr'><strong>ut</strong></span> <span class='ocrx_word' id='word_1_274' title='bbox 1051 3852 1350 3922; x_wconf 88' lang='lat' dir='ltr'><strong>tantum,</strong></span> <span class='ocrx_word' id='word_1_275' title='bbox 1385 3843 1477 3906; x_wconf 90' lang='lat' dir='ltr'><strong>ad</strong></span> <span class='ocrx_word' id='word_1_276' title='bbox 1506 3840 2020 3918; x_wconf 86' lang='lat' dir='ltr'><strong>affirmandum,</strong></span> <span class='ocrx_word' id='word_1_277' title='bbox 2066 3840 2202 3903; x_wconf 90' lang='lat' dir='ltr'><strong>hoc</strong></span> <span class='ocrx_word' id='word_1_278' title='bbox 2233 3838 2573 3932; x_wconf 80' lang='lat' dir='ltr'><strong>dicerent:</strong></span> <span class='ocrx_word' id='word_1_279' title='bbox 2613 3843 2839 3904; x_wconf 81' lang='lat' dir='ltr'><strong>“certe</strong></span> <span class='ocrx_word' id='word_1_280' title='bbox 2871 3843 2971 3904; x_wconf 92' lang='lat' dir='ltr'><strong>ita</strong></span> <span class='ocrx_word' id='word_1_281' title='bbox 2999 3852 3171 3922; x_wconf 80' lang='lat' dir='ltr'><strong>est„.</strong></span> 
     </span>
     <span class='ocr_line' id='line_1_33' title="bbox 712 3949 3187 4034; baseline -0.002 -16"><span class='ocrx_word' id='word_1_282' title='bbox 712 3953 1026 4018; x_wconf 89' lang='lat' dir='ltr'><strong>Cedebat</strong></span> <span class='ocrx_word' id='word_1_283' title='bbox 1055 3962 1293 4016; x_wconf 88' lang='lat' dir='ltr'><strong>autem</strong></span> <span class='ocrx_word' id='word_1_284' title='bbox 1322 3952 1499 4015; x_wconf 91' lang='lat' dir='ltr'><strong>haec</strong></span> <span class='ocrx_word' id='word_1_285' title='bbox 1527 3949 1830 4032; x_wconf 90' lang='lat' dir='ltr'><strong>pecunia</strong></span> <span class='ocrx_word' id='word_1_286' title='bbox 1862 3949 1935 4011; x_wconf 92' lang='lat' dir='ltr'><strong>in</strong></span> <span class='ocrx_word' id='word_1_287' title='bbox 1964 3966 2355 4034; x_wconf 84' lang='lat' dir='ltr'><strong>pauperum</strong></span> <span class='ocrx_word' id='word_1_288' title='bbox 2386 3969 2589 4015; x_wconf 89' lang='lat' dir='ltr'><strong>usum</strong></span> <span class='ocrx_word' id='word_1_289' title='bbox 2622 3968 2664 4012; x_wconf 89' lang='lat' dir='ltr'><strong>a</strong></span> <span class='ocrx_word' id='word_1_290' title='bbox 2696 3949 3187 4013; x_wconf 90' lang='lat' dir='ltr'><strong>confratribus-</strong></span> 
     </span>
     <span class='ocr_line' id='line_1_34' title="bbox 711 4057 3170 4139; baseline -0 -17"><span class='ocrx_word' id='word_1_291' title='bbox 711 4058 1257 4124; x_wconf 66' lang='lat' dir='ltr'><strong>Mzsericordiae</strong></span> <span class='ocrx_word' id='word_1_292' title='bbox 1280 4057 1788 4139; x_wconf 87' lang='lat' dir='ltr'><strong>dispensanda;</strong></span> <span class='ocrx_word' id='word_1_293' title='bbox 1822 4058 2123 4138; x_wconf 90' lang='lat' dir='ltr'><strong>singulis</strong></span> <span class='ocrx_word' id='word_1_294' title='bbox 2164 4071 2399 4123; x_wconf 89' lang='lat' dir='ltr'><strong>tamen</strong></span> <span class='ocrx_word' id='word_1_295' title='bbox 2444 4059 2653 4122; x_wconf 87' lang='lat' dir='ltr'><strong>annis</strong></span> <span class='ocrx_word' id='word_1_296' title='bbox 2689 4057 3054 4139; x_wconf 90' lang='lat' dir='ltr'><strong>processio</strong></span> <span class='ocrx_word' id='word_1_297' title='bbox 3096 4057 3170 4121; x_wconf 90' lang='lat' dir='ltr'><strong>in</strong></span> 
     </span>
     <span class='ocr_line' id='line_1_35' title="bbox 707 4163 3171 4247; baseline -0.002 -16"><span class='ocrx_word' id='word_1_298' title='bbox 707 4168 1052 4231; x_wconf 89' lang='lat' dir='ltr'><strong>honorem</strong></span> <span class='ocrx_word' id='word_1_299' title='bbox 1107 4165 1416 4230; x_wconf 90' lang='lat' dir='ltr'><strong>nominis</strong></span> <span class='ocrx_word' id='word_1_300' title='bbox 1469 4163 1688 4247; x_wconf 90' lang='lat' dir='ltr'>JESU</span> <span class='ocrx_word' id='word_1_301' title='bbox 1743 4165 1897 4228; x_wconf 90' lang='lat' dir='ltr'><strong>fieri</strong></span> <span class='ocrx_word' id='word_1_302' title='bbox 1944 4164 2245 4229; x_wconf 86' lang='lat' dir='ltr'><strong>debebat</strong></span> <span class='ocrx_word' id='word_1_303' title='bbox 2266 4217 2281 4246; x_wconf 93' lang='lat'><strong>,</strong></span> <span class='ocrx_word' id='word_1_304' title='bbox 2335 4175 2404 4229; x_wconf 91' lang='lat' dir='ltr'><strong>et</strong></span> <span class='ocrx_word' id='word_1_305' title='bbox 2448 4165 2749 4245; x_wconf 89' lang='lat' dir='ltr'><strong>singulis</strong></span> <span class='ocrx_word' id='word_1_306' title='bbox 2799 4163 3171 4228; x_wconf 90' lang='lat' dir='ltr'><strong>dominicis</strong></span> 
     </span>
     <span class='ocr_line' id='line_1_36' title="bbox 707 4271 2384 4339; baseline -0.001 -1"><span class='ocrx_word' id='word_1_307' title='bbox 707 4275 925 4338; x_wconf 90' lang='lat' dir='ltr'><strong>Missa</strong></span> <span class='ocrx_word' id='word_1_308' title='bbox 955 4292 1098 4339; x_wconf 90' lang='lat' dir='ltr'><strong>una</strong></span> <span class='ocrx_word' id='word_1_309' title='bbox 1126 4274 1221 4338; x_wconf 86' lang='lat' dir='ltr'><strong>ad</strong></span> <span class='ocrx_word' id='word_1_310' title='bbox 1248 4273 1792 4335; x_wconf 85' lang='lat' dir='ltr'><strong>hunc&#39;eumdem</strong></span> <span class='ocrx_word' id='word_1_311' title='bbox 1821 4272 2032 4336; x_wconf 91' lang='lat' dir='ltr'><strong>finem</strong></span> <span class='ocrx_word' id='word_1_312' title='bbox 2060 4271 2384 4337; x_wconf 89' lang='lat' dir='ltr'><strong>dicenda.</strong></span> 
     </span>
    </p>

    <p class='ocr_par' dir='ltr' id='par_1_4' title="bbox 701 4377 3167 4784">
     <span class='ocr_line' id='line_1_37' title="bbox 830 4377 3167 4460; baseline -0.001 -16"><span class='ocrx_word' id='word_1_313' title='bbox 830 4379 1006 4445; x_wconf 89' lang='grc'>1089.</span> <span class='ocrx_word' id='word_1_314' title='bbox 1091 4380 1415 4444; x_wconf 89' lang='lat' dir='ltr'><strong>Docebat</strong></span> <span class='ocrx_word' id='word_1_315' title='bbox 1462 4395 1724 4460; x_wconf 89' lang='lat' dir='ltr'><strong>pueros</strong></span> <span class='ocrx_word' id='word_1_316' title='bbox 1771 4377 1846 4442; x_wconf 89' lang='lat' dir='ltr'><strong>P.</strong></span> <span class='ocrx_word' id='word_1_317' title='bbox 1894 4379 2311 4454; x_wconf 87' lang='lat' dir='ltr'><strong>Emmanuel</strong></span> <span class='ocrx_word' id='word_1_318' title='bbox 2354 4380 2599 4444; x_wconf 90' lang='lat' dir='ltr'><strong>decem</strong></span> <span class='ocrx_word' id='word_1_319' title='bbox 2630 4386 3046 4460; x_wconf 89' lang='lat' dir='ltr'><strong>praecepta,</strong></span> <span class='ocrx_word' id='word_1_320' title='bbox 3090 4378 3167 4442; x_wconf 90' lang='lat' dir='ltr'><strong>in</strong></span> 
     </span>
     <span class='ocr_line' id='line_1_38' title="bbox 704 4485 3165 4570; baseline -0.001 -18"><span class='ocrx_word' id='word_1_321' title='bbox 704 4489 1086 4570; x_wconf 88' lang='lat' dir='ltr'><strong>quamdam</strong></span> <span class='ocrx_word' id='word_1_322' title='bbox 1113 4487 1355 4551; x_wconf 88' lang='lat' dir='ltr'><strong>devoti</strong></span> <span class='ocrx_word' id='word_1_323' title='bbox 1385 4497 1642 4551; x_wconf 89' lang='lat' dir='ltr'><strong>cantus</strong></span> <span class='ocrx_word' id='word_1_324' title='bbox 1677 4487 1985 4551; x_wconf 86' lang='lat' dir='ltr'><strong>formam</strong></span> <span class='ocrx_word' id='word_1_325' title='bbox 2012 4487 2339 4567; x_wconf 87' lang='lat' dir='ltr'><strong>redacta,</strong></span> <span class='ocrx_word' id='word_1_326' title='bbox 2374 4485 2573 4566; x_wconf 87' lang='lat' dir='ltr'><strong>cujus</strong></span> <span class='ocrx_word' id='word_1_327' title='bbox 2603 4497 2855 4567; x_wconf 89' lang='lat' dir='ltr'><strong>gustus</strong></span> <span class='ocrx_word' id='word_1_328' title='bbox 2885 4497 3165 4552; x_wconf 87' lang='lat' dir='ltr'><strong>veteres</strong></span> 
     </span>
     <span class='ocr_line' id='line_1_39' title="bbox 701 4594 3165 4677; baseline -0.002 -16"><span class='ocrx_word' id='word_1_329' title='bbox 701 4607 956 4660; x_wconf 89' lang='lat' dir='ltr'><strong>cantus</strong></span> <span class='ocrx_word' id='word_1_330' title='bbox 989 4595 1278 4677; x_wconf 86' lang='lat' dir='ltr'><strong>expulit;</strong></span> <span class='ocrx_word' id='word_1_331' title='bbox 1332 4595 1632 4658; x_wconf 86' lang='lat' dir='ltr'><strong>instituit</strong></span> <span class='ocrx_word' id='word_1_332' title='bbox 1669 4594 1855 4658; x_wconf 90' lang='lat' dir='ltr'><strong>idern</strong></span> <span class='ocrx_word' id='word_1_333' title='bbox 1894 4594 2195 4674; x_wconf 89' lang='lat' dir='ltr'><strong>singulis</strong></span> <span class='ocrx_word' id='word_1_334' title='bbox 2240 4594 2490 4658; x_wconf 91' lang='lat' dir='ltr'><strong>diebus</strong></span> <span class='ocrx_word' id='word_1_335' title='bbox 2532 4595 2847 4674; x_wconf 84' lang='lat' dir='ltr'><strong>veneriS,</strong></span> <span class='ocrx_word' id='word_1_336' title='bbox 2890 4594 2962 4657; x_wconf 92' lang='lat' dir='ltr'><strong>in</strong></span> <span class='ocrx_word' id='word_1_337' title='bbox 3001 4609 3165 4674; x_wconf 87' lang='lat' dir='ltr'><strong>poe·</strong></span> 
     </span>
     <span class='ocr_line' id='line_1_40' title="bbox 703 4699 3165 4784; baseline 0 -19"><span class='ocrx_word' id='word_1_338' title='bbox 703 4703 1069 4768; x_wconf 89' lang='lat' dir='ltr'><strong>nitentiam</strong></span> <span class='ocrx_word' id='word_1_339' title='bbox 1113 4712 1570 4784; x_wconf 89' lang='lat' dir='ltr'><strong>peccatorum</strong></span> <span class='ocrx_word' id='word_1_340' title='bbox 1613 4713 1684 4766; x_wconf 92' lang='lat' dir='ltr'><strong>et</strong></span> <span class='ocrx_word' id='word_1_341' title='bbox 1726 4719 1856 4782; x_wconf 92' lang='lat' dir='ltr'><strong>pro</strong></span> <span class='ocrx_word' id='word_1_342' title='bbox 1902 4699 2225 4764; x_wconf 89' lang='lat' dir='ltr'><strong>Ecclesia</strong></span> <span class='ocrx_word' id='word_1_343' title='bbox 2256 4701 2414 4782; x_wconf 92' lang='lat' dir='ltr'><strong>Dei,</strong></span> <span class='ocrx_word' id='word_1_344' title='bbox 2460 4701 3010 4782; x_wconf 87' lang='lat' dir='ltr'><strong>flagellationem</strong></span> <span class='ocrx_word' id='word_1_345' title='bbox 3042 4717 3165 4782; x_wconf 89' lang='lat' dir='ltr'><strong>pu·</strong></span> 
     </span>
    </p>
   </div>
   <div class='ocr_carea' id='block_1_3' title="bbox 3695 107 3737 2668">
    <p class='ocr_par' dir='ltr' id='par_1_5' title="bbox 3695 107 3737 2668">
     <span class='ocr_line' id='line_1_41' title="bbox 3695 107 3737 2668; baseline 0 0"><span class='ocrx_word' id='word_1_346' title='bbox 3695 107 3737 2668; x_wconf 95' lang='lat' dir='ltr'><strong> </strong></span> 
     </span>
    </p>
   </div>
   <div class='ocr_carea' id='block_1_4' title="bbox 3710 3919 3721 4564">
    <p class='ocr_par' dir='ltr' id='par_1_6' title="bbox 3710 3919 3721 4564">
     <span class='ocr_line' id='line_1_42' title="bbox 3710 3919 3721 4564; baseline 0 0"><span class='ocrx_word' id='word_1_347' title='bbox 3710 3919 3721 4564; x_wconf 95' lang='lat' dir='ltr'><strong> </strong></span> 
     </span>
    </p>
   </div>
  </div>
 </body>
</html>
