3742 5392
1612 510 1736 568 AN.
1781 510 1920 570 1554
2899 513 3007 570 457

647 660 789 721 975.
878 658 1281 736 Praeterea,
1319 672 1479 719 cum
1509 656 1797 736 quidam
1827 656 1919 721 D.
1954 655 2208 719 Petrus
2238 656 2325 719 de
2356 656 2680 735 Castilla,
2718 659 2837 739 qui
2867 658 3001 722 Ro-

532 783 692 854 mae
720 765 810 827 ab
840 765 1324 845 Inquisitionis
1369 764 1597 827 officio
1629 772 1883 844 captus
1922 764 2397 843 detinebatur,
2432 779 2839 845 regressum
2884 768 3004 829 ha-

531 874 730 935 beret
759 870 850 934 ad
879 872 1400 948 canonicatum,
1435 871 1625 951 quod
1654 870 2029 933 Cordubae
2060 870 2136 933 P.
2179 871 2533 934 Antonius
2562 872 2898 953 habebat,
2936 884 3004 937 et

535 988 914 1043 sexcentos
947 994 1208 1041 aureos
1237 978 1598 1057 pensionis
1628 978 1700 1040 in
1731 978 2055 1056 singulos
2084 994 2335 1055 annOS,
2370 978 2509 1041 hac
2540 978 2725 1042 illius
2756 978 2844 1043 D.
2879 980 3003 1043 Pe-

533 1088 629 1151 tri
655 1097 956 1167 captura
985 1096 1054 1149 et
1095 1095 1319 1149 morte
1348 1086 1602 1149 deinde
1639 1085 1864 1165 ipsius
1900 1094 2374 1165 consequente
2405 1086 2731 1150 effectum
2762 1097 2891 1165 est,
2927 1100 3005 1151 ut

537 1197 754 1259 libere
783 1203 1190 1275 permutare
1221 1212 1383 1257 cum
1413 1195 1572 1257 aliis
1600 1192 1946 1257 reditibus
1969 1194 2475 1257 ecclesiasticis
2504 1196 3005 1260 canonicatum

535 1306 732 1369 illum
761 1314 1004 1385 posset
1034 1304 1109 1367 P.
1145 1304 1523 1377 AntoniuS,
1559 1312 1628 1367 et
1659 1303 1759 1365 ita
1799 1302 2347 1366 Salmanticensi
2376 1302 2696 1383 Collegio
2736 1313 2805 1367 et
2837 1304 3004 1369 Cor-

529 1412 830 1475 dubensi
874 1428 1212 1490 magnum
1256 1411 1598 1473 auxilium
1649 1418 1718 1472 et
1766 1410 2028 1473 bonam
2077 1409 2461 1473 dotationis
2504 1419 2779 1490 partem
2830 1412 3003 1475 dare

540 1513 770 1599 potuit
803 1518 847 1579 ¹.

653 1626 794 1689 976.
880 1626 1124 1689 Crevit
1174 1640 1514 1688 numerus
1564 1634 1972 1687 nostrorum
2022 1624 2567 1688 cordubensium
2620 1627 3007 1706 aliquantu-

531 1736 674 1798 lum
727 1735 940 1798 etiam
989 1733 1063 1796 in
1115 1742 1474 1811 autumno,
1537 1732 1662 1795 sed
1720 1741 2027 1812 quatuor
2084 1732 2282 1795 missi
2332 1743 2497 1797 sunt
2546 1734 2620 1795 in
2670 1735 3006 1814 oppidum

537 1842 656 1907 S.ti
687 1843 949 1919 Lucae,
981 1843 1204 1921 vulgo
1229 1840 1380 1903 San
1406 1840 1650 1903 Lucar
1671 1840 1756 1902 de
1778 1840 2239 1903 Barrameda
2260 1840 2319 1919 ²,·
2346 1842 2485 1905 duo
2514 1842 2631 1905 vel
2660 1850 2805 1905 tres
2830 1841 3007 1905 Gra·

432 2030 446 2037 ,
539 1960 750 2015 natae
780 1950 1253 2013 versabantur
1283 1946 1328 2027 ³3
1363 1964 1630 2025 omneS,
1663 1947 1812 2010 fere
1837 1948 2171 2026 triginta,
2198 1950 2644 2029 provinciam
2676 1948 3007 2013 Baeticae

531 2057 1024 2121 conficiebant.
1059 2056 1148 2119 Et
1178 2056 1505 2135 quamvis
1534 2055 1760 2117 nostri
1807 2055 2291 2119 cordubenses
2320 2056 2409 2119 ad
2440 2056 3008 2120 mortificationis

539 2164 850 2229 studium
877 2175 1113 2226 essent
1145 2162 1502 2242 propensi,
1537 2178 1680 2224 non
1709 2169 1949 2224 tamen
1980 2162 2082 2224 eis
2122 2172 2463 2243 quantum
2494 2164 2628 2243 ipsi
2670 2164 3008 2244 optabant

539 2271 1108 2351 permittebatur,
1158 2286 1320 2332 cum
1359 2269 1557 2331 multi
1599 2278 1889 2348 propter
1927 2270 2220 2333 nimium
2262 2280 2536 2333 aestum
2575 2272 2646 2333 in
2686 2272 3010 2335 morbum

539 2379 955 2454 inciderent,
987 2387 1056 2441 et
1087 2386 1324 2440 tamen
1362 2375 1725 2438 laboribus
1761 2376 2004 2439 multis
2034 2374 2419 2439 subeundis
2462 2377 2652 2441 vires
2682 2380 3009 2459 corporis

539 2504 623 2549 ac
653 2487 926 2549 sanitas
956 2486 1472 2566 requirebatur.

657 2594 796 2657 977.
887 2592 1246 2673 Optabant
1297 2599 1536 2654 autem
1577 2590 1990 2654 scholastici
2033 2590 2059 2622 ⁴
2106 2593 2673 2673 philosophicum
2724 2612 3010 2658 cursum

535 2702 710 2782 ipsis
737 2701 1078 2781 praelegi,
1113 2715 1274 2762 cum
1314 2699 1447 2761 sibi
1486 2698 1899 2762 viderentur
1938 2700 2075 2765 hoc
2118 2716 2337 2778 ann0,
2372 2718 2510 2781 quo
2540 2702 2766 2765 nostri
2806 2701 3011 2764 dede-

537 2818 700 2872 rant
749 2824 1066 2888 operam,
1109 2807 1268 2886 plus
1319 2805 1712 2885 profecisse
1750 2822 1966 2886 quam
2005 2806 2232 2869 tribus
2273 2809 2389 2870 vel
2427 2818 2735 2889 quatuor
2778 2809 3006 2887 anniS,

530 2915 792 2995 quibus
821 2914 1020 2994 prius
1063 2913 1319 2976 litteris
1349 2930 1642 2993 operam
1684 2912 2051 2975 dederant.
2086 2912 2329 2977 Nostri
2368 2923 2639 2991 tamen,
2674 2916 2874 2992 licet,
2908 2924 3010 2978 ut-

529 3040 837 3104 cumque
867 3022 958 3084 ab
988 3021 1434 3101 aegritudine
1467 3023 2021 3099 convaluerunt,
2064 3030 2316 3102 coepta
2356 3024 2591 3086 studia
2634 3024 2726 3086 ad
2753 3023 3009 3087 festum

538 3131 707 3196 Divi
736 3128 976 3193 Lucae
1005 3138 1629 3209 prosequerentur,
1665 3146 1809 3191 non
1839 3138 2079 3193 tamen
2109 3130 2639 3210 philosophicas
2668 3132 3014 3193 lectiones

544 3238 986 3301 inchoandas
1017 3244 1470 3315 censuerunt3
1504 3244 1574 3299 et
1605 3236 1920 3314 scholae,
1947 3253 2129 3318 quae
2161 3238 2335 3299 satis
2358 3254 2663 3317 magnae
2686 3239 3018 3318 expensis

625 3554 642 3585 θ
701 3552 808 3597 “He
827 3553 1010 3597 nabide
1032 3562 1130 3607 que
1161 3563 1229 3596 no
1257 3552 1422 3605 pnede
1443 3552 1494 3595 el
1513 3552 1574 3595 P.
1595 3550 1658 3595 D.
1683 3551 1914 3595 Antonio
1935 3551 1999 3595 de
2020 3550 2259 3595 Corduba
2289 3553 2527 3606 resignat
2548 3554 2597 3597 ei
2628 3552 2935 3597 canonicato
2956 3554 3019 3597 de

543 3625 784 3670 cordoba
803 3636 996 3680 pot-que
1021 3624 1158 3668 tiene
1178 3624 1312 3668 dado
1331 3634 1548 3677 regi-eso
1569 3626 1602 3667 a
1622 3623 1735 3667 Don
1756 3623 1925 3667 Pedro
1948 3623 2009 3667 de
2030 3622 2277 3677 cantilla,
2301 3625 2348 3667 el
2368 3626 2487 3669 cual
2502 3657 2513 3678 ,
2535 3636 2737 3679 aunque
2760 3628 2875 3669 esta
2904 3637 3021 3680 pre·

541 3708 602 3742 ao
623 3708 686 3741 en
708 3698 760 3741 la
779 3696 1093 3750 Inquisicion
1113 3708 1149 3751 y
1169 3695 1333 3749 podra
1354 3706 1438 3738 ser
1459 3706 1523 3738 no
1545 3696 1697 3749 §alga
1719 3706 1780 3737 en
1800 3706 1862 3737 su
1883 3695 2031 3747 vida,
2054 3706 2119 3737 no
2140 3696 2209 3738 ha
2230 3695 2343 3738 sido
2374 3695 2595 3748 privado
2616 3696 2677 3739 de
2698 3708 2758 3741 su
2779 3697 3019 3749 derecho,

543 3773 696 3814 antes
715 3769 958 3813 entiendo
972 3778 1070 3823 que
1091 3767 1314 3811 manden
1331 3778 1502 3821 pazzar
1517 3768 1598 3811 las
1615 3768 1891 3821 pensiones
1908 3778 2005 3821 que
2026 3769 2075 3811 le
2092 3768 2272 3811 deben.
2292 3766 2491 3823 Dijome
2508 3770 2556 3811 el
2577 3774 2692 3813 otro
2710 3770 2795 3813 dia
2812 3770 3021 3815 Andres

546 3840 698 3893 Vela,
719 3852 817 3895 que
851 3852 908 3884 es
939 3851 1006 3883 un
1037 3850 1170 3894 gran
1199 3838 1514 3893 negociador
1549 3850 1584 3895 y
1605 3848 1794 3893 agente
1816 3838 1879 3881 de
1912 3840 1965 3882 la
1998 3837 2199 3883 Sefiora
2220 3838 2495 3893 Marquesa
2528 3840 2589 3883 de
2612 3841 2807 3897 Pliego,
2840 3854 2943 3896 que
2974 3842 3021 3885 el

543 3913 683 3956 tiene
705 3912 966 3956 concierto
987 3921 1082 3955 con
1103 3910 1219 3953 Don
1248 3909 1415 3954 Pedro
1435 3911 1498 3953 de
1530 3909 1753 3953 Castilla
1775 3910 1837 3953 de
1867 3922 1967 3963 que
1988 3910 2256 3954 consienta
2278 3914 2310 3954 a
2342 3912 2393 3954 la
2415 3912 2743 3965 resignacion
2776 3926 2840 3957 en
2860 3915 2905 3957 el
2923 3947 2933 3967 ,
2956 3926 3021 3957 no

545 3986 786 4030 obstante
808 3986 858 4027 el
877 3994 1108 4038 regi-eso,
1129 3982 1174 4027 si
1196 3981 1308 4026 Don
1329 3982 1557 4026 Antonio
1577 3982 1755 4035 quiere
1789 3988 2061 4035 permutat·
2082 3994 2175 4027 con
2197 3984 2245 4027 el
2259 4014 2270 4034 .
2291 3996 2327 4039 y
2347 3994 2445 4037 que
2464 3985 2514 4027 le
2536 3983 2666 4027 dara
2686 3996 2809 4042 muy
2827 3986 3023 4029 buenos

546 4054 822 4101 beneficios
841 4055 1054 4109 simples
1069 4059 1098 4099 ό
1119 4058 1413 4109 prestamus
1433 4064 1588 4097 cerea
1609 4054 1672 4097 de
1695 4053 1951 4097 cordoba.
1964 4052 2095 4098 Esto
2115 4066 2211 4109 por
2230 4056 2395 4105 aviso.
2412 4068 2448 4112 y
2464 4066 2657 4109 porque
2675 4057 2857 4110 podria
2874 4058 2939 4099 V.
2960 4058 3021 4101 R.

544 4128 692 4171 darie
723 4128 950 4171 tambien
985 4128 1035 4170 al
1067 4126 1120 4170 Ρ.
1143 4126 1206 4170 D.
1227 4126 1484 4180 Antonio,
1519 4136 1620 4180 que
1658 4125 1844 4169 tendra
1875 4136 1973 4169 con
2002 4127 2051 4168 el
2084 4126 2293 4170 ocasion
2324 4126 2385 4169 de
2415 4136 2483 4169 no
2516 4128 2611 4171 dar
2638 4130 2687 4171 el
2718 4130 3023 4173 canonicato

546 4202 580 4243 a
600 4200 754 4254 quien
771 4200 886 4243 dice
909 4198 972 4244 V.
993 4198 1052 4243 R.
1075 4199 1122 4242 ie
1144 4198 1390 4243 instaban
1409 4208 1544 4252 para
1562 4198 1710 4241 darie
1729 4202 1917 4241 contra
1938 4208 1999 4241 su
2014 4198 2311 4251 velutad...
2332 4200 2604 4247 Polancus.
2622 4210 2689 4241 ex
2707 4211 2856 4255 com„
2878 4200 3022 4245 Patri

549 4270 866 4327 Hieronymo
889 4269 1083 4322 Nadal,
1106 4270 1157 4313 1⁴
1177 4268 1312 4322 Junii
1336 4268 1652 4312 mma-Vide
1673 4268 1832 4311 etiam
1855 4268 2069 4312 Polanci
2098 4269 2309 4313 litteras
2330 4270 2480 4313 Patri
2500 4271 2730 4315 Antonio
2750 4271 2812 4315 de
2835 4270 3027 4315 Cordu-

549 4344 616 4387 ba
637 4342 790 4387 datas
809 4342 863 4387 20
881 4340 1207 4395 Julii.-1tem
1225 4352 1400 4395 supra,
1425 4346 1462 4385 t.
1487 4350 1562 4392 111.
1586 4352 1707 4395 pag.
1727 4340 1825 4395 350,
1848 4350 1897 4383 n.
1920 4340 2017 4394 774,
2041 4348 2093 4384 et
2114 4350 2291 4386 annot.
2316 4342 2353 4385 1.

629 4416 654 4448 ²
705 4414 840 4459 Vide
861 4415 1026 4468 infra,
1047 4424 1098 4459 n.
1129 4414 1228 4459 994.

632 4486 656 4519 ³
711 4486 980 4531 Granatne
1001 4486 1099 4530 hoc
1121 4492 1352 4541 tempore
1375 4486 1730 4529 versabantur
1751 4484 1808 4527 P.
1832 4483 2059 4537 Jacobns
2079 4485 2141 4527 de
2164 4482 2469 4539 Santacruz,
2492 4486 2550 4529 P.
2574 4486 2761 4532 Petrus
2780 4487 2826 4533 N
2831 4499 3025 4532 avari-o

549 4566 602 4603 et
623 4560 791 4603 frater
810 4557 1034 4610 ,Ioannes
1057 4556 1250 4601 Paulus
1269 4559 1396 4611 “que
1417 4563 1662 4601 entonces
1681 4566 1778 4611 por
1797 4567 1886 4600 sus
1918 4556 2343 4610 indisposiciones
2371 4558 2529 4604 habia
2551 4557 2736 4603 venido
2757 4560 2789 4603 a
2811 4570 3025 4604 curarse

549 4642 618 4674 en
636 4642 762 4675 casa
783 4630 844 4673 dc
867 4643 925 4673 su
947 4632 1124 4684 padre,
1149 4631 1325 4675 Anton
1343 4631 1404 4673 de
1424 4630 1590 4683 Jerez.
1610 4628 1923 4683 mercader.„
1946 4628 2194 4673 Historia
2212 4640 2305 4674 ms.
2328 4630 2415 4673 del
2436 4629 2640 4682 Cotegio
2660 4631 2727 4674 de
2750 4630 3031 4679 Grumum.

549 4714 668 4758 cap.
691 4714 727 4755 1,
749 4702 836 4746 fol.
858 4704 899 4745 ‘.‘.

632 4774 658 4807 ⁴
713 4772 945 4829 Scilicet,
969 4775 1170 4818 externi
1193 4774 1478 4827 scholares,
1502 4774 1586 4829 qui
1609 4780 1821 4818 nostras
1843 4774 2053 4818 scholas
2074 4775 2490 4829 frequentabant.
