3742 5392
720 478 823 538 138
1634 481 1890 541 Canos.
1933 481 2085 539 Soc.
2127 480 2267 553 JES.

837 624 979 686 275.
1068 624 1141 687 P.
1210 625 1493 705 quidem
1544 625 1865 705 ignatius
1885 672 1900 698 ‚
1963 643 2123 690 cum
2183 628 2626 707 spiritualem
2691 628 3188 693 necessitatem

720 733 971 795 horum
1002 732 1364 794 hominurn
1408 733 1863 812 intelligeret,
1891 750 2039 795 non
2062 735 2348 797 omnino
2371 735 2682 813 negabat
2711 753 2787 798 se
2811 736 3188 814 collegium

720 840 1123 901 missurum.
1160 836 1331 917 Sed,
1363 848 1741 919 postquam
1770 856 1887 902 res
1917 841 2480 921 conquieverunt
2521 840 2894 919 Morbenii,
2939 842 3185 905 confir-

720 956 913 1008 mato
942 945 1257 1025 parocho
1291 962 1500 1025 quem
1531 948 1932 1024 elegerant,
1962 957 2032 1010 et
2061 964 2222 1010 cum
2253 947 2567 1026 religiosi
2596 946 2908 1027 ejusdem
2951 950 3194 1029 oppidi

720 1052 1063 1132 impedire
1102 1053 1287 1114 hanc
1329 1053 1613 1131 collegii
1653 1053 2063 1116 missionem
2113 1053 2381 1117 Romae
2431 1054 2867 1133 dicerentur,
2903 1056 3184 1119 tandem

715 1177 857 1223 non
889 1159 1167 1222 mittere
1196 1158 1665 1238 Morbegnurn
1695 1158 2095 1239 hujusmodi
2146 1161 2525 1239 collegium
2561 1161 2911 1235 decrevit;
2947 1179 3194 1241 quam-

717 1267 825 1329 vis
855 1267 1073 1347 aliqui
1102 1266 1302 1347 pueri
1332 1266 1422 1329 ab
1452 1266 1706 1330 eodem
1734 1264 1810 1329 P.
1848 1267 2136 1330 Andrea
2168 1269 2304 1331 hac
2333 1278 2606 1332 aestate
2635 1269 2869 1332 edocti
2898 1268 3183 1333 fuerint.

717 1373 855 1437 Sed
884 1375 955 1436 in
988 1374 1203 1437 alium
1232 1373 1547 1454 ejusdem
1578 1374 1788 1437 vallis
1818 1377 2086 1453 locum,
2120 1385 2195 1438 ut
2227 1392 2356 1438 suo
2385 1378 2548 1439 loco
2580 1376 2876 1455 dicetur,
2915 1378 3199 1456 plenius¹

722 1482 1108 1559 collegium
1135 1493 1387 1561 postea
1416 1482 1713 1544 missum
1742 1480 1874 1546 fuit
1909 1479 1948 1540 ¹.
1983 1482 2166 1545 Nam
2197 1484 2404 1545 vallis
2433 1500 2555 1561 ea,
2591 1500 2752 1546 cum
2777 1483 2925 1547 fere
2953 1484 3200 1564 populi·

718 1588 1051 1652 catholici
1080 1600 1347 1667 essent,
1383 1590 1472 1651 ab
1529 1589 1914 1653 haereticis
1963 1606 2398 1669 magnopere
2451 1591 3033 1669 oppugnabatur3
3075 1592 3200 1671 qui

725 1696 913 1758 enim
945 1714 1035 1758 ex
1064 1694 1331 1776 Anglia
1360 1697 1498 1759 hoc
1545 1708 1865 1776 tempore
1903 1713 2169 1760 novum
2206 1696 2477 1776 Regem
2521 1697 2921 1778 Philippum
2952 1716 3038 1761 ac
3066 1697 3200 1760 Re·

720 1804 964 1883 ginam
1020 1803 1321 1866 Mariam
1354 1803 1729 1881 timebant,
1776 1804 1938 1866 inde
1989 1804 2402 1867 recedentes
2433 1804 2524 1867 ad
2575 1806 2778 1868 varia
2825 1807 2986 1868 loca
3025 1804 3198 1869 Ger-

722 1910 1025 1990 maniae,
1070 1908 1358 1973 Coiram
1388 1911 1634 1987 etiam,
1662 1928 1842 1991 quae
1869 1912 1942 1973 in
1967 1912 2200 1991 capite
2225 1911 2374 1992 ejus
2397 1912 2604 1975 vallis
2621 1914 3003 1992 praecipua
3027 1913 3184 1975 civi-

722 2028 835 2078 tas
876 2026 1023 2095 est,
1074 2019 1558 2099 repleverant;
1613 2028 1683 2080 et
1724 2018 1886 2080 ideo
1939 2034 2280 2098 spargere
2324 2020 2484 2081 illos
2510 2036 2636 2098 per
2687 2020 2946 2099 oppida
2989 2020 3203 2081 vallis

721 2122 1035 2187 Tellinae
1059 2123 1348 2187 Domini
1369 2122 1736 2201 GrisoneS,
1768 2135 1839 2187 ut
1863 2126 2233 2201 haeretici,
2262 2126 2799 2188 constituerant.
2827 2126 2987 2188 Fuit
3015 2126 3200 2189 inter

724 2231 857 2293 hos
885 2229 1371 2294 Bernardinus
1403 2229 1764 2307 OchinuS,
1798 2230 1928 2293 fuit
1959 2241 2025 2293 et
2055 2232 2450 2311 Vergerius
2490 2242 2558 2295 et
2597 2232 2712 2293 alii
2753 2231 3071 2309 ejusdem
3099 2233 3194 2296 fa-

722 2337 920 2399 rinae
956 2335 1002 2396 ¹.

840 2443 981 2507 276.
1070 2442 1250 2509 Cum
1279 2454 1520 2507 autem
1542 2444 1914 2508 Morbenio
1938 2444 2028 2507 ad
2046 2443 2397 2525 quaedam
2422 2446 2562 2508 alia
2588 2448 2744 2508 loca
2769 2446 2844 2507 P.
2873 2446 3206 2510 Andreas

723 2549 1088 2632 profectus
1118 2560 1336 2630 esset,
1391 2551 1651 2615 eodem
1700 2551 1903 2615 brevi
1944 2552 2183 2629 rediit,
2237 2563 2307 2615 et
2356 2552 2638 2633 quidem
2669 2563 3089 2632 opportune,
3122 2564 3200 2615 ut

725 2658 1178 2721 confirmaret
1206 2658 1489 2738 aliquos
1516 2658 1679 2739 qui,
1712 2666 2006 2739 propter
2035 2656 2186 2737 ejus
2216 2659 2640 2736 discessum,
2676 2677 2716 2722 a
2748 2659 2870 2722 via
2913 2658 3206 2722 Domini

726 2764 1059 2828 recedere
1082 2767 1200 2827 vel
1220 2765 1292 2828 in
1315 2764 1563 2828 eadem
1583 2772 1956 2843 tepescere
1980 2774 2363 2845 coeperant
2387 2783 2400 2845 ;
2426 2774 2496 2829 et
2520 2775 2742 2829 totam
2767 2766 2954 2827 hanc
2978 2776 3200 2828 aesta-

732 2884 897 2951 tem,
921 2871 1130 2948 juxta
1167 2872 1244 2934 P.
1279 2871 2038 2951 Ignatiivoluntatem,
2072 2872 2335 2935 utiliter
2363 2870 2710 2935 Morbenii
2734 2873 3004 2951 exegit;
3039 2888 3206 2935 nam

728 2981 861 3041 hoc
889 2990 1207 3059 tempore
1237 2979 1356 3060 qui
1395 2981 1671 3041 electus
1710 2987 1779 3042 et
1820 2978 2281 3042 confirmatus
2319 2978 2584 3057 fuerat,
2621 2980 2707 3041 ab
2748 2980 2886 3041 alio
2919 2981 3204 3059 popu10,

728 3085 928 3166 cujus
950 3086 1245 3164 gerebat
1269 3102 1517 3148 curam
1554 3134 1569 3164 ,
1596 3102 1672 3148 se
1687 3085 2024 3165 expedire
2061 3085 2322 3164 potuit;
2349 3095 2418 3148 et
2446 3086 2775 3166 quamvis
2799 3086 2947 3165 ipse
2973 3101 3208 3148 novus

731 3193 1087 3273 parochus
1116 3191 1201 3255 P.
1236 3192 1516 3270 Ignatio
1548 3192 1831 3271 scripsit
1861 3201 1932 3254 et
1963 3208 2090 3271 pro
2121 3191 2583 3255 retinendoP.
2610 3192 2902 3255 Andrea
2932 3192 3200 3253 labora·

728 3301 863 3378 vit,
898 3300 1049 3361 sine
1079 3297 1281 3377 cujus
1308 3299 1554 3361 auxilii
1582 3316 1707 3378 spe
1738 3316 1814 3361 se
1839 3316 1982 3361 non
2014 3297 2235 3361 fuisse
2279 3316 2528 3362 curam
2567 3310 3062 3379 suscepturum
3104 3298 3204 3361 di—

728 3407 952 3484 cebat,
981 3416 1220 3469 tamen
1238 3405 1309 3468 id
1333 3423 1474 3468 non
1496 3406 1796 3468 obtinuit
1820 3404 1865 3465 ³.
1896 3404 2190 3468 Curavit
2221 3415 2459 3468 autem
2485 3404 2562 3467 P.
2591 3406 2921 3468 Andreas
2946 3406 3205 3485 populo

810 3647 828 3679 ¹
886 3644 1069 3689 Sermo
1090 3654 1167 3689 est
1191 3646 1253 3689 de
1278 3645 1526 3699 collegio,
1550 3645 1683 3700 quod
1700 3646 1811 3699 jam
1832 3643 2022 3698 Ignatii
2045 3653 2278 3698 tempore
2305 3642 2462 3687 Ponte
2483 3645 2534 3687 in
2557 3642 2843 3687 Valtellina
2867 3644 3122 3687 Antonius
3142 3643 3202 3685 de

728 3718 963 3769 Quadros
998 3718 1199 3762 institui
1220 3717 1431 3761 curavit
1454 3725 1505 3760 et
1527 3717 1737 3761 tandem
1768 3724 2006 3760 erectum
2038 3724 2117 3760 est
2153 3727 2288 3760 anno
2310 3716 2430 3759 1560.
2453 3715 2586 3759 Vide
2621 3714 2886 3765 salcetum.
2907 3714 3051 3757 Hist.
3073 3714 3208 3765 Soc„

728 3800 852 3843 pars
872 3788 961 3839 2⁸.
986 3790 1072 3833 lib.
1098 3800 1170 3843 μ’,
1192 3801 1241 3833 n.
1260 3788 1329 3832 60.

806 3860 831 3893 ¹
884 3860 1051 3916 Hujus
1070 3860 1252 3905 Ochini
1271 3869 1323 3904 et
1345 3860 1588 3914 Vergerii
1620 3861 1673 3904 in
1693 3857 1902 3903 Vallem
1923 3859 2176 3903 Tellinam
2199 3860 2454 3903 adventus
2477 3860 2572 3902 hoc
2605 3868 2738 3902 anno
2761 3858 2866 3900 155⁴
2898 3858 3202 3901 mentionem

728 3934 923 3977 factam
942 3933 1079 3987 apud
1100 3932 1552 3987 historiographos
1568 3942 1669 3975 non
1690 3931 1999 3985 reperimus.
2019 3930 2094 3974 De
2116 3930 2312 3975 Ochino
2332 3932 2462 3975 haec
2485 3933 2562 3974 ait
2581 3930 2774 3975 Caum:
2795 3930 2872 3973 “A
2887 3928 3206 3983 Strasburgo

727 4006 929 4047 ritrovo
950 4004 986 4047 ii
1004 4004 1222 4047 vecchio
1242 4014 1333 4047 suo
1348 4003 1515 4047 amico
1533 4014 1560 4046 e
1578 4002 1924 4056 compatriote
1947 4002 2122 4045 Pietro
2137 4000 2352 4045 Martire
2373 4002 2674 4055 Vermiglio,
2697 4002 2745 4044 di
2767 4001 2846 4044 cui
2879 4010 2972 4043 ora
2994 4000 3206 4046 diremo.

729 4086 755 4117 e
778 4086 873 4119 con
894 4075 963 4118 lui
982 4081 1197 4129 passato
1216 4076 1267 4119 in
1289 4074 1609 4129 Inghiiterra
1625 4105 1637 4126 ,
1663 4075 1871 4128 predico
1891 4074 1942 4117 ai
1963 4072 2200 4128 risuggiti
2231 4073 2461 4126 italiani;
2485 4084 2595 4123 ma.
2617 4080 2827 4115 cessata
2847 4073 2900 4115 la
2919 4072 3206 4115 tolle-ranzo.

729 4147 835 4190 alla
867 4153 1035 4190 morte
1066 4147 1117 4190 di
1151 4146 1398 4191 Eduardo
1418 4146 1511 4197 vl.
1535 4150 1684 4189 torno
1702 4146 1755 4189 in
1776 4144 2064 4197 Isvizzera,
2086 4155 2114 4186 e
2151 4146 2200 4188 su
2234 4152 2446 4189 assunto
2467 4152 2676 4198 pastore
2713 4144 2849 4197 degli
2879 4142 3120 4197 emim-ati
3153 4142 3206 4186 di

730 4218 981 4271 Locarno,
1004 4219 1017 4261 i
1041 4218 1180 4272 quali
1206 4218 1293 4262 dal
1314 4224 1501 4261 senato
1523 4218 1573 4261 cii
1596 4217 1787 4271 Zurigo
1808 4227 2012 4259 aveano
2035 4224 2271 4259 ottenuto
2291 4228 2394 4259 una
2417 4216 2594 4259 chiesa
2614 4227 2640 4258 e
2662 4216 2694 4257 1⁸
2715 4226 2807 4258 uso
2827 4215 2964 4257 della
2993 4214 3205 4268 prom-la

730 4290 950 4343 lingna„
972 4288 1111 4333 Disc.
1134 4288 1410 4333 xxxin—Et
1431 4290 1493 4333 de
1510 4286 2147 4342 verger-50:⁸11Vergerlo
2169 4288 2209 4330 si
2231 4288 2479 4331 condusse
2501 4287 2827 4340 predicatore
2851 4298 2878 4329 e
2897 4286 3205 4339 consigliere

730 4362 783 4404 ai
804 4360 949 4404 Duca
968 4360 1255 4405 Cristoi'oro
1275 4360 1327 4403 di
1343 4360 1696 4411 Wurtenberg
1716 4360 1877 4411 (1553),
1895 4360 1978 4402 dal
2004 4361 2155 4412 quale
2179 4360 2230 4401 iu
2251 4366 2388 4402 tutta
2411 4360 2462 4403 la
2485 4358 2598 4402 vita
2617 4364 2848 4413 protetto
2871 4369 2898 4400 e
2919 4362 3205 4401 sostenuto.

730 4433 827 4477 Nel
852 4432 953 4476 155⁴
972 4434 1021 4475 ιο
1042 4432 1301 4477 treviamo
1321 4444 1354 4475 a
1374 4432 1709 4485 strasburge,
1728 4431 1894 4475 donde
1917 4432 1958 4473 si
1979 4429 2170 4485 diparti
2205 4440 2296 4484 per
2317 4441 2482 4484 paura
2503 4430 2640 4473 delia
2663 4438 2807 4483 peste
2823 4439 2834 4480 ;
2853 4438 3054 4482 sempre
3079 4429 3204 4471 irre-

731 4505 924 4559 quieto,
944 4515 1147 4558 sempre
1177 4504 1431 4547 credendo
1454 4514 1483 4546 ο
1508 4503 1767 4547 vantando
1798 4512 1970 4545 essere
2001 4502 2312 4545 minacciato
2335 4502 2415 4545 da’
2435 4502 2590 4556 sicnrj
2614 4502 2697 4544 del
2726 4512 2882 4555 papa.
2900 4500 2958 4544 In
2995 4499 3208 4544 Poionia

730 4579 880 4620 cerco
900 4585 1214 4629 promuover
1236 4576 1287 4618 ln
1308 4574 1610 4627 risorma...„
1631 4574 1771 4618 Disc.
1794 4584 1959 4617 xxx-11.

813 4647 836 4677 ⁸
892 4647 1159 4691 Pax-ochus
1178 4647 1221 4691 is
1240 4654 1357 4689 erat
1377 4646 1440 4689 D.
1463 4646 1710 4689 Nicolaus
1734 4646 1899 4689 Ubert
1914 4677 1925 4695 .
1946 4646 2093 4699 cujus
2115 4646 2306 4688 litteris
2330 4644 2378 4687 13
2403 4644 2624 4695 Augusti
2646 4644 2786 4687 datis
2803 4675 2813 4694 ‚
2830 4644 2892 4687 de
2911 4642 3092 4696 quibus
3123 4641 3207 4683 hic

734 4718 786 4760 tit
812 4719 1018 4771 mentio,
1042 4718 1310 4773 rescripsit
1344 4716 1579 4772 Ignatius
1601 4719 1621 4760 1
1644 4716 1964 4771 Septembris
1990 4716 2108 4760 1554.
2132 4716 2329 4759 Eadem
2351 4716 2430 4759 die
2453 4724 2520 4757 ex
2549 4725 2700 4759 com..
2719 4714 2929 4768 scripsit
2950 4712 3212 4757 Polaticus
