3742 5392
1613 481 1741 541 An.
1769 481 1929 540 1554
2904 462 3018 541 397

554 629 864 704 modum,
901 644 1040 708 quo
1070 627 1302 707 sigilla
1335 636 1622 690 nostrae
1651 625 2025 691 Societatis
2056 645 2312 692 nomen
2339 626 2557 711 JESU
2583 630 3007 709 impressum

549 737 814 799 habere
843 737 1072 798 solent
1105 734 1144 797 ¹.
1181 733 1526 813 Quamvis
1555 744 1795 797 autem
1820 733 2073 797 domus
2101 744 2337 815 empta
2366 734 2469 797 sic
2497 734 2653 814 fuit,
2698 753 2861 798 cum
2895 738 3017 799 vir

551 842 840 923 quidam
869 841 1300 923 praenobilis
1331 841 1606 904 videret
1634 840 1904 921 aliquid
1934 858 2091 904 esse
2114 840 2653 921 aedificandum,
2682 842 3009 906 cubicula

549 950 844 1028 scilicet,
879 948 1333 1012 refectorium
1361 957 1430 1012 et
1461 950 1600 1012 alia
1633 947 1722 1011 ad
1752 948 2132 1027 religiosae
2162 948 2413 1012 domus
2434 949 3011 1014 commoditatem

549 1066 974 1137 opportuna,
1009 1056 1199 1119 dedit
1229 1056 1624 1136 pecuniam,
1667 1073 1848 1137 quae
1890 1055 1983 1119 ad
2023 1054 2424 1135 hujusmodi
2459 1055 2858 1121 aedificium
2898 1075 3018 1120 ne-

557 1165 873 1227 cessaria
905 1172 1080 1242 erat,
1115 1164 1188 1227 in
1217 1163 1766 1243 eleemosynam.

671 1270 813 1334 856.
901 1270 1057 1335 Hoc
1088 1287 1274 1333 anno
1318 1288 1408 1333 ex
1449 1270 1709 1351 oppido
1749 1268 2151 1334 Vallisoleti
2194 1271 2481 1351 quidam
2520 1272 2632 1333 vir
2670 1271 2851 1352 pius,
2893 1290 3017 1335 no·

557 1379 743 1443 mine
775 1376 1169 1457 Gregorius
1200 1377 1286 1440 de
1315 1376 1692 1455 Peschera,
1738 1377 1856 1457 qui
1907 1394 1996 1440 ex
2043 1376 2253 1441 Nova
2298 1377 2647 1458 Hispania
2690 1388 3017 1459 venerat,

563 1486 639 1549 P.
672 1485 950 1565 Ignatio
979 1485 1087 1547 bis
1118 1485 1424 1564 scripsit,
1459 1483 1927 1565 significando
1957 1484 2147 1566 quod
2178 1485 2269 1548 ad
2297 1485 2763 1549 imitationem
2793 1486 3015 1550 Colle-

558 1595 661 1674 gii
691 1610 1070 1674 puerorum
1102 1592 1582 1673 orphanorum
1611 1590 1846 1671 Urbis,
1882 1591 2029 1654 fere
2061 1591 2313 1670 viginti
2340 1591 2661 1655 instituta
2685 1603 2921 1657 essent
2944 1595 3019 1657 in

559 1699 906 1779 Hispania
939 1708 1007 1762 et
1037 1699 1249 1762 etiam
1278 1699 1349 1761 in
1377 1698 1598 1774 India,
1631 1716 1721 1761 ex
1765 1715 1903 1779 quo
1948 1698 2248 1777 insignis
2291 1699 2575 1780 pietatis
2618 1717 2831 1780 opere
2876 1719 3024 1764 ma-

564 1824 752 1887 gnae
800 1805 1225 1869 multitudini
1278 1806 1716 1885 perditorum
1767 1822 2147 1885 puerorum
2197 1807 2596 1869 consultum
2644 1804 2899 1886 fuerat,
2952 1817 3019 1871 et

561 1913 884 1987 eumdem
915 1912 1198 1975 Patrem
1233 1912 1551 1992 rogando
1582 1921 1658 1976 ut
1687 1911 2087 1993 hujusmodi
2118 1913 2581 1992 collegiorum
2605 1912 2757 1977 sive
2780 1913 3025 1978 domo·

560 2038 720 2085 rum
751 2038 998 2083 curam
1036 2037 1122 2083 ac
1163 2020 1751 2100 gubernationem
1791 2037 1834 2082 a
1876 2018 2231 2084 Societate
2270 2021 2537 2101 suscipi
2579 2022 2814 2100 vellet,
2862 2040 3028 2086 cum

566 2129 959 2209 periculum
989 2135 1174 2190 esset
1202 2143 1292 2189 ne
1321 2126 1549 2189 bonae
1574 2127 2113 2207 gubernationis
2134 2126 2410 2191 defectu
2435 2127 2527 2190 ad
2551 2127 2905 2191 deteriora
2926 2128 3022 2191 la-

564 2236 922 2315 berentur,
957 2251 1124 2297 nam
1155 2233 1452 2314 aliquae,
1486 2242 1563 2297 ut
1593 2234 1858 2313 scribit,
1902 2232 2302 2313 hujusmodi
2339 2234 2620 2298 ruinam
2660 2236 3019 2299 minaban-

560 2353 699 2421 tur,
742 2350 813 2405 et
858 2341 1026 2405 illud
1063 2341 1281 2431 ‘etiam
1331 2340 1519 2421 quod
1558 2341 1630 2403 in
1673 2340 1929 2404 litteris
1971 2340 2405 2421 Apostolicis
2444 2342 2672 2404 nostri
2713 2341 3028 2406 Instituti

560 2450 862 2513 habetur
889 2447 976 2512 de
1026 2464 1407 2529 puerorum
1456 2447 1895 2511 institutione
1924 2446 1948 2478 ⁸
1978 2448 2050 2511 in
2100 2448 2408 2511 medium
2448 2448 2890 2528 adducend0‚
2946 2458 3028 2513 ut.

563 2556 639 2620 P.
673 2556 994 2637 Ignatius
1023 2555 1153 2618 sub
1183 2555 1620 2635 protectione
1657 2552 2035 2618 Societatis
2075 2552 2483 2633 hujusmodi
2520 2555 2767 2618 domos
2805 2556 3023 2619 susci—

566 2672 790 2745 peret,
823 2670 892 2725 et
920 2680 1048 2742 per
1079 2679 1201 2725 eos
1231 2677 1408 2743 quos
1437 2661 1875 2742 praeficeret,
1909 2662 2374 2725 christianam
2403 2662 2802 2726 doctrinam
2824 2680 3024 2743 prae-

563 2772 708 2851 legi
732 2769 1007 2852 juberet
1038 2770 1166 2833 sub
1197 2786 1594 2848 vesperam,
1629 2778 1704 2832 ut
1732 2768 1946 2832 etiam
1984 2769 2105 2849 qui
2146 2787 2235 2831 ex
2286 2786 2499 2849 opere
2550 2769 2641 2832 ad
2683 2771 3024 2849 populum

562 2877 898 2955 redirent,
929 2876 1202 2939 diurnis
1232 2875 1592 2938 laboribus
1621 2874 1996 2955 perfuncti,
2031 2875 2430 2939 doctrinam
2460 2875 2669 2939 saluti
2697 2893 3021 2940 necessa·

561 2985 746 3048 riam
775 2981 1020 3046 audire
1049 2992 1366 3062 possent;
1413 2982 2131 3045 communicationem
2168 2983 2385 3046 etiam
2424 2981 3026 3060 indulgentiarum

565 3100 634 3155 et
664 3090 1103 3167 facultatum,
1139 3104 1319 3169 quae
1351 3088 1672 3168 Collegio
1701 3088 2184 3170 orphanorum
2211 3090 2426 3153 Urbis
2456 3097 2845 3153 concessae
2882 3090 3026 3154 fue-

565 3208 751 3277 rant,
785 3198 1219 3277 impetraret.
1252 3196 1569 3259 Venerat
1599 3196 1712 3259 vir
1755 3196 1870 3260 hic
1910 3214 2002 3260 ex
2042 3196 2323 3260 Mexico
2372 3197 2609 3276 gratia
2660 3196 3030 3278 cujusdam

562 3304 862 3385 Collegii
911 3301 1312 3382 hujusmodi
1361 3320 1746 3383 puerorum
1787 3304 2047 3367 ibidem
2089 3304 2411 3383 instituti,
2446 3303 2564 3367 ubi
2593 3304 2741 3367 fere
2771 3305 3028 3369 ducen-

566 3422 680 3475 tos
708 3428 970 3492 pueros
1000 3410 1407 3490 reliquerat,
1441 3418 1510 3473 et
1538 3410 1949 3489 impetravit
1988 3410 2077 3473 ab
2122 3410 2556 3489 Imperatore
2600 3428 2764 3474 cum
2805 3412 3039 3491 ipsius

570 3518 883 3583 Consilio
914 3517 1066 3580 ‘duo
1110 3517 1327 3580 millia
1356 3515 1780 3581 ducatorum
1826 3517 2043 3579 annui
2091 3516 2383 3596 reditus;
2430 3528 2500 3579 et
2542 3516 2866 3580 eamdem
2906 3518 3027 3581 do-

573 3642 766 3689 mum
795 3626 868 3689 in
897 3624 1280 3705 hospitium
1309 3622 1704 3703 SocietatiS,
1739 3624 1801 3687 si
1830 3642 1915 3687 eo
1946 3624 2279 3703 venisset,
2315 3640 2577 3703 magna
2611 3642 2774 3689 curn
2816 3626 3033 3689 animi

567 3735 936 3796 voluntate
964 3730 1338 3809 offerebat;
1372 3739 1442 3793 et
1471 3732 1637 3811 quia
1667 3731 1738 3793 in
1768 3731 2142 3811 procinctu
2172 3740 2326 3795 erat
2358 3731 2475 3795 hic
2500 3732 2731 3795 bonus
2760 3750 2847 3795 ac
2876 3733 3046 3813 pius

568 3841 683 3903 vir
711 3849 790 3903 ut
820 3841 892 3902 in
921 3837 1204 3901 Novam
1226 3836 1645 3918 Hispaniam
1667 3838 2067 3917 navigaret,
2096 3838 2273 3901 nihil
2302 3856 2463 3902 cum
2484 3856 2570 3903 eo
2592 3847 3037 3903 transactum

569 3956 679 4011 est
703 3962 718 4025 ;
750 3956 819 4010 et
849 3945 1113 4027 alioqui
1140 3942 1542 4024 hujusmodi
1570 3946 1850 4024 piorum
1880 3962 2177 4026 operum
2198 3947 2432 4027 potius
2454 3946 2924 4010 fovendorum
2946 3964 3036 4011 ac

571 4052 1223 4135 promovendorum
1247 4070 1370 4133 per
1393 4052 1597 4130 aliOS,
1624 4068 1838 4132 quam
1854 4070 1983 4133 per
1998 4063 2281 4116 nostros
2300 4054 2798 4134 regendorum,
2821 4056 3038 4117 susci·

570 4160 912 4243 piendam
941 4177 1098 4223 esse
1128 4176 1376 4223 curam
1403 4159 1478 4223 Ρ.
1512 4157 1834 4239 Ignatius
1863 4160 2212 4223 sentiebat
2244 4159 2289 4219 ⁸.

699 4268 788 4331 Et
817 4267 1165 4331 hactenus
1195 4266 1282 4329 de
1311 4266 1626 4345 Collegio
1656 4266 2174 4331 Vallisoletano
2203 4267 2471 4332 dictum
2500 4269 2613 4331 sit.

2026 4376 2055 4409 s

660 4512 675 4543 Ι
735 4510 871 4555 Vide
895 4510 1082 4555 Canas
1104 4512 1170 4556 de
1187 4512 1297 4555 San
1318 4512 1556 4565 Ignacto,
1576 4520 1614 4555 t.
1635 4523 1688 4567 v,
1709 4523 1832 4567 pag.
1849 4513 1921 4563 38.
1944 4519 2119 4557 annot.
2139 4512 2181 4557 8.

654 4586 678 4617 ²
732 4584 867 4628 Vide
891 4582 1034 4629 Pauli
1055 4582 1129 4627 111
1149 4585 1359 4628 litteras
1378 4584 1711 4639 apostolicas
1732 4584 2014 4639 Regimini
2034 4585 2331 4629 militantis
2350 4584 2641 4630 Ecclesiae.

659 4656 682 4689 ³
738 4656 878 4702 Nihil
900 4657 960 4700 de
981 4656 1079 4700 hoc
1101 4655 1356 4711 Gregorio
1389 4657 1450 4701 de
1487 4656 1747 4713 Pesquera
1777 4658 1911 4703 certi
1942 4658 2177 4702 invenire
2209 4658 2378 4703 adhuc
2406 4659 2683 4703 valuimus.
2707 4657 2923 4711 -Erjme
2958 4658 3051 4703 hic

577 4728 684 4783 ille,
724 4740 874 4785 quem
907 4728 1261 4775 Francis-cum
1291 4731 1522 4785 appellat
1555 4728 1776 4783 Fronnz,
1807 4730 1929 4774 dum
1958 4729 2059 4775 alt:
2091 4728 2233 4777 “Don
2262 4728 2541 4775 Francisco
2563 4730 2624 4774 de
2646 4729 2923 4785 pesquera,
2946 4730 3047 4775 Ca-
