<?xml version="1.0" encoding="UTF-8"?>
<!DOCTYPE html PUBLIC "-//W3C//DTD XHTML 1.0 Transitional//EN"
    "http://www.w3.org/TR/xhtml1/DTD/xhtml1-transitional.dtd">
<html xmlns="http://www.w3.org/1999/xhtml" xml:lang="en" lang="en">
 <head>
  <title>
</title>
<meta http-equiv="Content-Type" content="text/html;charset=utf-8" />
  <meta name='ocr-system' content='tesseract 3.04.00' />
  <meta name='ocr-capabilities' content='ocr_page ocr_carea ocr_par ocr_line ocrx_word'/>
</head>
<body>
  <div class='ocr_page' id='page_1' title='image "./vitaignatiiloio02polagoog_0601.png"; bbox 0 0 3742 5392; ppageno 0'>
   <div class='ocr_carea' id='block_1_1' title="bbox 1592 479 2984 542">
    <p class='ocr_par' dir='ltr' id='par_1_1' title="bbox 1592 479 2984 542">
     <span class='ocr_line' id='line_1_1' title="bbox 1592 479 2984 542; baseline 0.004 -5"><span class='ocrx_word' id='word_1_1' title='bbox 1592 479 1719 538; x_wconf 72' lang='lat' dir='ltr'>Au.</span> <span class='ocrx_word' id='word_1_2' title='bbox 1766 480 1906 539; x_wconf 77' lang='lat'>1554</span> <span class='ocrx_word' id='word_1_3' title='bbox 2876 482 2984 542; x_wconf 79' lang='lat'>579</span> 
     </span>
    </p>
   </div>
   <div class='ocr_carea' id='block_1_2' title="bbox 516 626 3026 4561">
    <p class='ocr_par' dir='ltr' id='par_1_2' title="bbox 516 626 2990 2202">
     <span class='ocr_line' id='line_1_2' title="bbox 516 626 2983 709; baseline 0 -18"><span class='ocrx_word' id='word_1_4' title='bbox 516 638 585 691; x_wconf 90' lang='lat' dir='ltr'>et</span> <span class='ocrx_word' id='word_1_5' title='bbox 611 628 970 691; x_wconf 89' lang='lat' dir='ltr'>communi</span> <span class='ocrx_word' id='word_1_6' title='bbox 994 629 1177 691; x_wconf 90' lang='lat' dir='ltr'>bono</span> <span class='ocrx_word' id='word_1_7' title='bbox 1202 626 1770 708; x_wconf 86' lang='lat' dir='ltr'><strong>impendendam,</strong></span> <span class='ocrx_word' id='word_1_8' title='bbox 1798 644 2013 709; x_wconf 92' lang='lat' dir='ltr'>quam</span> <span class='ocrx_word' id='word_1_9' title='bbox 2045 628 2136 691; x_wconf 90' lang='lat' dir='ltr'>ad</span> <span class='ocrx_word' id='word_1_10' title='bbox 2159 630 2378 691; x_wconf 86' lang='lat' dir='ltr'>ullam</span> <span class='ocrx_word' id='word_1_11' title='bbox 2399 628 2766 709; x_wconf 84' lang='lat' dir='ltr'>propriam</span> <span class='ocrx_word' id='word_1_12' title='bbox 2796 645 2983 692; x_wconf 91' lang='lat' dir='ltr'>com-</span> 
     </span>
     <span class='ocr_line' id='line_1_3' title="bbox 518 731 2983 816; baseline 0 -19"><span class='ocrx_word' id='word_1_13' title='bbox 518 734 937 797; x_wconf 86' lang='lat' dir='ltr'>moditatem</span> <span class='ocrx_word' id='word_1_14' title='bbox 972 731 1178 815; x_wconf 90' lang='lat' dir='ltr'>[esse]</span> <span class='ocrx_word' id='word_1_15' title='bbox 1210 734 1843 813; x_wconf 85' lang='lat' dir='ltr'>animadverteret;</span> <span class='ocrx_word' id='word_1_16' title='bbox 1880 736 2094 798; x_wconf 91' lang='lat' dir='ltr'>immo</span> <span class='ocrx_word' id='word_1_17' title='bbox 2134 736 2467 816; x_wconf 84' lang='lat' dir='ltr'>ipsemet,</span> <span class='ocrx_word' id='word_1_18' title='bbox 2510 744 2586 799; x_wconf 92' lang='lat' dir='ltr'>ut</span> <span class='ocrx_word' id='word_1_19' title='bbox 2623 734 2983 799; x_wconf 90' lang='lat' dir='ltr'>devotioni</span> 
     </span>
     <span class='ocr_line' id='line_1_4' title="bbox 520 839 2983 924; baseline 0 -19"><span class='ocrx_word' id='word_1_20' title='bbox 520 842 599 905; x_wconf 91' lang='lat' dir='ltr'>P.</span> <span class='ocrx_word' id='word_1_21' title='bbox 630 840 929 923; x_wconf 87' lang='lat' dir='ltr'>Joannis</span> <span class='ocrx_word' id='word_1_22' title='bbox 957 840 1253 921; x_wconf 89' lang='lat' dir='ltr'>Nugnez</span> <span class='ocrx_word' id='word_1_23' title='bbox 1284 840 1752 920; x_wconf 86' lang='lat' dir='ltr'>satisfaceret,</span> <span class='ocrx_word' id='word_1_24' title='bbox 1784 841 1924 905; x_wconf 71' lang='grc' dir='ltr'>26.ει</span> <span class='ocrx_word' id='word_1_25' title='bbox 1950 842 2118 924; x_wconf 93' lang='lat' dir='ltr'>Julii</span> <span class='ocrx_word' id='word_1_26' title='bbox 2153 839 2460 921; x_wconf 87' lang='lat' dir='ltr'>injunxit</span> <span class='ocrx_word' id='word_1_27' title='bbox 2489 852 2567 905; x_wconf 90' lang='lat' dir='ltr'>ut</span> <span class='ocrx_word' id='word_1_28' title='bbox 2617 842 2754 905; x_wconf 91' lang='lat' dir='ltr'>hoc</span> <span class='ocrx_word' id='word_1_29' title='bbox 2805 860 2983 906; x_wconf 88' lang='lat' dir='ltr'>onus</span> 
     </span>
     <span class='ocr_line' id='line_1_5' title="bbox 526 945 2978 1030; baseline 0.001 -19"><span class='ocrx_word' id='word_1_30' title='bbox 526 948 927 1011; x_wconf 90' lang='lat' dir='ltr'>admitteret</span> <span class='ocrx_word' id='word_1_31' title='bbox 964 945 1021 1027; x_wconf 87' lang='lat'>¹;</span> <span class='ocrx_word' id='word_1_32' title='bbox 1054 958 1125 1011; x_wconf 93' lang='lat' dir='ltr'>et</span> <span class='ocrx_word' id='word_1_33' title='bbox 1154 949 1252 1011; x_wconf 89' lang='lat' dir='ltr'>ita</span> <span class='ocrx_word' id='word_1_34' title='bbox 1282 949 1507 1010; x_wconf 90' lang='lat' dir='ltr'>bonus</span> <span class='ocrx_word' id='word_1_35' title='bbox 1539 946 1615 1011; x_wconf 92' lang='lat' dir='ltr'>P.</span> <span class='ocrx_word' id='word_1_36' title='bbox 1655 947 1995 1030; x_wconf 84' lang='lat' dir='ltr'>JoanneS,</span> <span class='ocrx_word' id='word_1_37' title='bbox 2039 958 2114 1011; x_wconf 92' lang='lat' dir='ltr'>ut</span> <span class='ocrx_word' id='word_1_38' title='bbox 2161 949 2310 1011; x_wconf 93' lang='lat' dir='ltr'>suis</span> <span class='ocrx_word' id='word_1_39' title='bbox 2349 948 2604 1012; x_wconf 90' lang='lat' dir='ltr'>litteris</span> <span class='ocrx_word' id='word_1_40' title='bbox 2654 958 2978 1027; x_wconf 90' lang='lat' dir='ltr'>testatur,</span> 
     </span>
     <span class='ocr_line' id='line_1_6' title="bbox 523 1054 2984 1136; baseline 0 -17"><span class='ocrx_word' id='word_1_41' title='bbox 523 1072 684 1119; x_wconf 90' lang='lat' dir='ltr'>eam</span> <span class='ocrx_word' id='word_1_42' title='bbox 714 1054 1134 1135; x_wconf 88' lang='lat' dir='ltr'>dignitatem</span> <span class='ocrx_word' id='word_1_43' title='bbox 1165 1055 1472 1133; x_wconf 85' lang='lat' dir='ltr'>admisit,</span> <span class='ocrx_word' id='word_1_44' title='bbox 1508 1072 1551 1117; x_wconf 92' lang='lat' dir='ltr'>a</span> <span class='ocrx_word' id='word_1_45' title='bbox 1582 1072 1722 1135; x_wconf 92' lang='lat' dir='ltr'>qua</span> <span class='ocrx_word' id='word_1_46' title='bbox 1762 1064 2133 1136; x_wconf 88' lang='lat' dir='ltr'>tantopere</span> <span class='ocrx_word' id='word_1_47' title='bbox 2173 1054 2326 1135; x_wconf 89' lang='lat' dir='ltr'>ejus</span> <span class='ocrx_word' id='word_1_48' title='bbox 2365 1057 2644 1119; x_wconf 89' lang='lat' dir='ltr'>animus</span> <span class='ocrx_word' id='word_1_49' title='bbox 2685 1074 2984 1120; x_wconf 80' lang='lat' dir='ltr'>aversus</span> 
     </span>
     <span class='ocr_line' id='line_1_7' title="bbox 522 1160 2984 1243; baseline 0 -17"><span class='ocrx_word' id='word_1_50' title='bbox 522 1173 702 1242; x_wconf 89' lang='lat' dir='ltr'>erat,</span> <span class='ocrx_word' id='word_1_51' title='bbox 736 1174 813 1226; x_wconf 91' lang='lat' dir='ltr'>ut</span> <span class='ocrx_word' id='word_1_52' title='bbox 836 1163 1073 1243; x_wconf 91' lang='lat' dir='ltr'>potius</span> <span class='ocrx_word' id='word_1_53' title='bbox 1098 1164 1453 1225; x_wconf 91' lang='lat' dir='ltr'>electurus</span> <span class='ocrx_word' id='word_1_54' title='bbox 1475 1172 1685 1241; x_wconf 90' lang='lat' dir='ltr'>esset,</span> <span class='ocrx_word' id='word_1_55' title='bbox 1710 1172 1789 1226; x_wconf 96' lang='lat' dir='ltr'>ut</span> <span class='ocrx_word' id='word_1_56' title='bbox 1813 1162 2191 1226; x_wconf 89' lang='lat' dir='ltr'>undecima</span> <span class='ocrx_word' id='word_1_57' title='bbox 2220 1162 2334 1226; x_wconf 88' lang='lat' dir='ltr'>die</span> <span class='ocrx_word' id='word_1_58' title='bbox 2357 1160 2792 1243; x_wconf 86' lang='lat' dir='ltr'>Septembris</span> <span class='ocrx_word' id='word_1_59' title='bbox 2813 1166 2984 1227; x_wconf 90' lang='lat' dir='ltr'>scri-</span> 
     </span>
     <span class='ocr_line' id='line_1_8' title="bbox 526 1269 2985 1352; baseline 0 -20"><span class='ocrx_word' id='word_1_60' title='bbox 526 1270 646 1347; x_wconf 91' lang='lat' dir='ltr'>bit,</span> <span class='ocrx_word' id='word_1_61' title='bbox 692 1270 1028 1352; x_wconf 89' lang='lat' dir='ltr'>quamdiu</span> <span class='ocrx_word' id='word_1_62' title='bbox 1066 1269 1379 1347; x_wconf 87' lang='lat' dir='ltr'>viveret,</span> <span class='ocrx_word' id='word_1_63' title='bbox 1424 1270 1493 1332; x_wconf 90' lang='lat' dir='ltr'>in</span> <span class='ocrx_word' id='word_1_64' title='bbox 1524 1270 1777 1332; x_wconf 87' lang='lat' dir='ltr'>ferreis</span> <span class='ocrx_word' id='word_1_65' title='bbox 1806 1270 2114 1333; x_wconf 82' lang='lat' dir='ltr'>vinculis</span> <span class='ocrx_word' id='word_1_66' title='bbox 2139 1270 2468 1348; x_wconf 90' lang='lat' dir='ltr'>captivus</span> <span class='ocrx_word' id='word_1_67' title='bbox 2491 1272 2744 1349; x_wconf 90' lang='lat' dir='ltr'>teneri,</span> <span class='ocrx_word' id='word_1_68' title='bbox 2772 1288 2985 1352; x_wconf 89' lang='lat' dir='ltr'>quam</span> 
     </span>
     <span class='ocr_line' id='line_1_9' title="bbox 524 1376 2982 1458; baseline 0.001 -19"><span class='ocrx_word' id='word_1_69' title='bbox 524 1394 727 1440; x_wconf 89' lang='lat' dir='ltr'>suam</span> <span class='ocrx_word' id='word_1_70' title='bbox 754 1378 1065 1440; x_wconf 89' lang='lat' dir='ltr'>animam</span> <span class='ocrx_word' id='word_1_71' title='bbox 1088 1378 1408 1458; x_wconf 89' lang='lat' dir='ltr'>periculo</span> <span class='ocrx_word' id='word_1_72' title='bbox 1432 1376 1663 1439; x_wconf 88' lang='lat' dir='ltr'>Deum</span> <span class='ocrx_word' id='word_1_73' title='bbox 1688 1376 2092 1439; x_wconf 85' lang='lat' dir='ltr'>offendendi</span> <span class='ocrx_word' id='word_1_74' title='bbox 2115 1376 2182 1439; x_wconf 82' lang='lat' dir='ltr'>in</span> <span class='ocrx_word' id='word_1_75' title='bbox 2204 1376 2342 1439; x_wconf 91' lang='lat' dir='ltr'>hoc</span> <span class='ocrx_word' id='word_1_76' title='bbox 2359 1376 2587 1440; x_wconf 87' lang='lat' dir='ltr'>officio</span> <span class='ocrx_word' id='word_1_77' title='bbox 2604 1395 2982 1457; x_wconf 86' lang='lat' dir='ltr'>exponere:</span> 
     </span>
     <span class='ocr_line' id='line_1_10' title="bbox 528 1482 2984 1564; baseline 0.001 -19"><span class='ocrx_word' id='word_1_78' title='bbox 528 1484 827 1564; x_wconf 87' lang='lat' dir='ltr'>subjecit</span> <span class='ocrx_word' id='word_1_79' title='bbox 856 1493 1093 1546; x_wconf 88' lang='lat' dir='ltr'>tamen</span> <span class='ocrx_word' id='word_1_80' title='bbox 1118 1484 1449 1547; x_wconf 84' lang='lat' dir='ltr'>humeros</span> <span class='ocrx_word' id='word_1_81' title='bbox 1478 1483 1646 1547; x_wconf 90' lang='lat' dir='ltr'>huic</span> <span class='ocrx_word' id='word_1_82' title='bbox 1676 1482 1897 1559; x_wconf 90' lang='lat' dir='ltr'>oneri,</span> <span class='ocrx_word' id='word_1_83' title='bbox 1931 1483 2217 1546; x_wconf 89' lang='lat' dir='ltr'>divinae</span> <span class='ocrx_word' id='word_1_84' title='bbox 2246 1486 2598 1547; x_wconf 88' lang='lat' dir='ltr'>voluntati</span> <span class='ocrx_word' id='word_1_85' title='bbox 2628 1484 2984 1563; x_wconf 84' lang='lat' dir='ltr'>obedienS,</span> 
     </span>
     <span class='ocr_line' id='line_1_11' title="bbox 529 1589 2988 1671; baseline 0.001 -18"><span class='ocrx_word' id='word_1_86' title='bbox 529 1608 656 1670; x_wconf 89' lang='lat' dir='ltr'>per</span> <span class='ocrx_word' id='word_1_87' title='bbox 680 1589 754 1653; x_wconf 92' lang='lat' dir='ltr'>P.</span> <span class='ocrx_word' id='word_1_88' title='bbox 775 1591 1128 1669; x_wconf 87' lang='lat' dir='ltr'>Ignatium</span> <span class='ocrx_word' id='word_1_89' title='bbox 1150 1590 1286 1670; x_wconf 89' lang='lat' dir='ltr'>ipsi</span> <span class='ocrx_word' id='word_1_90' title='bbox 1309 1590 1736 1667; x_wconf 87' lang='lat' dir='ltr'>declaratae,</span> <span class='ocrx_word' id='word_1_91' title='bbox 1764 1590 1851 1653; x_wconf 91' lang='lat' dir='ltr'>de</span> <span class='ocrx_word' id='word_1_92' title='bbox 1875 1591 2120 1652; x_wconf 88' lang='lat' dir='ltr'>divina</span> <span class='ocrx_word' id='word_1_93' title='bbox 2143 1607 2440 1669; x_wconf 88' lang='lat' dir='ltr'>sperans</span> <span class='ocrx_word' id='word_1_94' title='bbox 2463 1590 2776 1653; x_wconf 87' lang='lat' dir='ltr'>bonitate</span> <span class='ocrx_word' id='word_1_95' title='bbox 2799 1592 2988 1671; x_wconf 89' lang='lat' dir='ltr'>quod</span> 
     </span>
     <span class='ocr_line' id='line_1_12' title="bbox 529 1697 2988 1778; baseline 0.001 -18"><span class='ocrx_word' id='word_1_96' title='bbox 529 1700 889 1778; x_wconf 86' lang='lat' dir='ltr'>suppleret</span> <span class='ocrx_word' id='word_1_97' title='bbox 918 1747 931 1775; x_wconf 92' lang='lat'>,</span> <span class='ocrx_word' id='word_1_98' title='bbox 986 1714 1168 1777; x_wconf 88' lang='lat' dir='ltr'>quae</span> <span class='ocrx_word' id='word_1_99' title='bbox 1220 1698 1353 1777; x_wconf 92' lang='lat' dir='ltr'>ipsi</span> <span class='ocrx_word' id='word_1_100' title='bbox 1402 1697 1696 1760; x_wconf 88' lang='lat' dir='ltr'>deerant</span> <span class='ocrx_word' id='word_1_101' title='bbox 1724 1745 1737 1775; x_wconf 93' lang='lat'>,</span> <span class='ocrx_word' id='word_1_102' title='bbox 1796 1698 2366 1777; x_wconf 89' lang='lat' dir='ltr'>quandoquidem</span> <span class='ocrx_word' id='word_1_103' title='bbox 2417 1710 2705 1777; x_wconf 89' lang='lat' dir='ltr'>propter</span> <span class='ocrx_word' id='word_1_104' title='bbox 2759 1700 2988 1762; x_wconf 92' lang='lat' dir='ltr'>solum</span> 
     </span>
     <span class='ocr_line' id='line_1_13' title="bbox 532 1804 2989 1886; baseline 0 -18"><span class='ocrx_word' id='word_1_105' title='bbox 532 1806 755 1886; x_wconf 88' lang='lat' dir='ltr'>ipsius</span> <span class='ocrx_word' id='word_1_106' title='bbox 778 1821 1094 1867; x_wconf 91' lang='lat' dir='ltr'>amorem</span> <span class='ocrx_word' id='word_1_107' title='bbox 1120 1813 1188 1866; x_wconf 90' lang='lat' dir='ltr'>et</span> <span class='ocrx_word' id='word_1_108' title='bbox 1218 1804 1431 1867; x_wconf 86' lang='lat' dir='ltr'>morti</span> <span class='ocrx_word' id='word_1_109' title='bbox 1454 1813 1523 1866; x_wconf 90' lang='lat' dir='ltr'>et</span> <span class='ocrx_word' id='word_1_110' title='bbox 1544 1804 1879 1883; x_wconf 92' lang='lat' dir='ltr'>periculis</span> <span class='ocrx_word' id='word_1_111' title='bbox 1901 1805 2121 1867; x_wconf 87' lang='lat' dir='ltr'>maris</span> <span class='ocrx_word' id='word_1_112' title='bbox 2150 1822 2226 1867; x_wconf 89' lang='lat' dir='ltr'>se</span> <span class='ocrx_word' id='word_1_113' title='bbox 2257 1804 2621 1882; x_wconf 83' lang='lat' dir='ltr'>offerebat,</span> <span class='ocrx_word' id='word_1_114' title='bbox 2657 1824 2698 1868; x_wconf 87' lang='lat' dir='ltr'>a</span> <span class='ocrx_word' id='word_1_115' title='bbox 2723 1823 2862 1886; x_wconf 93' lang='lat' dir='ltr'>quo</span> <span class='ocrx_word' id='word_1_116' title='bbox 2885 1806 2989 1869; x_wconf 89' lang='lat' dir='ltr'>sic</span> 
     </span>
     <span class='ocr_line' id='line_1_14' title="bbox 530 1910 2986 1991; baseline 0 -17"><span class='ocrx_word' id='word_1_117' title='bbox 530 1910 683 1991; x_wconf 88' lang='lat' dir='ltr'>ejus</span> <span class='ocrx_word' id='word_1_118' title='bbox 732 1922 993 1974; x_wconf 89' lang='lat' dir='ltr'>natura</span> <span class='ocrx_word' id='word_1_119' title='bbox 1024 1910 1477 1977; x_wconf 85' lang='lat' dir='ltr'>abhorrebat.</span> <span class='ocrx_word' id='word_1_120' title='bbox 1499 1921 1573 1973; x_wconf 92' lang='lat' dir='ltr'>ut</span> <span class='ocrx_word' id='word_1_121' title='bbox 1590 1920 1884 1973; x_wconf 90' lang='lat' dir='ltr'>cantare</span> <span class='ocrx_word' id='word_1_122' title='bbox 1909 1912 2157 1973; x_wconf 91' lang='lat' dir='ltr'>solitus</span> <span class='ocrx_word' id='word_1_123' title='bbox 2182 1922 2562 1990; x_wconf 87' lang='lat' dir='ltr'>antequam</span> <span class='ocrx_word' id='word_1_124' title='bbox 2583 1914 2658 1974; x_wconf 89' lang='lat' dir='ltr'>in</span> <span class='ocrx_word' id='word_1_125' title='bbox 2678 1910 2986 1976; x_wconf 91' lang='lat' dir='ltr'>Societa-</span> 
     </span>
     <span class='ocr_line' id='line_1_15' title="bbox 527 2016 2990 2098; baseline -0 -15"><span class='ocrx_word' id='word_1_126' title='bbox 527 2029 673 2083; x_wconf 90' lang='lat' dir='ltr'>tem</span> <span class='ocrx_word' id='word_1_127' title='bbox 706 2018 1262 2098; x_wconf 86' lang='lat' dir='ltr'>ingrederetur:„</span> <span class='ocrx_word' id='word_1_128' title='bbox 1300 2018 1395 2079; x_wconf 90' lang='lat' dir='ltr'>At</span> <span class='ocrx_word' id='word_1_129' title='bbox 1425 2027 1523 2095; x_wconf 84' lang='lat' dir='ltr'>tn,</span> <span class='ocrx_word' id='word_1_130' title='bbox 1558 2034 1772 2079; x_wconf 84' lang='lat' dir='ltr'>saeve</span> <span class='ocrx_word' id='word_1_131' title='bbox 1802 2016 2084 2096; x_wconf 84' lang='lat' dir='ltr'>Aquilo,</span> <span class='ocrx_word' id='word_1_132' title='bbox 2122 2034 2470 2096; x_wconf 86' lang='lat' dir='ltr'>nusquam</span> <span class='ocrx_word' id='word_1_133' title='bbox 2503 2036 2662 2081; x_wconf 88' lang='lat' dir='ltr'>mea</span> <span class='ocrx_word' id='word_1_134' title='bbox 2693 2022 2854 2082; x_wconf 87' lang='lat' dir='ltr'>vela</span> <span class='ocrx_word' id='word_1_135' title='bbox 2889 2019 2990 2083; x_wconf 88' lang='lat' dir='ltr'>vi-</span> 
     </span>
     <span class='ocr_line' id='line_1_16' title="bbox 530 2118 2374 2202; baseline -0.002 -12"><span class='ocrx_word' id='word_1_136' title='bbox 530 2127 789 2202; x_wconf 70' lang='lat' dir='ltr'>debis„</span> <span class='ocrx_word' id='word_1_137' title='bbox 2364 2118 2374 2127; x_wconf 83' lang='grc'><strong>’</strong></span> 
     </span>
    </p>

    <p class='ocr_par' dir='ltr' id='par_1_3' title="bbox 530 2231 3026 4561">
     <span class='ocr_line' id='line_1_17' title="bbox 655 2231 2992 2311; baseline -0 -14"><span class='ocrx_word' id='word_1_138' title='bbox 655 2232 830 2297; x_wconf 87' lang='grc'>1236.</span> <span class='ocrx_word' id='word_1_139' title='bbox 918 2231 1329 2295; x_wconf 83' lang='lat' dir='ltr'>Postulabat</span> <span class='ocrx_word' id='word_1_140' title='bbox 1361 2242 1597 2294; x_wconf 91' lang='lat' dir='ltr'>autem</span> <span class='ocrx_word' id='word_1_141' title='bbox 1628 2249 1768 2294; x_wconf 88' lang='lat' dir='ltr'>non</span> <span class='ocrx_word' id='word_1_142' title='bbox 1800 2233 2028 2295; x_wconf 89' lang='lat' dir='ltr'>solum</span> <span class='ocrx_word' id='word_1_143' title='bbox 2051 2232 2389 2295; x_wconf 84' lang='lat' dir='ltr'>auxilium</span> <span class='ocrx_word' id='word_1_144' title='bbox 2414 2232 2838 2311; x_wconf 88' lang='lat' dir='ltr'>orationum,</span> <span class='ocrx_word' id='word_1_145' title='bbox 2866 2234 2992 2296; x_wconf 89' lang='lat' dir='ltr'>sed</span> 
     </span>
     <span class='ocr_line' id='line_1_18' title="bbox 530 2338 2992 2420; baseline 0 -16"><span class='ocrx_word' id='word_1_146' title='bbox 530 2352 599 2404; x_wconf 91' lang='lat' dir='ltr'>et</span> <span class='ocrx_word' id='word_1_147' title='bbox 622 2342 1003 2415; x_wconf 89' lang='lat' dir='ltr'>sociorum,</span> <span class='ocrx_word' id='word_1_148' title='bbox 1029 2339 1194 2419; x_wconf 91' lang='lat' dir='ltr'>quia</span> <span class='ocrx_word' id='word_1_149' title='bbox 1218 2338 1399 2401; x_wconf 88' lang='lat' dir='ltr'>forte</span> <span class='ocrx_word' id='word_1_150' title='bbox 1416 2339 1661 2401; x_wconf 88' lang='lat' dir='ltr'>decem</span> <span class='ocrx_word' id='word_1_151' title='bbox 1683 2338 1888 2401; x_wconf 85' lang='lat' dir='ltr'>annis</span> <span class='ocrx_word' id='word_1_152' title='bbox 1911 2338 2304 2402; x_wconf 89' lang='lat' dir='ltr'>subsidium</span> <span class='ocrx_word' id='word_1_153' title='bbox 2322 2339 2581 2403; x_wconf 82' lang='lat' dir='ltr'>Aethio</span> <span class='ocrx_word' id='word_1_154' title='bbox 2591 2341 2702 2420; x_wconf 85' lang='lat' dir='ltr'>pia</span> <span class='ocrx_word' id='word_1_155' title='bbox 2723 2357 2992 2404; x_wconf 87' lang='lat' dir='ltr'>novum</span> 
     </span>
     <span class='ocr_line' id='line_1_19' title="bbox 530 2445 2994 2528; baseline -0.001 -17"><span class='ocrx_word' id='word_1_156' title='bbox 530 2458 913 2528; x_wconf 88' lang='lat' dir='ltr'>acceptura</span> <span class='ocrx_word' id='word_1_157' title='bbox 942 2464 1085 2510; x_wconf 90' lang='lat' dir='ltr'>non</span> <span class='ocrx_word' id='word_1_158' title='bbox 1115 2455 1293 2523; x_wconf 89' lang='lat' dir='ltr'>erat,</span> <span class='ocrx_word' id='word_1_159' title='bbox 1329 2456 1705 2525; x_wconf 87' lang='lat' dir='ltr'>postquam</span> <span class='ocrx_word' id='word_1_160' title='bbox 1733 2445 1832 2508; x_wconf 91' lang='lat' dir='ltr'>illi</span> <span class='ocrx_word' id='word_1_161' title='bbox 1861 2463 1946 2508; x_wconf 89' lang='lat' dir='ltr'>eo</span> <span class='ocrx_word' id='word_1_162' title='bbox 1977 2447 2374 2525; x_wconf 89' lang='lat' dir='ltr'>venissent,</span> <span class='ocrx_word' id='word_1_163' title='bbox 2409 2464 2494 2509; x_wconf 90' lang='lat' dir='ltr'>eo</span> <span class='ocrx_word' id='word_1_164' title='bbox 2525 2447 2713 2527; x_wconf 89' lang='lat' dir='ltr'>quod</span> <span class='ocrx_word' id='word_1_165' title='bbox 2742 2447 2994 2511; x_wconf 87' lang='lat' dir='ltr'>classis</span> 
     </span>
     <span class='ocr_line' id='line_1_20' title="bbox 532 2552 2992 2635; baseline -0 -19"><span class='ocrx_word' id='word_1_166' title='bbox 532 2554 881 2635; x_wconf 87' lang='lat' dir='ltr'>quaedam</span> <span class='ocrx_word' id='word_1_167' title='bbox 913 2562 1278 2616; x_wconf 88' lang='lat' dir='ltr'>turcarum</span> <span class='ocrx_word' id='word_1_168' title='bbox 1310 2569 1472 2615; x_wconf 91' lang='lat' dir='ltr'>cum</span> <span class='ocrx_word' id='word_1_169' title='bbox 1512 2552 1749 2615; x_wconf 88' lang='lat' dir='ltr'>multis</span> <span class='ocrx_word' id='word_1_170' title='bbox 1791 2552 2197 2615; x_wconf 87' lang='lat' dir='ltr'>triremibus</span> <span class='ocrx_word' id='word_1_171' title='bbox 2235 2564 2303 2615; x_wconf 91' lang='lat' dir='ltr'>et</span> <span class='ocrx_word' id='word_1_172' title='bbox 2349 2553 2769 2632; x_wconf 90' lang='lat' dir='ltr'>quibusdam</span> <span class='ocrx_word' id='word_1_173' title='bbox 2795 2554 2992 2617; x_wconf 86' lang='lat' dir='ltr'>navi-</span> 
     </span>
     <span class='ocr_line' id='line_1_21' title="bbox 530 2658 2990 2740; baseline -0.001 -15"><span class='ocrx_word' id='word_1_174' title='bbox 530 2664 659 2725; x_wconf 89' lang='lat' dir='ltr'>bus</span> <span class='ocrx_word' id='word_1_175' title='bbox 689 2679 886 2725; x_wconf 88' lang='lat' dir='ltr'>mare</span> <span class='ocrx_word' id='word_1_176' title='bbox 916 2659 1086 2723; x_wconf 90' lang='lat' dir='ltr'>illud</span> <span class='ocrx_word' id='word_1_177' title='bbox 1116 2660 1445 2736; x_wconf 87' lang='lat' dir='ltr'>rubrum,</span> <span class='ocrx_word' id='word_1_178' title='bbox 1493 2658 1682 2740; x_wconf 90' lang='lat' dir='ltr'>quod</span> <span class='ocrx_word' id='word_1_179' title='bbox 1726 2659 2020 2721; x_wconf 87' lang='lat' dir='ltr'>Mechae</span> <span class='ocrx_word' id='word_1_180' title='bbox 2064 2660 2320 2723; x_wconf 86' lang='lat' dir='ltr'>fretum</span> <span class='ocrx_word' id='word_1_181' title='bbox 2365 2672 2657 2737; x_wconf 87' lang='lat' dir='ltr'>vocant,</span> <span class='ocrx_word' id='word_1_182' title='bbox 2709 2660 2990 2725; x_wconf 86' lang='lat' dir='ltr'>infesta·</span> 
     </span>
     <span class='ocr_line' id='line_1_22' title="bbox 534 2765 2996 2847; baseline -0 -15"><span class='ocrx_word' id='word_1_183' title='bbox 534 2771 739 2832; x_wconf 88' lang='lat' dir='ltr'>bant:</span> <span class='ocrx_word' id='word_1_184' title='bbox 787 2769 1103 2831; x_wconf 89' lang='lat' dir='ltr'>declarat</span> <span class='ocrx_word' id='word_1_185' title='bbox 1151 2777 1388 2829; x_wconf 89' lang='lat' dir='ltr'>autem</span> <span class='ocrx_word' id='word_1_186' title='bbox 1424 2766 1609 2829; x_wconf 91' lang='lat' dir='ltr'>idem</span> <span class='ocrx_word' id='word_1_187' title='bbox 1660 2765 1867 2829; x_wconf 88' lang='lat' dir='ltr'>Pater</span> <span class='ocrx_word' id='word_1_188' title='bbox 1921 2766 2131 2847; x_wconf 91' lang='lat' dir='ltr'>quod,</span> <span class='ocrx_word' id='word_1_189' title='bbox 2174 2768 2310 2830; x_wconf 89' lang='lat' dir='ltr'>nisi</span> <span class='ocrx_word' id='word_1_190' title='bbox 2349 2784 2474 2846; x_wconf 89' lang='lat' dir='ltr'>per</span> <span class='ocrx_word' id='word_1_191' title='bbox 2523 2768 2996 2831; x_wconf 89' lang='lat' dir='ltr'>obedientiam</span> 
     </span>
     <span class='ocr_line' id='line_1_23' title="bbox 534 2872 2995 2953; baseline -0 -14"><span class='ocrx_word' id='word_1_192' title='bbox 534 2876 803 2939; x_wconf 88' lang='lat' dir='ltr'>Summi</span> <span class='ocrx_word' id='word_1_193' title='bbox 833 2874 1197 2937; x_wconf 88' lang='lat' dir='ltr'>Pontificis</span> <span class='ocrx_word' id='word_1_194' title='bbox 1228 2883 1349 2937; x_wconf 89' lang='lat' dir='ltr'>aut</span> <span class='ocrx_word' id='word_1_195' title='bbox 1380 2872 1837 2953; x_wconf 88' lang='lat' dir='ltr'>Superiorum</span> <span class='ocrx_word' id='word_1_196' title='bbox 1860 2873 1996 2953; x_wconf 92' lang='lat' dir='ltr'>ipsi</span> <span class='ocrx_word' id='word_1_197' title='bbox 2017 2873 2264 2937; x_wconf 87' lang='lat' dir='ltr'>fuisset</span> <span class='ocrx_word' id='word_1_198' title='bbox 2293 2874 2706 2953; x_wconf 85' lang='lat' dir='ltr'>inJ&#39;unctum,</span> <span class='ocrx_word' id='word_1_199' title='bbox 2740 2874 2995 2938; x_wconf 88' lang='lat' dir='ltr'>admis-</span> 
     </span>
     <span class='ocr_line' id='line_1_24' title="bbox 538 2980 2997 3061; baseline -0 -15"><span class='ocrx_word' id='word_1_200' title='bbox 538 3000 745 3047; x_wconf 88' lang='lat' dir='ltr'>surus</span> <span class='ocrx_word' id='word_1_201' title='bbox 774 2998 915 3044; x_wconf 92' lang='lat' dir='ltr'>non</span> <span class='ocrx_word' id='word_1_202' title='bbox 946 2981 1195 3044; x_wconf 88' lang='lat' dir='ltr'>fuisset</span> <span class='ocrx_word' id='word_1_203' title='bbox 1225 2981 1359 3043; x_wconf 92' lang='lat' dir='ltr'>hoc</span> <span class='ocrx_word' id='word_1_204' title='bbox 1392 2998 1643 3043; x_wconf 89' lang='lat' dir='ltr'>munus</span> <span class='ocrx_word' id='word_1_205' title='bbox 1661 3029 1675 3057; x_wconf 91' lang='lat'>,</span> <span class='ocrx_word' id='word_1_206' title='bbox 1707 2990 1778 3042; x_wconf 91' lang='lat' dir='ltr'>et</span> <span class='ocrx_word' id='word_1_207' title='bbox 1807 2980 2006 3060; x_wconf 88' lang='lat' dir='ltr'>petiit</span> <span class='ocrx_word' id='word_1_208' title='bbox 2034 2997 2162 3059; x_wconf 90' lang='lat' dir='ltr'>per</span> <span class='ocrx_word' id='word_1_209' title='bbox 2190 2981 2462 3043; x_wconf 69' lang='lat' dir='ltr'>litteras</span> <span class='ocrx_word' id='word_1_210' title='bbox 2493 2998 2536 3043; x_wconf 85' lang='lat' dir='ltr'>a</span> <span class='ocrx_word' id='word_1_211' title='bbox 2565 2982 2837 3061; x_wconf 88' lang='lat' dir='ltr'>Legato</span> <span class='ocrx_word' id='word_1_212' title='bbox 2867 2980 2997 3045; x_wconf 89' lang='lat' dir='ltr'>Re-</span> 
     </span>
     <span class='ocr_line' id='line_1_25' title="bbox 538 3085 3000 3170; baseline -0.001 -17"><span class='ocrx_word' id='word_1_213' title='bbox 538 3090 651 3170; x_wconf 87' lang='lat' dir='ltr'>gis</span> <span class='ocrx_word' id='word_1_214' title='bbox 671 3088 1151 3168; x_wconf 89' lang='lat' dir='ltr'>Portugalliae</span> <span class='ocrx_word' id='word_1_215' title='bbox 1172 3087 1359 3167; x_wconf 92' lang='lat' dir='ltr'>apud</span> <span class='ocrx_word' id='word_1_216' title='bbox 1384 3086 1794 3149; x_wconf 83' lang='lat' dir='ltr'>Pontificem</span> <span class='ocrx_word' id='word_1_217' title='bbox 1817 3098 1892 3149; x_wconf 91' lang='lat' dir='ltr'>ut</span> <span class='ocrx_word' id='word_1_218' title='bbox 1917 3085 2500 3150; x_wconf 89' lang='lat' dir='ltr'>Commissarium</span> <span class='ocrx_word' id='word_1_219' title='bbox 2521 3088 2934 3168; x_wconf 81' lang='lat' dir='ltr'>impetraret</span> <span class='ocrx_word' id='word_1_220' title='bbox 2956 3108 3000 3151; x_wconf 91' lang='lat' dir='ltr'>a</span> 
     </span>
     <span class='ocr_line' id='line_1_26' title="bbox 539 3193 2998 3277; baseline -0.001 -15"><span class='ocrx_word' id='word_1_221' title='bbox 539 3196 720 3263; x_wconf 91' lang='lat' dir='ltr'>Sede</span> <span class='ocrx_word' id='word_1_222' title='bbox 776 3195 1191 3276; x_wconf 88' lang='lat' dir='ltr'>Apostolica</span> <span class='ocrx_word' id='word_1_223' title='bbox 1242 3196 1523 3275; x_wconf 88' lang='lat' dir='ltr'>qualem</span> <span class='ocrx_word' id='word_1_224' title='bbox 1573 3195 1899 3273; x_wconf 90' lang='lat' dir='ltr'>superius</span> <span class='ocrx_word' id='word_1_225' title='bbox 1941 3193 2446 3275; x_wconf 85' lang='lat' dir='ltr'>descripsimus</span> <span class='ocrx_word' id='word_1_226' title='bbox 2493 3203 2518 3232; x_wconf 74' lang='lat'>²</span> <span class='ocrx_word' id='word_1_227' title='bbox 2543 3244 2559 3273; x_wconf 94' lang='lat'>,</span> <span class='ocrx_word' id='word_1_228' title='bbox 2618 3196 2739 3275; x_wconf 90' lang='lat' dir='ltr'>qui</span> <span class='ocrx_word' id='word_1_229' title='bbox 2787 3214 2998 3277; x_wconf 90' lang='lat' dir='ltr'>super</span> 
     </span>
     <span class='ocr_line' id='line_1_27' title="bbox 537 3300 3002 3385; baseline -0 -18"><span class='ocrx_word' id='word_1_230' title='bbox 537 3306 769 3385; x_wconf 91' lang='lat' dir='ltr'>ipsum</span> <span class='ocrx_word' id='word_1_231' title='bbox 786 3313 855 3367; x_wconf 92' lang='lat' dir='ltr'>et</span> <span class='ocrx_word' id='word_1_232' title='bbox 871 3319 1085 3381; x_wconf 88' lang='lat' dir='ltr'>super</span> <span class='ocrx_word' id='word_1_233' title='bbox 1101 3319 1347 3365; x_wconf 89' lang='lat' dir='ltr'>omnes</span> <span class='ocrx_word' id='word_1_234' title='bbox 1360 3300 1818 3364; x_wconf 88' lang='lat' dir='ltr'>Patriarchas</span> <span class='ocrx_word' id='word_1_235' title='bbox 1832 3300 2108 3363; x_wconf 88' lang='lat' dir='ltr'>futuros</span> <span class='ocrx_word' id='word_1_236' title='bbox 2133 3302 2328 3365; x_wconf 88' lang='lat' dir='ltr'>vices</span> <span class='ocrx_word' id='word_1_237' title='bbox 2350 3300 2618 3366; x_wconf 91' lang='lat' dir='ltr'>Summi</span> <span class='ocrx_word' id='word_1_238' title='bbox 2643 3302 3002 3366; x_wconf 73' lang='lat' dir='ltr'>pontificis</span> 
     </span>
     <span class='ocr_line' id='line_1_28' title="bbox 535 3387 3001 3492; baseline -0.001 -17"><span class='ocrx_word' id='word_1_239' title='bbox 535 3420 841 3492; x_wconf 88' lang='lat' dir='ltr'>gereret,</span> <span class='ocrx_word' id='word_1_240' title='bbox 874 3419 943 3473; x_wconf 92' lang='lat' dir='ltr'>et</span> <span class='ocrx_word' id='word_1_241' title='bbox 978 3410 1040 3472; x_wconf 90' lang='lat' dir='ltr'>si</span> <span class='ocrx_word' id='word_1_242' title='bbox 1070 3426 1248 3489; x_wconf 88' lang='lat' dir='ltr'>opus</span> <span class='ocrx_word' id='word_1_243' title='bbox 1278 3418 1485 3485; x_wconf 89' lang='lat' dir='ltr'>esset,</span> <span class='ocrx_word' id='word_1_244' title='bbox 1522 3418 1597 3471; x_wconf 93' lang='lat' dir='ltr'>ut</span> <span class='ocrx_word' id='word_1_245' title='bbox 1619 3387 1901 3471; x_wconf 65' lang='lat' dir='ltr'>&#39;videret</span> <span class='ocrx_word' id='word_1_246' title='bbox 1933 3408 2286 3487; x_wconf 88' lang='lat' dir='ltr'>quomodo</span> <span class='ocrx_word' id='word_1_247' title='bbox 2317 3426 2393 3471; x_wconf 91' lang='lat' dir='ltr'>se</span> <span class='ocrx_word' id='word_1_248' title='bbox 2429 3421 2799 3488; x_wconf 87' lang='lat' dir='ltr'>gererent,</span> <span class='ocrx_word' id='word_1_249' title='bbox 2834 3420 2902 3472; x_wconf 94' lang='lat' dir='ltr'>et</span> <span class='ocrx_word' id='word_1_250' title='bbox 2937 3411 3001 3472; x_wconf 89' lang='lat' dir='ltr'>si</span> 
     </span>
     <span class='ocr_line' id='line_1_29' title="bbox 546 3514 3006 3599; baseline -0 -18"><span class='ocrx_word' id='word_1_251' title='bbox 546 3536 725 3599; x_wconf 90' lang='lat' dir='ltr'>opus</span> <span class='ocrx_word' id='word_1_252' title='bbox 768 3526 955 3580; x_wconf 88' lang='lat' dir='ltr'>esset</span> <span class='ocrx_word' id='word_1_253' title='bbox 993 3515 1570 3597; x_wconf 75' lang='lat' dir='ltr'>reprehenderet,</span> <span class='ocrx_word' id='word_1_254' title='bbox 1615 3514 1746 3577; x_wconf 91' lang='lat' dir='ltr'>sibi</span> <span class='ocrx_word' id='word_1_255' title='bbox 1786 3525 2023 3577; x_wconf 90' lang='lat' dir='ltr'>autem</span> <span class='ocrx_word' id='word_1_256' title='bbox 2063 3515 2549 3595; x_wconf 89' lang='lat' dir='ltr'>gratissimum</span> <span class='ocrx_word' id='word_1_257' title='bbox 2584 3517 2655 3579; x_wconf 90' lang='lat' dir='ltr'>id</span> <span class='ocrx_word' id='word_1_258' title='bbox 2693 3516 3006 3580; x_wconf 87' lang='lat' dir='ltr'>futurum</span> 
     </span>
     <span class='ocr_line' id='line_1_30' title="bbox 546 3622 3006 3705; baseline 0 -17"><span class='ocrx_word' id='word_1_259' title='bbox 546 3626 815 3703; x_wconf 88' lang='lat' dir='ltr'>scribit,</span> <span class='ocrx_word' id='word_1_260' title='bbox 837 3624 1023 3705; x_wconf 91' lang='lat' dir='ltr'>quod</span> <span class='ocrx_word' id='word_1_261' title='bbox 1045 3641 1325 3704; x_wconf 89' lang='lat' dir='ltr'>semper</span> <span class='ocrx_word' id='word_1_262' title='bbox 1344 3622 1781 3703; x_wconf 86' lang='lat' dir='ltr'>superiorem</span> <span class='ocrx_word' id='word_1_263' title='bbox 1796 3622 2059 3685; x_wconf 86' lang='lat' dir='ltr'>habere</span> <span class='ocrx_word' id='word_1_264' title='bbox 2077 3622 2384 3704; x_wconf 87' lang='lat' dir='ltr'>aliquem</span> <span class='ocrx_word' id='word_1_265' title='bbox 2407 3622 2492 3686; x_wconf 91' lang='lat' dir='ltr'>de</span> <span class='ocrx_word' id='word_1_266' title='bbox 2515 3622 2870 3688; x_wconf 90' lang='lat' dir='ltr'>Societate</span> <span class='ocrx_word' id='word_1_267' title='bbox 2893 3643 3006 3688; x_wconf 91' lang='lat' dir='ltr'>cu-</span> 
     </span>
     <span class='ocr_line' id='line_1_31' title="bbox 549 3729 3008 3814; baseline -0 -18"><span class='ocrx_word' id='word_1_268' title='bbox 549 3743 771 3814; x_wconf 87' lang='lat' dir='ltr'>peret;</span> <span class='ocrx_word' id='word_1_269' title='bbox 797 3742 865 3795; x_wconf 92' lang='lat' dir='ltr'>et</span> <span class='ocrx_word' id='word_1_270' title='bbox 890 3732 1053 3811; x_wconf 90' lang='lat' dir='ltr'>quia</span> <span class='ocrx_word' id='word_1_271' title='bbox 1077 3730 1369 3794; x_wconf 89' lang='lat' dir='ltr'>timebat</span> <span class='ocrx_word' id='word_1_272' title='bbox 1400 3730 1884 3806; x_wconf 89' lang='lat' dir='ltr'>mutationem,</span> <span class='ocrx_word' id='word_1_273' title='bbox 1906 3730 2070 3793; x_wconf 87' lang='lat' dir='ltr'>licet</span> <span class='ocrx_word' id='word_1_274' title='bbox 2085 3729 2492 3808; x_wconf 90' lang='lat' dir='ltr'>firmissimi,</span> <span class='ocrx_word' id='word_1_275' title='bbox 2519 3732 2626 3793; x_wconf 92' lang='lat' dir='ltr'>sui</span> <span class='ocrx_word' id='word_1_276' title='bbox 2643 3733 3008 3813; x_wconf 88' lang='lat' dir='ltr'>propositi,</span> 
     </span>
     <span class='ocr_line' id='line_1_32' title="bbox 549 3838 3012 3922; baseline -0 -18"><span class='ocrx_word' id='word_1_277' title='bbox 549 3840 1047 3922; x_wconf 88' lang='lat' dir='ltr'>acquiescendi</span> <span class='ocrx_word' id='word_1_278' title='bbox 1070 3838 1339 3901; x_wconf 89' lang='lat' dir='ltr'>scilicet</span> <span class='ocrx_word' id='word_1_279' title='bbox 1362 3838 1676 3901; x_wconf 89' lang='lat' dir='ltr'>consiliis</span> <span class='ocrx_word' id='word_1_280' title='bbox 1713 3850 2122 3900; x_wconf 88' lang='lat' dir='ltr'>nostrorum</span> <span class='ocrx_word' id='word_1_281' title='bbox 2155 3838 2470 3915; x_wconf 84' lang='lat' dir='ltr'>Patrum,</span> <span class='ocrx_word' id='word_1_282' title='bbox 2497 3840 2681 3919; x_wconf 92' lang='lat' dir='ltr'>quod</span> <span class='ocrx_word' id='word_1_283' title='bbox 2714 3840 2890 3903; x_wconf 90' lang='lat' dir='ltr'>haec</span> <span class='ocrx_word' id='word_1_284' title='bbox 2920 3842 3012 3903; x_wconf 91' lang='lat' dir='ltr'>sit</span> 
     </span>
     <span class='ocr_line' id='line_1_33' title="bbox 549 3944 3012 4027; baseline -0.001 -15"><span class='ocrx_word' id='word_1_285' title='bbox 549 3949 897 4012; x_wconf 90' lang='lat' dir='ltr'>honorum</span> <span class='ocrx_word' id='word_1_286' title='bbox 928 3955 996 4009; x_wconf 92' lang='lat' dir='ltr'>et</span> <span class='ocrx_word' id='word_1_287' title='bbox 1026 3945 1450 4025; x_wconf 87' lang='lat' dir='ltr'>dignitatum</span> <span class='ocrx_word' id='word_1_288' title='bbox 1479 3944 1686 4023; x_wconf 88' lang='lat' dir='ltr'>hujus</span> <span class='ocrx_word' id='word_1_289' title='bbox 1725 3944 1968 4008; x_wconf 90' lang='lat' dir='ltr'>mundi</span> <span class='ocrx_word' id='word_1_290' title='bbox 1999 3954 2280 4023; x_wconf 90' lang='lat' dir='ltr'>natura,</span> <span class='ocrx_word' id='word_1_291' title='bbox 2315 3958 2390 4008; x_wconf 92' lang='lat' dir='ltr'>ut</span> <span class='ocrx_word' id='word_1_292' title='bbox 2431 3947 2645 4009; x_wconf 89' lang='lat' dir='ltr'>etiam</span> <span class='ocrx_word' id='word_1_293' title='bbox 2678 3965 2861 4027; x_wconf 89' lang='lat' dir='ltr'>quae</span> <span class='ocrx_word' id='word_1_294' title='bbox 2901 3947 3012 4009; x_wconf 88' lang='lat' dir='ltr'>fir-</span> 
     </span>
     <span class='ocr_line' id='line_1_34' title="bbox 553 4052 3018 4135; baseline -0.001 -16"><span class='ocrx_word' id='word_1_295' title='bbox 553 4057 758 4119; x_wconf 91' lang='lat' dir='ltr'>miter</span> <span class='ocrx_word' id='word_1_296' title='bbox 782 4062 947 4118; x_wconf 88' lang='lat' dir='ltr'>sunt</span> <span class='ocrx_word' id='word_1_297' title='bbox 969 4053 1334 4134; x_wconf 90' lang='lat' dir='ltr'>proposita</span> <span class='ocrx_word' id='word_1_298' title='bbox 1357 4063 1634 4116; x_wconf 86' lang='lat' dir='ltr'>mutare</span> <span class='ocrx_word' id='word_1_299' title='bbox 1656 4053 2042 4132; x_wconf 83' lang='lat' dir='ltr'>aliquando</span> <span class='ocrx_word' id='word_1_300' title='bbox 2063 4052 2267 4132; x_wconf 88' lang='lat' dir='ltr'>facit;</span> <span class='ocrx_word' id='word_1_301' title='bbox 2293 4064 2364 4117; x_wconf 92' lang='lat' dir='ltr'>et</span> <span class='ocrx_word' id='word_1_302' title='bbox 2405 4054 2506 4116; x_wconf 89' lang='lat' dir='ltr'>ita</span> <span class='ocrx_word' id='word_1_303' title='bbox 2529 4072 2572 4115; x_wconf 91' lang='lat' dir='ltr'>a</span> <span class='ocrx_word' id='word_1_304' title='bbox 2609 4053 2789 4117; x_wconf 90' lang='lat' dir='ltr'>Sede</span> <span class='ocrx_word' id='word_1_305' title='bbox 2827 4052 3018 4135; x_wconf 89' lang='lat' dir='ltr'>Apo-</span> 
     </span>
     <span class='ocr_line' id='line_1_35' title="bbox 552 4158 3020 4239; baseline -0 -14"><span class='ocrx_word' id='word_1_306' title='bbox 552 4162 803 4225; x_wconf 86' lang='lat' dir='ltr'>stolica</span> <span class='ocrx_word' id='word_1_307' title='bbox 829 4161 965 4224; x_wconf 91' lang='lat' dir='ltr'>hoc</span> <span class='ocrx_word' id='word_1_308' title='bbox 986 4161 1440 4239; x_wconf 90' lang='lat' dir='ltr'>impetratum</span> <span class='ocrx_word' id='word_1_309' title='bbox 1468 4168 1596 4236; x_wconf 89' lang='lat' dir='ltr'>est,</span> <span class='ocrx_word' id='word_1_310' title='bbox 1641 4159 1805 4221; x_wconf 91' lang='lat' dir='ltr'>licet</span> <span class='ocrx_word' id='word_1_311' title='bbox 1836 4158 2386 4224; x_wconf 87' lang='lat' dir='ltr'>Commissarius</span> <span class='ocrx_word' id='word_1_312' title='bbox 2415 4159 2814 4239; x_wconf 74' lang='lat' dir='ltr'>huJusmodi</span> <span class='ocrx_word' id='word_1_313' title='bbox 2845 4162 3020 4224; x_wconf 89' lang='lat' dir='ltr'>elec-</span> 
     </span>
     <span class='ocr_line' id='line_1_36' title="bbox 558 4265 3019 4347; baseline 0 -16"><span class='ocrx_word' id='word_1_314' title='bbox 558 4280 671 4331; x_wconf 92' lang='lat' dir='ltr'>tus</span> <span class='ocrx_word' id='word_1_315' title='bbox 694 4286 838 4331; x_wconf 91' lang='lat' dir='ltr'>non</span> <span class='ocrx_word' id='word_1_316' title='bbox 866 4268 1110 4343; x_wconf 84' lang='lat' dir='ltr'>fuerit,</span> <span class='ocrx_word' id='word_1_317' title='bbox 1144 4276 1424 4330; x_wconf 91' lang='lat' dir='ltr'>mortuo</span> <span class='ocrx_word' id='word_1_318' title='bbox 1455 4265 1530 4328; x_wconf 84' lang='lat' dir='ltr'>P.</span> <span class='ocrx_word' id='word_1_319' title='bbox 1566 4266 1914 4347; x_wconf 90' lang='lat' dir='ltr'>Gaspare,</span> <span class='ocrx_word' id='word_1_320' title='bbox 1948 4278 2017 4329; x_wconf 89' lang='lat' dir='ltr'>et</span> <span class='ocrx_word' id='word_1_321' title='bbox 2046 4266 2383 4330; x_wconf 86' lang='lat' dir='ltr'>haerente</span> <span class='ocrx_word' id='word_1_322' title='bbox 2411 4266 2729 4343; x_wconf 80' lang='lat' dir='ltr'>inludia,</span> <span class='ocrx_word' id='word_1_323' title='bbox 2757 4277 2830 4331; x_wconf 90' lang='lat' dir='ltr'>ut</span> <span class='ocrx_word' id='word_1_324' title='bbox 2853 4268 3019 4331; x_wconf 89' lang='lat' dir='ltr'>infe-</span> 
     </span>
     <span class='ocr_line' id='line_1_37' title="bbox 558 4372 3026 4451; baseline 0 -14"><span class='ocrx_word' id='word_1_325' title='bbox 558 4376 706 4438; x_wconf 89' lang='lat' dir='ltr'>rius</span> <span class='ocrx_word' id='word_1_326' title='bbox 738 4372 1111 4449; x_wconf 90' lang='lat' dir='ltr'>videbitur,</span> <span class='ocrx_word' id='word_1_327' title='bbox 1146 4372 1580 4450; x_wconf 71' lang='lat' dir='ltr'>patriarcha,</span> <span class='ocrx_word' id='word_1_328' title='bbox 1630 4373 1749 4451; x_wconf 92' lang='lat' dir='ltr'>qui</span> <span class='ocrx_word' id='word_1_329' title='bbox 1793 4374 2038 4435; x_wconf 89' lang='lat' dir='ltr'>decem</span> <span class='ocrx_word' id='word_1_330' title='bbox 2083 4384 2248 4437; x_wconf 89' lang='lat' dir='ltr'>tunc</span> <span class='ocrx_word' id='word_1_331' title='bbox 2299 4390 2524 4437; x_wconf 86' lang='lat' dir='ltr'>annos</span> <span class='ocrx_word' id='word_1_332' title='bbox 2561 4375 2631 4437; x_wconf 90' lang='lat' dir='ltr'>in</span> <span class='ocrx_word' id='word_1_333' title='bbox 2671 4373 3026 4438; x_wconf 86' lang='lat' dir='ltr'>Societate</span> 
     </span>
     <span class='ocr_line' id='line_1_38' title="bbox 559 4480 2200 4561; baseline 0 -18"><span class='ocrx_word' id='word_1_334' title='bbox 559 4492 831 4561; x_wconf 71' lang='lat' dir='ltr'>egerat,</span> <span class='ocrx_word' id='word_1_335' title='bbox 866 4498 1025 4543; x_wconf 91' lang='lat' dir='ltr'>cum</span> <span class='ocrx_word' id='word_1_336' title='bbox 1060 4481 1150 4543; x_wconf 90' lang='lat' dir='ltr'>ad</span> <span class='ocrx_word' id='word_1_337' title='bbox 1180 4480 1313 4543; x_wconf 89' lang='lat' dir='ltr'>hoc</span> <span class='ocrx_word' id='word_1_338' title='bbox 1348 4480 1651 4543; x_wconf 91' lang='lat' dir='ltr'>officium</span> <span class='ocrx_word' id='word_1_339' title='bbox 1683 4492 2048 4559; x_wconf 87' lang='lat' dir='ltr'>promotus</span> <span class='ocrx_word' id='word_1_340' title='bbox 2072 4490 2200 4543; x_wconf 88' lang='lat' dir='ltr'>est.</span> 
     </span>
    </p>
   </div>
   <div class='ocr_carea' id='block_1_3' title="bbox 691 4607 986 4615">
    <p class='ocr_par' dir='ltr' id='par_1_4' title="bbox 691 4607 986 4615">
     <span class='ocr_line' id='line_1_39' title="bbox 691 4607 986 4615; baseline 0 0"><span class='ocrx_word' id='word_1_341' title='bbox 691 4607 986 4615; x_wconf 95' lang='lat' dir='ltr'> </span> 
     </span>
    </p>
   </div>
   <div class='ocr_carea' id='block_1_4' title="bbox 644 4650 1951 4778">
    <p class='ocr_par' dir='ltr' id='par_1_5' title="bbox 644 4650 1951 4778">
     <span class='ocr_line' id='line_1_40' title="bbox 644 4650 1951 4703; baseline -0.002 -8"><span class='ocrx_word' id='word_1_342' title='bbox 644 4656 657 4683; x_wconf 78' lang='lat'><strong>¹</strong></span> <span class='ocrx_word' id='word_1_343' title='bbox 718 4652 852 4695; x_wconf 86' lang='lat' dir='ltr'>Vide</span> <span class='ocrx_word' id='word_1_344' title='bbox 874 4650 1067 4695; x_wconf 79' lang='lat' dir='ltr'>cartas</span> <span class='ocrx_word' id='word_1_345' title='bbox 1086 4651 1151 4694; x_wconf 80' lang='lat' dir='ltr'>de</span> <span class='ocrx_word' id='word_1_346' title='bbox 1175 4651 1285 4693; x_wconf 82' lang='lat' dir='ltr'>San</span> <span class='ocrx_word' id='word_1_347' title='bbox 1307 4650 1543 4703; x_wconf 71' lang='lat' dir='ltr'>Ignacio,</span> <span class='ocrx_word' id='word_1_348' title='bbox 1564 4656 1603 4693; x_wconf 86' lang='lat' dir='ltr'>t.</span> <span class='ocrx_word' id='word_1_349' title='bbox 1622 4660 1690 4699; x_wconf 78' lang='grc' dir='ltr'>ιν,</span> <span class='ocrx_word' id='word_1_350' title='bbox 1712 4661 1830 4703; x_wconf 75' lang='lat' dir='ltr'>pag.</span> <span class='ocrx_word' id='word_1_351' title='bbox 1854 4651 1951 4693; x_wconf 70' lang='lat'>254.</span> 
     </span>
     <span class='ocr_line' id='line_1_41' title="bbox 644 4722 1395 4778; baseline 0 -11"><span class='ocrx_word' id='word_1_352' title='bbox 644 4726 665 4755; x_wconf 66' lang='grc' dir='ltr'><strong>Ξ</strong></span> <span class='ocrx_word' id='word_1_353' title='bbox 722 4722 907 4778; x_wconf 81' lang='lat' dir='ltr'>Supra,</span> <span class='ocrx_word' id='word_1_354' title='bbox 930 4734 1052 4777; x_wconf 78' lang='lat' dir='ltr'>pag.</span> <span class='ocrx_word' id='word_1_355' title='bbox 1081 4724 1177 4775; x_wconf 88' lang='grc'>576,</span> <span class='ocrx_word' id='word_1_356' title='bbox 1199 4736 1247 4768; x_wconf 89' lang='lat' dir='ltr'>n.</span> <span class='ocrx_word' id='word_1_357' title='bbox 1274 4724 1395 4767; x_wconf 86' lang='grc'><strong>1231.</strong></span> 
     </span>
    </p>
   </div>
   <div class='ocr_carea' id='block_1_5' title="bbox 3692 0 3702 633">
    <p class='ocr_par' dir='ltr' id='par_1_6' title="bbox 3692 0 3702 633">
     <span class='ocr_line' id='line_1_42' title="bbox 3692 0 3702 633; baseline 0 0"><span class='ocrx_word' id='word_1_358' title='bbox 3692 0 3702 633; x_wconf 95' lang='lat' dir='ltr'> </span> 
     </span>
    </p>
   </div>
  </div>
 </body>
</html>
