3742 5392
755 496 867 554 ⁸298
1253 560 1256 565 ,
1685 494 1938 554 Cnnou.
1982 493 2135 555 Soc.
2174 496 2313 569 Jas,

761 649 1052 722 propter
1075 642 1507 705 moestitiam
1531 641 1602 704 in
1626 641 1949 705 morbum
1966 640 2285 705 incidens
2306 641 2481 704 satis
2495 640 2993 720 periculosum,
3012 638 3231 701 filium

760 748 1044 811 interim
1071 764 1350 827 semper
1379 748 1452 811 in
1481 765 1605 812 ore
1633 748 1996 827 habend0‚
2031 749 2152 829 qui
2180 766 2341 812 cum
2373 758 2713 811 constans
2734 748 2806 810 in
2832 746 3049 810 animi
3070 762 3223 826 pro-

760 855 992 933 posito
1021 864 1372 935 maneret,
1406 854 1692 936 quidam
1723 855 2026 935 insignis
2052 855 2333 933 doctor,
2366 854 2521 935 ejus
2548 853 2955 935 praedictae
2978 854 3233 917 matris

758 960 1270 1041 confessariu5‚
1305 962 1658 1025 consuluit
1700 963 1837 1025 hac
1882 962 1969 1025 de
2012 980 2090 1025 re
2131 961 2221 1025 D.
2271 961 2635 1025 Ruardum
2680 960 3223 1037 Cancellarium,

759 1068 878 1148 qui
909 1077 1153 1148 aperte
1182 1066 1550 1148 respondit
1578 1067 1798 1131 filium
1827 1086 1972 1132 non
2002 1068 2261 1132 debere
2288 1068 2690 1148 relinquere
2718 1084 2926 1131 suum
2956 1067 3227 1130 institu-

761 1186 930 1238 tum.
969 1174 1088 1238 Ait
1116 1173 1326 1237 alter:
1359 1174 1386 1202 ‘⁴
1405 1174 1571 1255 quid
1596 1176 1659 1238 si
1680 1175 2028 1238 moriatur
2044 1176 2117 1253 „?
2137 1173 2561 1254 Respondit:
2594 1174 2865 1238 “Etiam
2890 1173 2951 1237 si
2974 1174 3225 1237 moria·

761 1291 938 1359 tur.„
996 1280 1400 1362 Replicavit
1449 1281 1661 1345 alter:
1719 1282 1935 1363 “quid
1990 1282 2053 1344 si
2108 1290 2336 1345 mater
2393 1299 2518 1361 per
2568 1282 3047 1361 praesentiam
3103 1280 3225 1343 filii

759 1388 1387 1466 convalesceret„?
1414 1387 1805 1469 Respondit
1835 1389 2357 1454 Cancellarius:
2393 1390 2419 1417 ‘⁶
2438 1389 2606 1469 quid
2636 1390 2697 1451 si
2725 1406 2869 1453 non
2899 1388 3225 1451 convale-

760 1496 1030 1558 sceret?
1059 1496 1131 1559 in
1159 1513 1378 1559 manu
1417 1494 1705 1560 Domini
1748 1506 1879 1559 est.
1902 1546 1931 1573 „
1971 1496 2277 1560 Demum
2316 1497 2469 1559 sive
2510 1506 2737 1559 mater
2779 1496 3227 1559 convalesce-

759 1613 867 1666 ret
884 1651 899 1680 ,
931 1603 1086 1666 sive
1113 1612 1542 1681 moreretur,
1575 1603 1846 1668 dictum
1871 1603 2095 1667 filium
2122 1604 2371 1667 statuit
2398 1621 2542 1666 non
2572 1604 2799 1666 teneri
2827 1603 2919 1666 ad
2957 1603 3227 1666 institu-

758 1720 912 1774 tum
939 1727 1145 1773 suum
1172 1720 1462 1790 propter
1489 1718 1790 1774 matrem
1819 1711 2383 1791 relinquendum.
2766 1722 2773 1727 ·

881 1816 1024 1879 637.
1110 1815 1417 1896 Quidam
1472 1818 1687 1881 etiam
1741 1817 2081 1881 sacerdos
2132 1834 2256 1899 per
2308 1816 2705 1898 spiritualia
2762 1816 3101 1881 exercitia
3158 1825 3228 1878 et

763 1931 1316 2005 consequentem
1344 1925 1756 2003 generalem
1784 1923 2329 2004 confessionem,
2356 1943 2399 1987 a
2419 1923 3023 2005 pusillanimitatis
3044 1940 3227 1987 mor-

761 2031 852 2093 bo
881 2040 1231 2111 purgatus
1258 2039 1397 2109 est,
1429 2039 1723 2111 propter
1751 2048 1961 2111 quem
1993 2049 2123 2095 nec
2152 2031 2469 2112 pluribus
2510 2032 2716 2094 annis
2754 2032 3227 2095 communica-

765 2146 1003 2217 verat,
1037 2155 1168 2201 nec
1209 2139 1728 2202 celebraverat:
1777 2148 1947 2201 tunc
1986 2149 2257 2218 autem,
2300 2148 2679 2220 postquam
2720 2137 3012 2201 Missam
3050 2139 3229 2200 cele-

761 2244 1031 2324 bravit,
1065 2262 1227 2308 cum
1256 2262 1434 2326 pace
1463 2245 1757 2325 spiritus
1785 2246 2075 2310 domum
2102 2246 2333 2310 rediit.

882 2350 969 2415 Et
997 2351 1177 2415 haec
1207 2352 1295 2415 de
1322 2350 1758 2416 Lovaniensi
1778 2351 2097 2431 Collegio
2127 2351 2499 2417 sufficiant.

1347 2884 1477 2949 DE
1518 2886 1593 2950 P.
1641 2886 2154 2953 BERNARDO
2198 2884 2645 2951 OLIVERIO

1181 3121 1282 3165 ET
1335 3121 1620 3167 nvn-us
1677 3120 2057 3167 coam-:Gn
2114 3118 2680 3167 TORNACENSIS
2738 3100 2788 3164 ¹.

879 3528 1022 3591 638.
1109 3530 1187 3593 In
1239 3540 1574 3593 autumno
1623 3530 1994 3611 praeteriti
2042 3530 2211 3593 anni
2256 3528 2333 3593 P.
2384 3530 2794 3595 Bernardus
2844 3528 3226 3609 OliveriuS,

752 3636 1074 3715 graviter
1104 3646 1517 3715 aegrotanS,
1553 3637 1626 3700 in
1663 3636 2017 3716 Belgium,
2063 3638 2387 3701 nativum
2428 3637 2700 3700 scilicet
2745 3643 3019 3716 aerem,
3064 3636 3221 3699 mis·

754 3759 875 3806 sus
903 3753 1010 3806 est
1039 3742 1062 3773 ²
1080 3792 1096 3822 ,
1132 3753 1202 3806 et
1231 3744 1303 3806 in
1331 3742 1634 3824 Alpibus
1661 3743 1937 3807 Rhetiis
1964 3744 2143 3807 duos
2164 3742 2463 3823 juvenes
2490 3743 2729 3807 frisios
2756 3743 3057 3821 invenit,
3100 3744 3221 3823 qui

751 3850 1088 3929 perutiles
1103 3850 1169 3913 ei
1192 3850 1369 3914 socii
1392 3849 1762 3915 Coloniam
1785 3868 2008 3931 usque
2030 3850 2064 3913 f
2061 3861 2335 3913 uerunt.
2355 3849 2536 3914 Cum
2549 3850 2737 3914 enim
2754 3849 2939 3913 idem
2953 3849 3030 3913 P.
3058 3849 3219 3913 Ber-

752 3955 1020 4020 nardus
1056 3959 1380 4037 galerum
1420 3957 1798 4038 quemdam
1838 3974 2181 4037 magnum
2209 3965 2280 4020 et
2307 3958 2690 4037 pennulam
2741 3974 2938 4021 more
2976 3956 3222 4020 italico

751 4063 969 4127 ferret
989 4112 1004 4143 ,
1037 4066 1228 4127 mulo
1259 4064 1476 4127 etiam
1503 4063 1917 4141 veheretur,
1950 4064 2328 4144 hispanum
2358 4064 2883 4142 existimantes,
2913 4063 3227 4143 hospitio

754 4171 1082 4251 excipere
1133 4171 1391 4234 alicubi
1449 4171 1816 4249 nolebant;
1868 4170 1994 4234 sed
2051 4171 2151 4234 illi
2201 4170 2411 4249 frisii,
2468 4166 2804 4249 comiteS,
2855 4181 2925 4234 et
2968 4171 3102 4234 sibi
3150 4179 3220 4233 et

831 4450 848 4482 ί
905 4448 1068 4494 Delia
1086 4462 1220 4506 quae
1251 4451 1345 4494 sub
1375 4450 1472 4493 hoc
1503 4446 1677 4504 capite
1712 4446 2067 4502 continentur,
2088 4447 2316 4492 videnda
2344 4458 2478 4503 quae
2510 4445 2721 4502 scripsit
2756 4446 2817 4491 P.
2836 4446 3221 4502 L-Datptaca,

749 4520 824 4565 Le
839 4524 1288 4577 praestantissime
1308 4524 1358 4565 et
1379 4522 1434 4565 la
1457 4522 1780 4575 Compagnie
1800 4521 1866 4564 de
1886 4520 2051 4575 jesus
2072 4522 2105 4563 a
2136 4519 2375 4564 Yournai
2404 4530 2475 4563 au
2506 4521 2553 4565 Χ
2568 4520 2675 4565 Vt.-
2705 4520 2885 4572 siecle,
2906 4520 2957 4563 ln
2987 4520 3223 4575 epheme-

748 4594 857 4639 ride
879 4592 1066 4638 Precis
1085 4592 1431 4649 historiqueS,
1451 4600 1487 4638 t.
1506 4604 1588 4645 xz..
1611 4603 1731 4647 pag.
1751 4592 1847 4647 263,
1867 4592 1968 4647 309,
1986 4592 2084 4647 349,
2106 4592 2203 4641 401.
2222 4592 2459 4637 459.-Ex
2478 4594 2543 4639 iis
2572 4605 2667 4637 nos
2688 4594 2849 4638 libere
2868 4591 3222 4637 mutuabimur

746 4666 989 4721 quidquid
1009 4667 1077 4710 ad
1097 4666 1454 4711 narrationem
1474 4665 1687 4709 Polanci
1707 4664 2075 4709 illustrandam
2095 4664 2331 4709 conferre
2354 4664 2632 4709 videbitur.

829 4740 852 4771 ⁸
905 4736 1040 4782 Vide
1063 4750 1238 4793 supra,
1261 4744 1300 4782 t.
1323 4748 1399 4791 m,
1419 4747 1541 4792 pag.
1561 4736 1656 4791 215,
1679 4748 1728 4781 n.
1748 4736 1845 4791 466,
1867 4742 1921 4779 et
1942 4746 2060 4790 pag.
2078 4736 2175 4791 271,
2196 4742 2373 4781 annot.
2397 4738 2435 4782 ι.
