3742 5392
659 483 774 542 508
1579 479 1838 542 Canon.
1878 479 2031 540 Soc.
2074 481 2215 553 Jss.

1129 1161 1262 1227 DE
1303 1161 1638 1278 SANCTi
1681 1159 2041 1226 FELICIS
2084 1160 2679 1226 COLLEGIOLO

801 1590 977 1654 1077.
1067 1589 1452 1671 Postquam
1512 1591 1612 1655 illi
1667 1590 2202 1655 conimbricam
2256 1591 2578 1654 revocati
2633 1589 2917 1655 fuerunt
2942 1641 2957 1670 ,
3018 1597 3139 1674 qui

665 1698 864 1780 apud
893 1697 964 1762 S.
997 1697 1308 1762 Felicem
1336 1699 1827 1778 philosophiae
1857 1713 2146 1762 cursum
2174 1698 2691 1762 emetiebantur
2723 1697 2773 1774 ¹,
2800 1699 2974 1762 nulli
2994 1717 3136 1764 am-

669 1807 856 1887 plius
875 1854 890 1884 ,
922 1803 1328 1885 huiusmodi
1359 1806 1756 1870 studiorum
1785 1805 2059 1886 gratia,
2090 1805 2290 1868 missi
2319 1822 2403 1868 eo
2426 1803 2741 1884 fuerunt,
2769 1814 2839 1869 et
2860 1815 3137 1870 tantum

671 1913 890 1994 aliqui
921 1913 1419 1977 valetudinarii
1441 1930 1549 1991 e0,
1575 1912 2108 1993 recuperandae
2130 1913 2459 1976 sanitatis
2478 1915 2740 1992 gratia,
2766 1913 3136 1977 mitteban-

673 2033 814 2084 tur.
847 2019 1185 2084 Praeerat
1215 2021 1318 2083 eis
1346 2029 1416 2082 et
1445 2020 1742 2083 curabat
1766 2037 1949 2100 quae
1982 2019 2074 2083 ad
2102 2019 2371 2082 reditus
2408 2019 2711 2100 Collegii
2746 2019 3137 2084 Conimbri-

673 2127 912 2191 censis
941 2128 1393 2207 spectabant,
1437 2124 1513 2188 P.
1553 2125 1808 2190 Petrus
1843 2123 2060 2204 Diaz,
2105 2126 2225 2206 qui
2261 2127 2477 2190 etiam
2516 2127 2898 2207 aliquando
2936 2127 3136 2192 festis

677 2234 926 2297 diebus
955 2235 1027 2298 in
1059 2234 1198 2298 illis
1226 2233 1594 2314 parochiis
1615 2233 2203 2310 concionabatur,
2232 2251 2416 2314 quae
2440 2233 2791 2297 Abbatiae
2813 2251 3136 2298 annexae

673 2339 960 2404 fuerant
978 2391 992 2420 ,
1023 2351 1094 2404 et
1123 2340 1282 2404 ideo
1305 2342 1584 2404 illarum
1608 2357 1780 2405 cura
1805 2357 2025 2421 penes
2048 2339 2475 2404 Societatem
2501 2351 2669 2405 tunc
2692 2353 2870 2421 erat,
2896 2359 3137 2422 quam·

677 2448 790 2510 vis
817 2445 1156 2511 Vicarios
1183 2448 1504 2512 ecclesiis
1533 2447 2024 2528 praeficerent.

805 2553 984 2618 1078.
1065 2553 1205 2619 Sed
1235 2554 1695 2619 vehementer
1724 2554 2139 2634 impeditum
2181 2554 2313 2618 fuit
2350 2555 2487 2618 Dei
2529 2556 2942 2636 obsequium
2981 2574 3137 2637 pro·

673 2670 922 2742 pterea
953 2662 1144 2742 quod
1173 2662 1402 2726 nostri
1429 2662 1618 2726 bona
1646 2662 1999 2742 quaedam
2031 2673 2373 2743 usurpata
2404 2664 2813 2728 monasterii
2850 2682 3136 2744 recupe-

677 2787 841 2834 rare
871 2770 1306 2846 nitebantur;
1341 2779 1412 2832 et
1441 2769 1601 2833 ideo
1629 2779 1779 2834 tam
1808 2786 2070 2833 averso
2099 2769 2337 2833 animo
2366 2788 2522 2834 esse
2552 2783 2937 2850 coeperunt
2968 2774 3139 2836 mul·

681 2877 732 2940 ti
762 2927 776 2954 ,
848 2887 923 2940 ut
978 2895 1121 2941 non
1178 2879 1407 2940 solum
1463 2877 2111 2958 praedicationibus
2167 2877 2510 2941 interesse
2538 2927 2552 2956 ,
2622 2887 2743 2942 aut
2799 2880 2873 2942 in
2928 2879 3139 2943 rebus

673 2985 1166 3066 spiritualibus
1196 2983 1554 3064 adjuvari,
1589 2984 1714 3048 sed
1743 3002 1832 3049 ne
1863 2984 2107 3048 videre
2137 2986 2421 3065 quidem
2458 2983 2743 3050 Patrem
2773 2987 2969 3050 illum
2998 2989 3137 3049 vel·

680 3093 856 3170 lent,
911 3109 1120 3172 quem
1170 3100 1240 3155 et
1281 3093 1353 3156 in
1406 3109 1748 3156 censuras
1798 3093 2145 3173 quasdam
2196 3093 2531 3156 incidisse
2580 3093 2714 3156 sibi
2767 3093 3137 3173 persuade-

678 3199 887 3262 bant:
935 3199 1191 3277 litium,
1234 3199 1450 3263 etiam
1482 3199 1866 3280 justarum,
1908 3199 2184 3263 fructus
2231 3197 2629 3277 hujusmodi
2678 3217 2835 3263 esse
2885 3201 3133 3263 solent.

676 3304 967 3370 Accidit
996 3316 1074 3369 ut
1113 3307 1492 3387 quemdam
1536 3315 2027 3386 aegrotantem
2070 3306 2410 3370 inviseret
2456 3305 2529 3369 P.
2576 3306 2827 3371 Petrus
2868 3315 2946 3372 ut
2988 3306 3141 3388 ejus

678 3413 958 3477 audiret
984 3413 1508 3476 confessionem
1530 3425 1599 3476 et
1622 3414 1693 3476 in
1715 3414 1931 3476 rebus
1952 3414 2435 3494 spiritualibus
2456 3431 2615 3477 eum
2633 3413 2939 3494 juvaret.
2965 3415 3141 3479 Cum

679 3529 920 3584 autem
947 3530 1288 3600 aegrotus
1327 3520 1792 3583 intellexisset
1829 3521 2021 3600 quod
2060 3521 2151 3584 ad
2190 3530 2471 3600 portam
2508 3519 2717 3585 Pater
2754 3521 2870 3584 ille
2906 3540 3142 3585 acces-

679 3637 874 3691 serat
895 3677 909 3706 ,
941 3627 1126 3691 forte
1154 3627 1453 3691 credens
1482 3629 1672 3707 quod
1703 3627 1856 3691 sine
1886 3626 2041 3707 ejus
2070 3628 2355 3691 licentia
2385 3627 2661 3709 ingredi
2693 3629 2925 3706 vellet,
2952 3630 3143 3693 misit

682 3751 982 3798 uxorem
1012 3751 1249 3813 suam,
1288 3752 1465 3816 quae
1495 3734 1754 3798 ostium
1783 3734 2176 3810 clauderet;
2214 3753 2395 3816 quae
2425 3753 2587 3800 cum
2617 3737 2689 3800 id
2717 3735 3011 3816 faceret,
3044 3735 3144 3799 di-

681 3841 788 3905 xit
834 3840 1032 3905 Patri
1080 3839 1291 3906 Petro
1340 3841 1522 3906 Diaz
1573 3843 1909 3905 maritum
1956 3859 2164 3905 suum
2220 3843 2409 3905 nolle
2446 3853 2617 3907 tunc
2671 3843 3025 3922 confiteri,
3074 3853 3143 3906 et

681 3948 916 4027 ipsum
938 3965 1109 4012 suae
1132 3949 1612 4013 conscientiae
1636 3967 1885 4013 curam
1910 3949 2335 4014 habiturum.
2356 3948 2560 4013 Alius
2582 3951 2795 4014 etiam
2820 3949 3143 4014 eumdem

680 4055 970 4120 Patrem
1001 4057 1074 4119 in
1102 4056 1408 4137 quadam
1433 4057 1734 4120 ecclesia
1759 4057 2288 4120 contumeliosis
2310 4057 2551 4120 verbis
2574 4059 2873 4139 excepit,
2904 4075 3143 4139 quam·

684 4164 794 4228 vis
822 4174 1076 4245 postea
1109 4175 1576 4246 compunctus
1607 4165 1894 4228 veniam
1934 4164 2345 4245 postulavit.
2386 4163 2631 4244 Itaque
2670 4183 2833 4228 cum
2869 4165 3148 4228 deesset

681 4271 943 4351 agendi
975 4272 1297 4351 occasio,
1331 4272 1647 4353 patiendi
1682 4289 1825 4334 non
1868 4272 2135 4334 deerat.
2179 4271 2355 4334 Erat
2395 4281 2637 4335 autem
2686 4289 2850 4335 cum
2901 4270 2978 4334 P.
3023 4269 3147 4334 Pe-

678 4391 792 4442 tro
843 4378 1182 4442 sacerdos
1231 4379 1414 4442 alius
1465 4378 2029 4442 valetudinarius
2082 4387 2153 4440 et
2192 4389 2339 4442 tres
2379 4378 2497 4440 vel
2534 4387 2837 4458 quatuor
2886 4377 3151 4442 fratres

679 4496 980 4551 tantum.

764 4732 782 4765 ¹
838 4731 974 4776 Vide
992 4743 1150 4787 supra
1167 4765 1178 4786 ,
1201 4738 1239 4775 t.
1261 4742 1322 4776 ιη
1336 4764 1348 4787 ,
1368 4742 1487 4787 pag.
1509 4732 1605 4786 ⁴19,
1627 4743 1677 4776 n.
1697 4731 1793 4774 928.
