3742 5392
727 523 802 583 50
1645 521 1901 583 Cnaon.
1942 521 2099 582 Soc·
2140 523 2285 596 Jas,

731 671 858 735 sed
903 680 1154 752 sponte
1205 669 1297 732 ad
1343 669 1523 733 haec
1572 669 1913 733 exercitia
1957 670 2410 734 accederent.
2452 669 2717 734 Docuit
2754 679 2994 734 tamen
3036 669 3207 748 ipsa

732 775 1171 857 experientia
1195 776 1405 856 quod,
1438 775 1768 857 quamvis
1797 793 2042 841 omnes
2072 776 2172 839 illi
2202 776 2403 840 initio
2443 777 3013 840 benevolentiam
3050 793 3202 838 non

735 884 1160 948 mediocrem
1189 882 1454 946 nostris
1486 881 1973 960 ostendebant,
2008 899 2152 946 non
2180 891 2418 947 tamen
2452 901 2697 947 omnes
2740 884 2991 946 eadem
3030 883 3198 946 dile·

735 992 966 1056 ctione
993 987 1422 1056 Societatem
1453 989 2094 1071 prosequebantur;
2146 992 2319 1071 quin
2362 991 2597 1071 potius
2626 989 3033 1071 perdifficile
3062 990 3195 1054 suit

734 1097 1051 1179 plurimis
1078 1098 1284 1160 annis
1312 1114 1559 1161 eorum
1587 1096 1862 1159 animos
1894 1096 2299 1174 conciliare,
2334 1097 2497 1160 licet
2541 1098 2897 1178 obsequiis
2925 1106 2997 1160 et
3024 1115 3193 1180 qua-

732 1205 844 1268 vis
872 1206 1150 1268 ratione
1179 1221 1304 1268 eos
1332 1204 1678 1268 demereri
1727 1203 1955 1266 nostri
2003 1205 2415 1268 curaverint
2460 1202 2499 1268 ¹.
2545 1203 2809 1285 Aliqua
2854 1205 3062 1285 hujus
3088 1205 3195 1269 rei

735 1311 1146 1391 conjectura
1174 1329 1265 1374 ex
1293 1327 1378 1374 eo
1408 1311 1592 1374 sumi
1620 1311 1867 1391 potuit,
1902 1311 2095 1391 quod
2123 1327 2285 1374 cum
2314 1312 2698 1375 circulator
2728 1311 3019 1392 quidam
3048 1321 3200 1376 tam

731 1419 1130 1500 peregrinis
1159 1435 1372 1498 quam
1399 1419 1558 1481 aliis
1587 1418 1659 1481 in
1681 1419 1919 1499 platea
1947 1436 2193 1483 coram
2241 1421 2505 1500 templo
2548 1419 2629 1483 B.
2674 1418 2997 1499 Virginis
3025 1437 3209 1484 suas

733 1543 964 1606 nugas
995 1525 1420 1604 venditaret,
1471 1525 1729 1588 missus
1780 1535 1889 1589 est
1938 1543 2027 1589 ex
2076 1527 2341 1589 nostris
2390 1527 2839 1591 scholasticis
2880 1527 3192 1608 quidam,

732 1633 1096 1715 Philippus
1121 1633 1392 1696 scilicet
1420 1630 1869 1711 Gandiensis,
1903 1633 2023 1713 qui
2053 1633 2542 1696 concionando
2572 1634 2646 1696 in
2674 1633 2923 1698 eadem
2955 1635 3194 1714 platea

731 1741 1093 1805 auditores
1122 1740 1211 1803 ab
1248 1740 1436 1803 illius
1462 1738 1670 1802 vanis
1699 1740 2144 1804 sermonibus
2167 1740 2256 1803 ad
2298 1757 2414 1803 res
2442 1741 2761 1804 utiliores
2804 1741 3205 1805 audiendas

730 1847 1166 1912 transferret.
1199 1847 1321 1910 Ille
1351 1854 1588 1909 autem
1618 1846 1734 1910 ubi
1763 1846 1998 1926 coepit
2040 1863 2436 1910 sermonem
2465 1846 2551 1910 de
2581 1849 2791 1910 rebus
2821 1848 2912 1911 ad
2952 1847 3191 1912 aedifi-

731 1953 1084 2018 cationem
1113 1952 1627 2034 pertinentibus
1649 1953 1935 2032 habere,
1960 1961 2150 2016 totus
2172 1953 2287 2016 ille
2312 1955 2635 2034 populu-3,
2660 1955 2942 2018 deserto
2966 1956 3205 2019 circu-⁴-

729 2062 979 2140 latore,
1012 2061 1103 2124 ad
1130 2059 1530 2142 Philippum
1559 2060 1990 2124 audiendum
2018 2077 2095 2123 se
2126 2061 2516 2139 convertit,
2559 2071 2629 2124 et
2668 2078 2833 2125 cum
2873 2064 3201 2126 consola·-

728 2169 922 2232 tione
954 2177 1024 2231 et
1053 2167 1543 2231 aedificatione
1573 2184 1734 2230 eum
1764 2166 2057 2230 audivit.
2092 2164 2239 2231 Soli
2268 2155 2711 2248 sacerdotes„
2745 2169 2866 2249 qui
2898 2167 3201 2233 circula·

732 2284 967 2340 torem
997 2274 1400 2351 audiebant,
1433 2274 1977 2338 substraxerunt
2007 2291 2083 2337 se
2126 2274 2215 2338 ab
2256 2275 2749 2338 exhortatione
2789 2275 3091 2356 Philippi
3122 2275 3203 2340 in·

725 2384 984 2463 platea.
1041 2380 1304 2444 Omnes
1353 2389 1593 2444 tamen
1641 2389 1710 2444 et
1761 2390 2085 2444 amanter
2132 2391 2202 2444 et
2250 2381 2634 2446 honorifice
2665 2391 2947 2446 nostros
2976 2384 3193 2446 susci·

737 2488 1048 2570 piebant.

761 2649 766 2656 .
843 2594 945 2658 84.
1031 2595 1379 2678 Juvenem
1412 2595 1790 2674 quemdam
1816 2596 2111 2676 gallum,
2143 2597 2339 2659 velut
2369 2597 2720 2676 primitias
2755 2594 3078 2672 Romam,
3112 2605 3201 2660 ut.

724 2705 798 2767 in
827 2700 1259 2767 Societatem
1281 2700 1796 2780 admitteretur,
1826 2701 2298 2781 destinarunt;
2333 2703 2635 2767 alterum
2664 2705 2875 2767 etiam
2908 2721 3197 2782 germa—

723 2827 895 2874 num
923 2808 1214 2872 Laureti
1241 2807 1716 2886 admittenteS,
1747 2807 1822 2871 in
1849 2807 2235 2872 humilibus
2264 2809 2681 2873 ministeriis
2700 2810 3005 2890 probare
3029 2828 3188 2874 coe-

721 2924 1015 2997 perunt;
1073 2925 1370 2995 uterque
1417 2914 1490 2977 in
1543 2914 1783 2978 latinis
1838 2914 2093 2978 litteris
2151 2925 2307 2979 erat
2361 2926 2715 2980 versatus.
2777 2916 3020 2998 Aliqui
3072 2917 3195 2980 alii

721 3031 1096 3103 praeterea
1125 3019 1472 3102 probandi
1499 3021 1696 3101 prius
1723 3020 2149 3091 videbantur
2177 3040 2393 3103 quam
2416 3039 2539 3086 eos
2562 3023 2677 3087 vel
2702 3022 3193 3103 admitterent,.

724 3129 842 3192 vel
869 3127 1171 3192 Romam
1201 3127 1662 3191 destinarent.
2434 3198 2441 3204 ,

847 3234 951 3297 85.
1039 3233 1408 3314 Hospitale
1437 3235 1754 3314 ipsorum
1782 3234 2208 3299 habitationi
2238 3237 2555 3301 vicinum
2582 3240 2607 3272 ¹
2657 3237 2969 3318 quotidie
3018 3236 3205 3301 invi·-

728 3341 1002 3419 sebant,
1036 3350 1105 3405 et
1137 3341 1396 3404 multas
1417 3341 1676 3404 ibidem
1698 3339 2182 3405 confessiones
2210 3343 2607 3423 audierunt,
2640 3353 2788 3407 tam
2817 3353 3195 3423 aegrotan-

727 3449 906 3513 tium
935 3464 1151 3528 quam
1179 3465 1453 3526 eorum,
1505 3449 1628 3528 qui
1673 3448 2214 3529 ministrabant;
2259 3451 2381 3531 qui
2430 3467 2703 3530 omneS,
2752 3461 2900 3514 tam
2948 3450 3203 3514 famuli

725 3698 860 3732 anno
896 3699 931 3733 a
964 3687 1182 3742 Collegit
1217 3687 1541 3732 incunabulis
1573 3687 1780 3731 admitti
1817 3688 2004 3732 obnixe
2040 3689 2270 3743 petierit.
2304 3687 2492 3732 Missus
2532 3695 2612 3733 est
2644 3687 2860 3732 Romam
2898 3696 3017 3742 post
3050 3689 3195 3734 facta

724 3759 998 3804 Exercitia
1019 3759 1315 3813 spiritualia
1339 3767 1390 3801 et
1411 3757 1614 3803 firmam
1636 3759 1794 3804 animi
1815 3760 2163 3804 stabilitatem
2184 3792 2195 3811 .
2214 3766 2272 3803 ut
2295 3772 2328 3804 a
2346 3759 2405 3803 Β.
2432 3761 2483 3804 P.
2506 3759 2567 3803 N.
2588 3759 2794 3813 Ignatio
2826 3761 3193 3805 admitteretur

724 3837 779 3876 et
799 3831 1163 3876 efformaretur
1177 3863 1188 3884 ,
1209 3829 1342 3884 qnod
1363 3829 1461 3874 Dei
1481 3837 1534 3873 et
1555 3830 1730 3874 Patris
1750 3829 2002 3876 beneflcio
2023 3831 2272 3885 obtinuit3
2294 3831 2499 3886 sequuti
2522 3839 2641 3875 sunt
2658 3843 2772 3875 eum
2794 3832 2892 3875 duo
2914 3831 3073 3887 ipsius
3090 3832 3111 3874 s
3110 3841 3193 3874 ra·

723 3911 834 3948 trea
857 3901 1166 3948 Hortensius
1185 3908 1239 3946 et
1261 3901 1472 3945 Curtius
1491 3903 1734 3946 Androtii
1749 3935 1760 3952 .
1783 3903 1869 3956 qui
1894 3903 1945 3946 in
1966 3903 2257 3947 ministerio
2294 3903 2577 3947 domestico
2610 3904 2787 3947 multis
2818 3903 2967 3947 annis
2994 3903 3203 3947 versati·

724 3981 844 4018 aunt
861 4005 873 4026 ‚
891 3975 976 4018 iile
997 3973 1191 4030 Tyburi
1207 4006 1218 4025 .
1235 3973 1318 4017 hic
1341 3972 1642 4027 Mediolani,
1667 3973 1905 4018 omnibus
1933 3975 2221 4019 virtutibus
2248 3975 2577 4029 spectabiles.
2613 3975 2667 4018 Ρ.
2700 3974 2915 4018 Fulvius
2944 3975 3192 4019 constitu-

725 4053 812 4091 tus
833 4053 914 4090 eat
937 4045 1129 4090 Rector
1149 4045 1368 4098 Collegii
1389 4044 1745 4089 Feri-ariensis
1761 4077 1771 4091 .
1791 4047 1879 4090 ubi
1902 4054 1954 4090 et
1975 4046 2110 4090 diem
2132 4046 2321 4090 clausit
2342 4055 2628 4090 extremum
2644 4079 2655 4098 .
2676 4046 2905 4090 Ducibus
2927 4053 2978 4090 et
2999 4047 3097 4091 toti
3121 4046 3192 4091 ci·

729 4119 886 4162 vitati
906 4118 1063 4161 vaide
1083 4128 1238 4161 carus
1259 4118 1323 4160 ob
1344 4118 1610 4171 egregiam
1633 4118 1885 4172 pietatem
1908 4125 1959 4161 et
1978 4127 2157 4162 raram
2178 4118 2524 4173 prudentiam.
2560 4117 2739 4162 Edidit
2768 4119 2971 4173 aliquos
3000 4123 3195 4162 tracta-

731 4196 814 4234 tus
835 4189 989 4233 valde
1010 4189 1124 4243 pios
1135 4196 1189 4232 et
1205 4188 1550 4243 spirituales...
1571 4187 1718 4231 Ouv.
1737 4187 1895 4242 Man..
1916 4190 1951 4232 1.
1973 4199 2001 4234 c
2022 4221 2034 4242 ,
2056 4188 2099 4242 §-
2120 4191 2163 4232 8.

809 4261 822 4293 ¹
885 4259 1188 4304 “Adventus
1205 4267 1382 4304 noster
1405 4260 1499 4304 suit
1517 4259 1792 4304 canonicis
1813 4261 1968 4304 valde
1990 4261 2377 4316 ingratus,quia
2396 4261 2693 4305 indicabant
2714 4269 3009 4305 nostrornm
3026 4271 3207 4305 accen—

726 4331 870 4377 sione
891 4331 1086 4386 aliquid
1107 4330 1215 4376 suis
1236 4332 1515 4375 commodis
1534 4332 1830 4376 detractum
1851 4332 1917 4376 iri
1939 4339 1990 4376 et
2010 4338 2193 4376 nostra
2212 4333 2511 4387 praesentia
2532 4341 2585 4376 et
2605 4334 2757 4376 modo
2775 4333 2962 4386 agendi
2980 4331 3195 4376 liberta-

725 4409 834 4449 tem
855 4414 1003 4447 suam
1026 4403 1087 4446 iri
1109 4403 1410 4447 restrictum
1424 4434 1436 4456 ,
1457 4403 1670 4457 proinde
1691 4415 1877 4458 parum
1898 4404 2045 4448 nobis
2065 4404 2275 4459 propitii
2297 4405 2656 4456 exstiterunt...
2671 4404 2745 4448 Id.
2764 4405 2903 4458 ibid..
2926 4403 2968 4458 §-
2993 4406 3032 4449 1.

803 4477 826 4508 Ξ
885 4475 991 4520 “En
1015 4473 1207 4530 tiempo
1229 4475 1291 4518 de
1315 4473 1474 4519 Paulo
1495 4474 1570 4518 111
1589 4487 1644 4518 se
1665 4475 1814 4519 abrio
1833 4487 1868 4532 y
1889 4476 2043 4530 poblo
2063 4477 2111 4518 el
2134 4475 2371 4530 Hospita!
2394 4475 2457 4519 de
2480 4477 2557 4520 los
2590 4476 2848 4520 enfermos
2864 4508 2875 4528 ,
2908 4487 3006 4531 que
3044 4481 3194 4519 antes

618 4589 629 4602 ,
721 4559 777 4592 ae
799 4548 956 4592 habia
979 4546 1290 4590 comenzado
1311 4557 1444 4600 para
1464 4548 1543 4590 los
1563 4547 1867 4601 peregrinos
1885 4579 1896 4595 .
1918 4547 2103 4609 dentre
2124 4548 2208 4590 del
2231 4547 2449 4601 Pueul03
2470 4559 2505 4604 y
2528 4547 2675 4591 fuera
2697 4548 2778 4591 ddi
2800 4548 2905 4603 hay
2925 4554 3042 4592 otro
3060 4558 3195 4601 para

724 4621 804 4663 los
827 4620 1060 4673 leprosos
1077 4650 1089 4670 ,
1111 4628 1210 4672 que
1231 4629 1296 4661 no
1317 4629 1406 4662 aon
1427 4629 1582 4672 pocos
1597 4648 1608 4664 .
1625 4630 1660 4674 y
1683 4617 1830 4661 todos
1849 4629 1907 4661 se
1928 4629 2088 4662 curan
2108 4631 2145 4675 y
2164 4630 2221 4663 ae
2241 4620 2459 4672 regalan
2491 4629 2586 4662 con
2610 4618 2935 4662 abundancia
2952 4651 2963 4672 ,
2986 4628 3133 4662 amor
3158 4629 3196 4674 y

726 4685 988 4740 caridad...
1009 4689 1348 4733 Tuasazuxo.
1369 4688 1659 4733 Discursus
1677 4689 2041 4734 historiales...
2058 4724 2070 4740 .
2090 4701 2185 4734 con
2214 4690 2293 4734 los
2327 4701 2544 4734 sucesos
2568 4701 2605 4745 y
2638 4694 2922 4733 annu-neos
2951 4690 3113 4733 hasta
3141 4689 3203 4733 et

722 4763 827 4850 4.ῆο
847 4761 982 4806 1659
999 4794 1013 4813 ,
1033 4771 1126 4816 por
1147 4765 1194 4808 el
1220 4759 1268 4804 Ρ.
1290 4761 1424 4815 Juan
1445 4762 1507 4805 de
1531 4761 1756 4816 nux-gos.
1777 4762 2214 4817 Angelopoutuno
2235 4762 2297 4805 de
2320 4764 2370 4807 ia
2392 4761 2448 4806 C.
2483 4763 2546 4805 de
2568 4762 2631 4815 J..
2652 4763 2741 4806 lib.
2764 4772 2801 4806 n
2818 4795 2829 4812 .
2851 4773 2966 4817 cap.
2984 4761 3057 4805 86.
