3742 5392
1647 526 1778 586 Au.
1803 522 1959 620 *1554
2942 526 3053 585 389

571 672 710 735 stri
737 670 1082 750 ferebant,
1114 680 1184 734 et
1212 673 1286 736 in
1316 673 1450 735 hoc
1475 672 1898 737 detrimento
1928 672 2200 752 seipsos
2223 674 2663 752 solabantur,
2701 673 2886 753 quod
2911 673 3049 752 pri-

581 794 773 843 mam
804 779 1435 857 congregationem
1461 779 1850 859 Hispaniae
1882 780 2071 843 domi
2102 796 2273 842 suae
2304 780 2750 857 habuissent,
2788 788 2855 842 et
2885 780 3050 842 inde

583 882 659 948 P.
728 884 1157 949 Franciscus
1221 886 1485 965 Borgia
1552 884 2103 950 Commissarius
2132 934 2145 964 ‚
2212 885 2287 949 P.
2360 885 2599 949 Araoz
2668 885 3047 960 Castellae,

569 990 656 1056 P.
682 989 944 1055 Torres
972 991 1335 1071 Baeticae,
1378 992 1456 1056 P.
1489 991 1746 1055 Strada
1777 993 2212 1072 Aragoniae,
2245 992 2731 1055 Provinciales
2772 992 3049 1071 egressi

583 1108 840 1163 essent.
873 1098 1011 1163 Sed
1041 1110 1110 1162 et
1137 1099 1380 1162 intime
1411 1099 2000 1162 constitutionum
2026 1110 2238 1179 atque
2278 1101 2690 1179 regularum
2741 1101 3048 1179 promul·

579 1206 774 1285 gatio
805 1216 1088 1270 nostros
1118 1207 1188 1269 in
1219 1205 1529 1270 Domino
1561 1207 1945 1270 recreavit.

589 1366 598 1372 .
696 1312 838 1377 835.
923 1312 1113 1378 Inter
1143 1315 1438 1393 multOS,
1483 1313 1601 1395 qui
1640 1314 1833 1377 avia
1861 1314 2377 1377 aberraverant
2415 1324 2485 1377 et
2515 1330 2732 1394 opera
2770 1323 3047 1378 nostro·

577 1437 738 1483 rum
787 1420 1063 1483 reducti
1107 1420 1392 1484 fuerunt
1439 1420 1929 1500 Methymnae,
1966 1421 2253 1500 quidam
2292 1420 2671 1500 religiosus
2700 1422 2865 1501 fuit,
2899 1422 3043 1501 qui,

563 1544 740 1589 cum
766 1527 1023 1606 viginti
1052 1527 1358 1607 quinque
1387 1544 1616 1590 annos
1646 1546 1689 1590 a
1717 1526 2168 1591 confessione
2198 1528 2680 1607 abstinuisset,
2706 1536 2911 1591 extra
2943 1546 3048 1591 re-

578 1633 915 1713 ligionem
943 1634 1016 1697 in
1038 1634 1320 1714 magnis
1343 1634 1657 1714 peccatis
1681 1651 2175 1714 perseveram,
2206 1643 2692 1715 compunctus,
2720 1635 2812 1699 ad
2837 1652 3044 1699 suum

579 1740 1088 1803 monasterium
1121 1740 1358 1804 rediit.
2005 1746 2012 1753 ’

694 1845 836 1911 836.
923 1848 1000 1911 In
1025 1848 1511 1924 concionibuS,
1539 1848 1876 1928 quamdiu
1904 1848 1982 1910 P.
2008 1848 2331 1929 Baptista
2356 1846 2373 1879 ¹
2404 1849 2499 1913 ibi
2522 1849 2675 1929 fuit,
2708 1848 3045 1930 frequens

579 1954 958 2019 admodum
988 1955 1415 2019 auditorium
1445 1954 1714 2034 habuit;
1748 1955 1875 2018 sed
1904 1954 2055 2035 ejus
2085 1973 2413 2019 recessus
2456 1957 2530 2020 in
2558 1956 2925 2020 Baeticam
2958 1972 3043 2019 eo

575 2062 900 2126 acerbius
929 2063 1508 2141 methymnenses
1535 2071 1946 2142 senserunt,
1978 2080 2118 2143 quo
2148 2064 2421 2143 gratior
2453 2064 2781 2128 omnibus
2810 2071 2965 2126 erat
2996 2062 3043 2125 ².

575 2168 978 2249 Antequam
1006 2169 1292 2232 omnino
1323 2168 1741 2249 Methymna
1785 2169 2182 2250 recederet,
2218 2168 2525 2235 Abulam
2569 2188 2661 2234 ex
2698 2169 3047 2251 praescri·

574 2284 694 2356 pto
723 2275 800 2339 P.
830 2275 1203 2339 Francisci
1240 2276 1548 2356 Borgiae
1591 2275 1780 2340 idem
1821 2294 1901 2339 se
1930 2277 2259 2353 contulit,
2303 2286 2372 2341 et
2411 2296 2495 2340 eo
2540 2286 2859 2358 tempore
2898 2278 3043 2340 suis

574 2382 1036 2447 concionibus
1063 2385 1358 2446 multum
1388 2384 1758 2447 civitatem
1791 2400 1954 2446 eam
1982 2384 2075 2447 ad
2104 2383 2398 2448 meliora
2422 2384 2801 2464 promovit.

689 2488 832 2552 837.
920 2489 1240 2569 Quatuor
1269 2491 1678 2553 sacerdotes
1707 2498 1777 2553 et
1807 2499 2082 2571 septem
2132 2491 2297 2555 laici
2354 2490 2749 2571 Septembri
2796 2508 3039 2555 mense

578 2594 1036 2676 Methymnae
1071 2597 1304 2660 relicti
1341 2607 1574 2675 erant,
1621 2597 1746 2660 sed
1792 2606 1862 2659 et
1900 2596 2176 2677 aliquos
2217 2616 2306 2661 ex
2345 2598 2455 2661 his
2494 2598 2633 2662 alio
2671 2598 3037 2674 miserunt;

574 2720 740 2765 nam
768 2703 889 2783 qui
919 2702 1483 2766 Grammaticam
1522 2704 1853 2782 docebat,
1890 2703 1965 2766 P.
1999 2701 2286 2783 Duran,
2322 2705 2415 2768 ad
2444 2704 2833 2785 Collegium
2865 2704 3043 2768 Bur-

575 2826 792 2890 gense
823 2810 1282 2873 transmissus
1312 2821 1452 2890 est;
1485 2811 1622 2873 duo
1655 2811 1776 2875 alii
1813 2810 2275 2890 Placentiam,
2324 2829 2507 2875 unus
2542 2811 3037 2876 Vallisoletum

577 2914 668 2979 ad
697 2916 1187 2997 philosophiae
1218 2934 1506 2981 cursum
1535 2916 1993 2997 audiendum,
2028 2919 2285 2982 missus
2316 2928 2445 2998 est;
2486 2919 2725 2999 itaque
2764 2928 3037 2999 septem

575 3024 690 3086 vel
719 3032 880 3086 octo
920 3032 1197 3086 tantum
1233 3032 1677 3103 manserunt,
1723 3034 1794 3087 et
1837 3024 1911 3087 in
1958 3025 2245 3088 domum
2293 3026 2673 3106 quamdam
2725 3026 3036 3090 vicinam

573 3128 913 3223 CollegiO,
933 3132 1122 3210 quod
1139 3130 1626 3209 aedificabant,
1649 3132 1784 3194 hoc
1799 3140 2141 3194 autumno
2158 3132 2579 3211 migrarunt;
2600 3140 2691 3211 et,
2713 3135 3043 3213 quamvis

573 3236 994 3299 remotiores
1015 3246 1250 3299 essent
1279 3255 1321 3300 a
1343 3237 1740 3317 frequentia
1770 3238 2306 3316 habitationum,
2340 3256 2463 3301 eos
2492 3252 2732 3302 tamen
2755 3239 3039 3319 plurimi

570 3344 1073 3423 sequebantur,
1107 3361 1247 3406 nec
1285 3344 1501 3407 messi
1538 3345 1873 3425 copiosae
1916 3353 2065 3408 tam
2109 3346 2319 3424 pauci
2364 3347 2676 3425 operarii
2720 3345 3044 3411 sufficere

571 3627 806 3674 tempore
827 3621 1136 3673 consectum,
1158 3621 1470 3675 inscriptum
1488 3622 1557 3665 sit
1581 3621 1901 3665 A'ovtevxaebre
1924 3622 2057 3665 1553
2076 3629 2128 3665 et
2147 3620 2211 3664 ad
2231 3633 2421 3665 annum
2438 3622 2543 3665 1553
2562 3630 2705 3667 certo
2722 3623 3051 3677 pertineat.—

569 3692 642 3736 2⁰
678 3691 736 3735 In
765 3692 864 3736 hoc
883 3692 1199 3736 Memoriae
1219 3692 1470 3738 scribitur
1493 3692 1702 3738 Patrem
1723 3692 1751 3746 J
1757 3695 1973 3737 acobum
1996 3694 2175 3738 Duran
2197 3693 2353 3739 tertio
2383 3699 2501 3737 ante
2522 3693 2870 3739 Novembrem
2892 3696 3044 3751 hujus

572 3764 694 3808 anni
716 3764 820 3808 1554
841 3776 1010 3808 mense
1032 3764 1348 3807 Societatem
1370 3765 1678 3818 ingressum.
1703 3764 1788 3819 qui
1811 3771 1987 3808 tamen
2003 3766 2111 3818 jam
2132 3764 2187 3807 25
2204 3763 2436 3817 januarii
2458 3766 2689 3819 ejusdem
2705 3766 2825 3809 anni
2840 3766 3050 3811 litteras

572 3835 786 3880 dederat
808 3836 1012 3889 Ignatio
1033 3848 1098 3879 ex
1120 3837 1216 3879 hoc
1241 3834 1613 3889 methymneus}
1637 3836 1869 3889 Collegio
1892 3848 2082 3891 easque
2103 3838 2486 3890 susbcripserat
2503 3837 2599 3880 hoc
2616 3838 2783 3881 modo:
2806 3836 3055 3882 Paterni·

570 3891 705 3950 ‘aus
733 3908 878 3951 Tuae
899 3909 1157 3961 indignus
1181 3910 1549 3961 minimusque
1565 3908 1742 3963 filius
1767 3908 1899 3952 Vide
1923 3906 2167 3951 Litterae
2186 3909 2646 3961 Quadriorzestres,
2668 3914 2705 3953 t.
2728 3920 2789 3964 11,
2810 3920 2931 3965 pag.
2950 3911 3051 3953 565-

567 3966 793 4021 570.-3.0
815 3980 870 4022 P.
893 3980 1134 4034 Baptista
1152 3979 1386 4023 Sanchez
1403 3981 1499 4023 sub
1517 3981 1748 4023 aestatis
1765 3980 1849 4034 huj
1859 3992 1917 4023 us
1933 3982 2053 4023 anni
2076 3980 2362 4036 1554finem
2386 3980 2766 4033 Septimancas
2788 3983 3051 4025 abductus

566 4053 673 4099 est,
693 4051 786 4095 ubi
804 4054 1034 4104 quatuor
1055 4051 1184 4107 sere
1209 4062 1422 4095 menses
1433 4052 1552 4107 suit
1567 4050 1720 4103 (Vide
1741 4052 1895 4105 infra,
1916 4065 1966 4095 n.
1986 4052 2101 4108 838);
2117 4064 2219 4097 non
2240 4064 2365 4106 ergo
2386 4061 2501 4096 erat
2522 4052 2853 4106 Methymnae
2875 4064 3047 4097 mense

567 4122 614 4165 N
618 4123 995 4167 ovembri.—4.⁰
1011 4124 1254 4176 Quatuor
1287 4126 1596 4167 sacerdotes
1617 4129 1667 4167 et
1686 4128 1895 4178 septem
1918 4124 2048 4168 laici
2070 4125 2377 4180 Septembri
2398 4136 2581 4168 mense
2602 4124 2949 4178 Methymnae
2968 4136 3049 4169 re-

567 4194 687 4241 licei
720 4198 908 4249 erant,
935 4196 1032 4238 sed
1062 4199 1114 4240 et
1134 4196 1345 4249 aliquos
1383 4207 1449 4238 ex
1478 4196 1564 4239 his
1607 4195 1716 4239 alio
1751 4198 2091 4241 miserunt...
2124 4198 2307 4251 itaque
2336 4199 2543 4251 septem
2578 4198 2665 4239 vel
2692 4199 2802 4239 octo
2830 4200 3045 4241 tantum

570 4271 910 4318 manserunt,
937 4270 1031 4321 qm·
1065 4273 1122 4312 in
1145 4270 1316 4312 aliam
1339 4269 1556 4312 domum
1578 4268 1672 4312 hoc
1693 4272 1958 4312 autumno
1988 4272 2313 4321 migrarunt.
2348 4268 2529 4320 (infra,
2552 4280 2601 4313 n.
2620 4270 2741 4323 837„
2766 4270 2818 4314 in
2849 4271 2947 4316 hoc
2968 4279 3048 4317 ts·

567 4349 683 4382 men
702 4338 1018 4384 Memoriale
1038 4340 1431 4395 quatuordecim
1451 4341 1503 4384 in
1525 4339 1754 4393 Collegio
1775 4340 2057 4385 Novembri
2075 4351 2263 4393 mense,
2286 4341 2489 4384 scilicet
2505 4342 2599 4384 sub
2619 4343 2855 4386 autumni
2872 4341 3041 4395 finem,

571 4411 1060 4455 numerantur.-5.⁰
1095 4411 1326 4455 Tandem
1367 4411 1420 4455 P.
1457 4410 1682 4463 jacobus
1709 4412 1892 4456 Duran
1922 4413 1993 4455 ad
2016 4412 2305 4466 Collegium
2340 4413 2606 4466 burgense
2640 4413 2737 4457 hoc
2770 4425 2904 4458 anno
2941 4416 3047 4459 1554

569 4486 690 4525 ante
721 4492 948 4526 mensem
981 4482 1330 4527 Novembrem
1352 4484 1691 4527 transmissus
1713 4491 1792 4528 est
1813 4484 1989 4536 (infra,
2012 4484 2190 4527 eodem
2212 4495 2259 4527 n.
2280 4484 2378 4535 837)
2398 4496 2408 4536 ;
2429 4484 2539 4539 eJus
2566 4491 2740 4528 tamen
2761 4496 2961 4540 nomen,
2982 4494 3043 4531 ut

567 4552 722 4607 hujus
744 4554 962 4609 collegii
991 4554 1399 4611 Methymnensis
1430 4555 1647 4608 incolae,
1682 4556 1732 4598 in
1766 4556 1862 4598 hoc
1882 4554 2201 4598 Memoriale
2220 4562 2459 4610 apparet.
2479 4554 2669 4609 Liquet
2700 4566 2823 4609 ergo
2844 4554 3047 4599 Memo-

563 4625 710 4669 riale
729 4626 826 4669 hoc
857 4636 956 4670 non
985 4638 1120 4670 anno
1144 4627 1246 4670 1554
1265 4626 1358 4669 sed
1382 4626 1487 4669 1553
1505 4627 1663 4671 fuisse
1685 4628 1993 4671 consectum.

648 4696 664 4728 ¹
725 4696 782 4741 P.
798 4696 1024 4749 joannes
1046 4698 1288 4753 Baptista
1310 4696 1560 4742 Sanchez.
1582 4697 1716 4741 Vide
1742 4699 1905 4753 infra,
1928 4710 2012 4741 nn.
2032 4696 2115 4742 838
2134 4706 2185 4741 et
2205 4698 2304 4744 839.

646 4768 672 4798 ⁴¹
727 4767 860 4813 Vide
885 4770 1044 4823 infra,
1068 4780 1118 4813 n.
1137 4770 1234 4813 838.
