3742 5392
1663 506 1790 565 ΑΝ.
1838 507 1977 567 1554
2957 506 3058 566 481

575 656 970 733 mittebat),
1023 653 1150 717 sed
1201 655 1274 717 in
1325 671 1534 717 usum
1583 652 2079 719 commissarii
2130 654 2415 721 unicam
2468 663 2747 721 tantum
2790 656 3062 721 mulam

571 761 834 839 teneri,
877 777 1062 843 quae
1101 760 1416 825 omnium
1468 760 1933 841 collegiorum
1984 761 2320 842 expensis
2366 762 2709 839 aleretur,
2762 770 2833 826 et
2886 762 3063 831 socii

595 867 1084 933 Commissarii
1115 867 1572 931 conductitiis
1602 876 1971 932 uterentur
2003 867 2043 930 ¹.

709 974 886 1039 1016.
971 974 1274 1039 Difficile
1335 972 1530 1053 Mag.
1597 973 2137 1039 Emmanuelem
2200 974 2289 1040 de
2353 974 2497 1040 Saa
2562 976 2953 1041 extorsisse
3020 995 3062 1037 a

585 1084 744 1147 [λη
764 1082 1095 1161 Vergara
1126 1081 1421 1160 fatetur,
1455 1092 1528 1145 et
1564 1090 1802 1146 tamen
1843 1081 1997 1146 sine
2034 1080 2189 1163 ejus
2228 1081 2619 1147 offensione
2658 1099 2905 1147 secum
2944 1082 3062 1146 ad-

576 1190 791 1255 duxit
819 1189 866 1269 ¹,
901 1199 972 1253 et
1001 1189 1190 1255 hunc
1220 1204 1386 1253 cum
1414 1186 1493 1251 P.
1527 1187 1805 1253 Didaco
1837 1188 1926 1253 de
1968 1189 2295 1254 Guzman
2330 1198 2403 1253 et
2444 1190 2519 1254 P.
2554 1189 2727 1255 Dre.
2770 1188 3059 1267 Loarte,

577 1307 658 1361 et
706 1296 1016 1378 quodam
1065 1295 1416 1375 discipulo
1459 1292 1650 1374 Mag.
1696 1294 1957 1359 Avilae
1998 1296 2068 1359 in
2117 1296 2568 1377 philosophia
2596 1306 2669 1361 et
2706 1296 3063 1375 theologia

583 1413 898 1483 versato,
931 1402 1232 1467 Romam
1251 1402 1610 1467 adducere
1625 1419 1873 1467 secum
1901 1404 2297 1483 constituit,
2320 1413 2394 1467 et
2416 1422 2561 1467 non
2585 1403 2851 1484 plures,
2876 1404 3063 1485 quod

581 1511 682 1575 ad
706 1512 948 1592 plures
977 1509 1366 1591 Hispaniae
1395 1508 1848 1574 fundationes
1877 1510 2267 1574 necessarii
2296 1510 2743 1590 viderentur;
2776 1511 2936 1575 illos
2960 1521 3064 1575 ta-

589 1635 754 1681 men
783 1618 1104 1699 permisit
1133 1618 1206 1681 in
1232 1614 1550 1681 Siciliam
1581 1617 1789 1696 mitti,
1822 1618 1911 1680 de
1939 1617 2198 1698 quibus
2226 1618 2553 1698 superius
2583 1628 2825 1682 actum
2863 1627 2973 1683 est
3016 1616 3063 1676 ³.

716 1724 895 1789 1017.
984 1723 1370 1790 Dominum
1419 1724 1634 1789 etiam
1681 1724 2130 1789 Ludovicum
2179 1726 2268 1789 de
2303 1705 2689 1803 'Mendoza,
2744 1735 3067 1793 veterem

577 1832 968 1897 Societatis
1017 1832 1324 1896 amicum
1373 1828 1419 1909 ⁴,
1454 1848 1697 1895 secum
1745 1830 2057 1911 Segovia
2104 1831 2457 1897 deducere
2506 1832 2896 1912 cogitabam
2952 1834 3069 1897 cui

581 1958 754 2004 cum
782 1939 862 2003 P.
893 1939 1212 2020 Ignatius
1247 1938 1652 2018 scripsisset
1682 1949 1758 2001 ut
1787 1948 2075 2003 curaret
2103 1940 2298 2004 litem
2328 1940 2713 2019 quamdam
2740 1956 3064 2019 gravem,

584 2064 733 2127 -qua
763 2047 1254 2122 distinebatur,
1289 2061 1750 2125 componere,
1794 2046 2169 2110 consilium
2208 2054 2573 2126 tamquam
2608 2056 3067 2127 praeceptum

589 2156 1129 2235 interpretatuS,
1161 2152 1234 2217 id
1276 2152 1480 2233 fecit,
1513 2162 1584 2217 et
1622 2154 1969 2217 successit
1998 2164 2155 2231 tam,
2178 2170 2521 2234 prospere
2550 2154 2960 2231 concordia,
2996 2165 3069 2217 ut

597 2263 969 2341 utriusque
997 2262 1183 2342 parti
1213 2269 1284 2323 et
1312 2260 1568 2325 honori
1595 2267 1667 2323 et
1695 2259 1986 2324 utilitati
2024 2261 2428 2324 consultum
2470 2260 2759 2325 omnino
2798 2261 3067 2326 videre-

589 2382 729 2448 tur3
761 2378 832 2433 et
862 2366 1386 2450 quodammodo
1415 2368 1746 2447 stupebat
1774 2367 1927 2448 ipse
1958 2367 2044 2431 D.
2079 2366 2493 2433 Ludovicus
2523 2367 2710 2449 quod
2744 2379 2891 2433 tam
2922 2369 3071 2437 seli-

581 2493 748 2540 cem
777 2492 1190 2540 successum
1219 2474 1605 2539 concordia
1643 2475 2040 2554 habuisset,
2074 2483 2146 2538 et
2184 2474 2457 2539 meritis
2484 2474 2562 2537 P.
2604 2475 2901 2555 Ignatii,
2950 2476 3068 2539 cui

583 2584 1234 2663 obtemperaverat,
1267 2581 1340 2645 id
1369 2581 1821 2645 adscribebat
1849 2579 1896 2645 ⁸:
1930 2599 2073 2645 non
2104 2591 2345 2646 tamen
2373 2583 2600 2663 potuit
2626 2600 2791 2647 cum
2824 2581 2897 2645 P.
2931 2582 3069 2647 Na-

591 2691 717 2755 tali
744 2691 882 2754 hoc
912 2706 1100 2753 anno
1131 2688 1432 2752 Romam
1459 2689 1740 2768 venire,
1775 2688 1967 2768 quod
1996 2700 2185 2753 esset
2216 2706 2649 2753 oeconomus
2678 2688 3067 2755 Cathedra-

593 2798 681 2861 lis
707 2796 1056 2861 ecclesiae
1073 2845 1088 2871 ,
1115 2806 1184 2859 et
1207 2795 1302 2860 ad
1323 2796 1679 2859 rationem
1705 2795 2143 2860 reddendam
2165 2805 2234 2859 et
2264 2796 2357 2859 ad
2384 2798 2605 2861 multa
2628 2798 2975 2861 solvenda
3001 2808 3069 2861 et

585 2904 1083 2984 recuperanda
1114 2902 1526 2967 tenebatur:
1559 2900 1709 2981 ejus
1740 2911 1980 2966 tamen
2009 2903 2262 2967 domus
2292 2905 2485 2967 velut
2526 2903 2914 2984 hospitium
2944 2903 3069 2969 So-

587 3012 875 3075 ·cietatis
906 3021 1060 3074 erat
1090 3009 1468 3090 Segoviae,
1503 3018 1888 3090 antequam
1918 3010 2013 3073 ibi
2044 3009 2441 3090 Collegium
2470 3011 2917 3090 haberemuS,
2954 3012 3073 3075 ubi

599 3128 669 3183 et
697 3118 1108 3182 Bernardus
1128 3116 1553 3200 Japonensis
1584 3115 1891 3181 Romam
1910 3117 2231 3197 venienS,
2264 3134 2427 3181 cum
2452 3122 2527 3182 in
2556 3118 3075 3197 aegritudinem

599 3226 990 3301 incidisset,
1024 3224 1506 3288 valetudinem
1535 3224 1850 3299 curavit;
1888 3223 2039 3304 ipse
2068 3241 2245 3287 vero
2276 3224 2363 3289 de
2392 3225 2704 3305 quadam
2733 3227 3071 3306 praeben·
3134 3302 3137 3305 ⁴

602 3334 726 3413 da,
771 3350 984 3413 quam
1012 3350 1098 3395 ea
1126 3332 1199 3393 in
1227 3331 1533 3395 ecclesia
1561 3330 1901 3409 habebat,
1934 3332 2408 3412 permutanda
2439 3350 2603 3397 cum
2632 3333 3074 3413 simplicibus

601 3440 961 3505 beneficiis
1002 3449 1126 3503 aut
1151 3438 1684 3519 praestimoniis
1713 3439 1975 3518 agebat
2007 3449 2085 3502 ut
2114 3436 2537 3519 Segoviensi
2565 3438 2885 3520 Collegio
2916 3458 3075 3521 pos-

592 3556 759 3611 sent
791 3547 1162 3628 applicari.

687 3754 704 3783 ¹
763 3752 840 3795 De
872 3753 978 3801 his
1001 3762 1135 3806 quae
1164 3753 1260 3795 sub
1281 3750 1345 3795 iis
1376 3752 1604 3794 numeris
1626 3750 1730 3793 1014
1749 3755 1802 3793 et
1823 3749 1930 3793 1015
1959 3750 2307 3803 continentur,
2329 3751 2583 3805 quaedam
2604 3752 2837 3805 reperies
2858 3754 2907 3797 in
2926 3752 3079 3797 Nova

597 3824 759 3868 serie
778 3824 1092 3867 litterarum
1114 3822 1303 3867 Sancti
1324 3818 1546 3876 Ignatii.

577 3904 587 3911 ·
685 3896 710 3929 ⁸
761 3894 873 3939 Non
897 3897 1064 3939 solum
1085 3906 1118 3939 a
1147 3892 1374 3939 Doctore
1397 3892 1665 3947 Vere-ra.
1688 3898 1906 3948 propter
1926 3893 2148 3938 eximias
2177 3860 2348 3943 dotes.
2372 3892 2430 3937 F.
2470 3894 2775 3939 Emmanuel
2796 3896 2859 3939 de
2881 3894 2987 3939 Sua
3010 3895 3087 3940 di·

597 3969 866 4022 agebatur
888 3968 1098 4024 eJusque
1119 3978 1186 4011 ex
1208 3965 1462 4021 Hunpania
1482 3976 1718 4010 recessus
1738 3976 1899 4020 aegre
1920 3964 2209 4018 ferebatur,
2226 3966 2315 4010 sel
2340 3977 2372 4010 a
2392 3966 2546 4010 Patre
2569 3965 2853 4011 Franclsco
2870 3966 3082 4017 Bottia.

603 4046 656 4082 et
675 4040 830 4094 hujus
851 4040 1045 4084 ratione
1047 4050 1112 4082 ·m
1125 4039 1308 4082 haberi
1327 4038 1499 4091 potius
1521 4048 1676 4091 quam
1699 4038 1836 4080 illius
1858 4037 2070 4080 volebat
2091 4036 2345 4091 Ignatius,
2359 4039 2444 4091 qui
2464 4037 2852 4082 Emmanuelem
2872 4038 3085 4083 Romam

595 4118 941 4155 evocaverat.
978 4110 1070 4155 Ait
1104 4111 1241 4153 enim
1276 4108 1556 4162 Polancu-t,
1593 4108 1740 4153 Patri
1773 4106 1981 4161 Natali,
2019 4119 2087 4151 ex
2117 4120 2271 4161 com„
2302 4110 2535 4153 scribens
2573 4109 2642 4153 l.⁸
2663 4109 2908 4163 Januarii·
2932 4110 3086 4165 hujus

604 4182 727 4225 anni
751 4182 870 4225 155⁴:
901 4181 1131 4225 “Cuanto
1153 4184 1185 4225 a
1215 4180 1366 4225 Mtro.
1391 4180 1623 4233 Manuel,
1645 4181 1862 4224 todavia
1885 4182 1931 4223 le
1965 4180 2140 4235 tralga
2170 4181 2385 4235 consigo
2408 4180 2456 4224 V
2494 4180 2572 4235 R..
2594 4194 2722 4236 pues
2753 4183 2933 4226 sia-ndo
2965 4193 3086 4226 cosa

605 4254 669 4296 de
692 4253 899 4297 Gaudia
913 4286 925 4303 .
946 4254 1147 4297 vendra
1166 4256 1220 4297 al
1242 4253 1507 4307 proposito
1530 4263 1663 4306 para
1682 4254 1729 4295 el
1753 4252 1965 4307 Coit-gio
1986 4253 2048 4296 de
2066 4252 2259 4307 Borgla
2280 4252 2343 4295 de
2365 4252 2555 4306 Roma,
2576 4266 2609 4310 y
2632 4256 2680 4297 el
2713 4260 2965 4308 respecto,
2988 4264 3085 4308 que

607 4324 831 4369 Nueatro
855 4324 1024 4369 Padre
1051 4331 1176 4369 tuvo
1196 4336 1259 4367 en
1281 4336 1344 4367 no
1374 4323 1594 4367 mandat
1616 4324 2034 4368 absolutamente
2055 4336 2151 4379 que
2173 4324 2371 4369 viniese
2386 4356 2396 4371 .
2415 4324 2499 4369 sue
2522 4327 2573 4368 al
2600 4326 2651 4369 Ρ.
2673 4324 2969 4377 Francisco,
2996 4336 3089 4380 por

597 4407 742 4453 cuya
763 4408 922 4441 causa
942 4409 1008 4442 no
1029 4407 1217 4452 pat-ece
1236 4408 1291 4441 se
1313 4396 1382 4440 ha
1403 4395 1978 4449 detenldo.„—Vocibus
1997 4396 2079 4440 his
2109 4396 2314 4449 Colegio
2342 4396 2410 4441 de
2430 4396 2634 4449 Borgia
2657 4398 2725 4440 cle
2753 4396 2929 4441 Roma
2958 4397 3092 4441 desi·

605 4474 800 4523 gnatus·
829 4468 1114 4513 Romanum
1135 4467 1424 4522 Collegium
1438 4500 1448 4518 .
1471 4468 1551 4511 cul
1587 4478 1831 4521 magnum
1861 4470 2155 4513 contulerat
2176 4468 2465 4513 subsidium
2486 4468 2755 4523 majusque
2776 4470 3091 4513 collaturum

600 4541 924 4595 sperabatur
944 4540 1003 4585 P.
1025 4540 1354 4584 Franciscus.
1379 4539 1510 4585 VIde
1533 4538 1726 4583 cartas
1758 4540 1824 4583 de
1851 4540 1961 4584 San
1982 4540 2221 4593 lgnacio,
2240 4546 2278 4583 t.
2299 4553 2349 4589 v.
2370 4551 2493 4595 pag.
2518 4542 2585 4592 12,
2608 4547 2787 4585 annot.
2806 4540 2848 4583 3.

695 4612 716 4642 ⁵
773 4610 906 4655 Vide
927 4622 1105 4667 snpra,
1126 4622 1246 4666 pag.
1267 4612 1361 4655 212.
1381 4622 1414 4655 n
1449 4612 1533 4655 472

694 4686 718 4717 ⁴
771 4682 905 4727 Vide·
925 4695 1101 4739 suprn,
1127 4690 1166 4728 t.
1187 4694 1222 4736 ι,
1239 4692 1278 4726 ιι
1299 4693 1351 4728 et
1371 4694 1448 4727 ιιι.

690 4756 712 4785 ⁵
771 4755 906 4800 Vide
932 4755 1124 4799 Cartas
1143 4756 1210 4799 de
1227 4755 1340 4799 San
1355 4756 1596 4808 lgnacio,
1616 4764 1653 4800 t.
1676 4767 1748 4811 iv,
1769 4768 1892 4811 pag.
1912 4756 2008 4801 2⁶5.

826 4846 903 4903 Τ.
937 4864 1014 4902 ιν.
2744 4860 2802 4914 31
