3742 5392
1143 1239 1281 1320 DE
1337 1238 1907 1321 PROVINCIA
1966 1236 2790 1321 PORTUGALLIAE

1795 1568 1888 1613 Ac
1930 1567 2142 1614 PRIMO

1264 1835 1392 1900 DE
1434 1835 1907 1900 COLLEGIO
1952 1835 2667 1902 CONIMBRICENS'I

857 2255 1032 2322 10⁴6.
1119 2257 1326 2320 Initio
1370 2255 1581 2337 hujus
1612 2257 1782 2320 anni
1809 2256 2087 2320 Domus
2114 2255 2566 2323 Probationis
2592 2255 3198 2322 conimbricensis

705 2343 1268 2446 ‘quatuordecim
1293 2364 1404 2427 vel
1426 2363 1832 2443 quindecim
1854 2363 2299 2429 habitatores
2322 2364 2655 2444 habebat,
2679 2363 2803 2446 qui
2824 2380 2987 2428 eam
3007 2364 3200 2426 vitae

729 2472 1079 2536 rationem
1109 2471 1478 2550 tenebant,
1513 2488 1696 2552 quae
1725 2473 1942 2552 paulo
1982 2480 2149 2536 ante
2176 2487 2222 2534 a
2251 2470 2329 2536 P.
2374 2471 2611 2536 Natali
2650 2472 2899 2536 relicta
2936 2470 3193 2535 fuerat:

727 2580 977 2644 diebus
1004 2579 1380 2643 dominicis
1411 2578 1502 2642 ad
1532 2594 1911 2642 commune
1940 2577 2395 2643 refectorium
2424 2595 2589 2642 cum
2626 2579 2785 2642 aliis
2814 2577 3197 2658 collegiali·

731 2687 864 2750 bus
889 2687 1305 2766 veniebant,
1337 2695 1409 2749 et
1451 2702 1701 2750 eorum
1739 2703 1923 2750 unus
1952 2685 2213 2750 ibidem
2250 2685 2851 2765 concionabatur;
2892 2685 2966 2748 in
2996 2685 3193 2750 mini-

727 2793 966 2857 steriis
994 2793 1404 2858 domesticis
1434 2792 1734 2873 Collegii
1771 2793 1993 2873 aliqui
2032 2794 2564 2873 occupabantur
2596 2790 2716 2873 [et]
2748 2793 2820 2856 in
2848 2794 3189 2856 exercita·

726 2901 1038 2964 tionibus
1065 2901 1281 2964 statui
1310 2917 1443 2964 suo
1472 2899 2062 2963 convenientibus
2088 2899 2270 2963 bene
2297 2899 2785 2981 procedebant
2816 2897 2861 2964 ¹.

852 3006 1029 3072 1047.
1115 3006 1374 3071 Primis
1403 3015 1644 3071 autem
1671 3016 1978 3086 quatuor
2006 3007 2372 3071 mensibus
2401 3005 2609 3084 huius
2632 3007 2802 3070 anni
2822 3024 2951 3070 sex
2974 3007 3045 3071 in
3069 3004 3189 3069 So·

724 3115 1058 3180 cietatem
1083 3115 1378 3178 admissi
1406 3123 1594 3189 sunt,
1629 3114 1749 3194 qui
1777 3113 2099 3179 instituto
2129 3111 2510 3179 Societatis
2536 3113 2715 3178 satis
2743 3113 2979 3178 idonei
3006 3112 3201 3176 vide-

726 3222 986 3286 bantur
1011 3229 1057 3286 2.
1091 3221 1442 3286 Omnibus
1461 3231 1700 3285 autem
1723 3238 1887 3286 cum
1908 3222 1982 3284 in
2003 3221 2237 3301 prima
2262 3221 2685 3302 probatione
2704 3231 3193 3296 versarentur,

719 3329 1055 3394 examina
1083 3338 1155 3392 et
1181 3328 1366 3392 aliae
1407 3329 1865 3409 probationes
1891 3378 1906 3407 ‚
1941 3345 2124 3409 quae
2147 3327 2354 3409 Juxta
2384 3328 2694 3392 Instituti
2722 3327 2948 3392 nostri
2985 3328 3205 3391 ratio-

722 3452 886 3500 nem
914 3436 1214 3517 proponi
1243 3434 1502 3499 debere
1543 3453 1588 3498 a
1624 3434 1701 3498 P.
1737 3433 1975 3498 Natali
2016 3435 2552 3514 intellexerunt,
2597 3435 3198 3515 proponebantur.

721 3542 812 3608 Et
839 3541 1020 3606 haec
1049 3543 1409 3607 distinctio
1440 3542 1714 3623 primae
1742 3550 1813 3605 et
1843 3541 2205 3606 secundae
2245 3541 2688 3622 probationis
2716 3560 2759 3605 a
2790 3540 2945 3604 Deo
2988 3540 3203 3621 inspi-

723 3659 882 3713 rata
913 3648 1132 3713 fuisse
1162 3668 1205 3713 a
1236 3648 1311 3712 P.
1345 3648 1628 3728 Ignatio
1657 3648 2107 3729 credebatur,
2141 3666 2312 3713 nam
2340 3648 2417 3712 P.
2450 3649 2627 3726 Le0,
2664 3647 2923 3712 Rector
2955 3647 2980 3680 ⁸
3004 3696 3019 3727 ,
3056 3665 3203 3712 ma-

725 3757 901 3820 ximi
929 3773 1088 3820 earn
1116 3756 1454 3820 momenti
1495 3764 1565 3820 et
1592 3755 1920 3819 utilitatis
1960 3773 2117 3818 esse
2145 3754 2614 3836 deprehendi,
2648 3755 2803 3837 ipsa
2834 3756 3203 3837 experien-

725 3863 826 3926 tia
855 3862 1150 3926 docente
1168 3911 1184 3941 ‚
1217 3871 1558 3940 testatur;
1589 3878 1755 3925 nam
1788 3862 1910 3943 qui
1930 3861 2290 3926 sinceram
2318 3880 2360 3924 a
2391 3861 2547 3926 Deo
2570 3863 3025 3925 vocationem
3054 3878 3194 3925 non

724 3969 1080 4033 habebant
1099 4018 1113 4047 ,
1149 3969 1288 4032 illis
1316 3969 1568 4050 paucis
1596 3968 1846 4032 diebus
1874 3968 2085 4032 facile
2128 3969 2785 4049 cognoscebantur;
2826 3978 2897 4032 et
2928 3968 3031 4032 ita
3060 3968 3199 4033 duo

723 4076 840 4140 vel
891 4086 1036 4139 tres
1083 4093 1176 4139 ex
1218 4074 1548 4139 admissis
1595 4075 1759 4138 inde
1809 4085 2258 4139 recesserant
2276 4123 2291 4149 ‚
2338 4076 2575 4139 nullus
2618 4086 2858 4139 autem
2909 4093 2999 4138 ex
3038 4075 3201 4138 illis,

724 4183 844 4266 qui
892 4193 1051 4262 post
1091 4181 1397 4263 primam
1445 4181 1937 4262 probationem
1964 4181 2039 4245 in
2082 4182 2470 4246 secundam
2510 4181 2802 4246 admissi
2840 4180 3123 4244 fuerant
3151 4177 3200 4239 ⁴.

807 4391 822 4422 ¹
879 4388 932 4432 V
935 4389 1016 4434 ide
1035 4399 1212 4443 snpra.
1233 4393 1272 4431 t.
1289 4396 1366 4441 m,
1389 4396 1511 4441 pag.
1529 4385 1628 4438 4¹8,
1648 4396 1700 4429 n.
1717 4385 1818 4431 925.

803 4461 827 4492 ⁸
883 4461 1018 4505 Vide
1037 4459 1284 4504 Litterae
1311 4457 1774 4511 quadrimestre-⁴1,
1795 4464 1834 4503 t.
1854 4469 1911 4513 ιι,
1930 4469 2053 4514 pag.
2072 4459 2179 4505 688.

803 4533 827 4566 ³
881 4533 942 4578 Ρ.
965 4533 1071 4577 Leo
1093 4531 1370 4586 Euriquez.

804 4607 828 4638 ⁴
881 4604 1245 4650 Distincuoms
1263 4603 1417 4658 hujus
1435 4603 1678 4656 primam
1697 4601 1837 4647 {nter
1855 4609 1911 4647 et
1930 4603 2228 4649 secundam
2250 4605 2635 4660 probationem.
2650 4605 2897 4649 videlicet
2916 4605 3055 4650 inter
3074 4608 3204 4648 tem-

720 4687 818 4731 pus
839 4677 964 4722 illud
977 4707 990 4730 ,
1009 4688 1110 4732 quo
1129 4685 1186 4720 nt
1204 4677 1418 4731 quisque
1439 4674 1625 4718 meum
1645 4673 1961 4718 Societatem
1980 4683 2034 4720 et
2062 4685 2181 4720 eum
2212 4677 2395 4723 menn-⁵
2416 4677 2652 4722 Societas
2684 4683 2969 4731 cognoscat
2982 4708 2995 4729 ‚
3015 4686 3048 4719 a
3082 4685 3201 4719 cae·

723 4748 872 4802 teris,
885 4749 1148 4803 hospitum
1167 4757 1328 4795 more.
1350 4751 1628 4801 separatus
1645 4745 1848 4789 versari
1870 4745 2027 4790 debet
2042 4746 2311 4792 duodecim
2336 4748 2447 4792 dies
2461 4750 2723 4805 velutque
2740 4750 2806 4794 ad
2824 4746 3009 4804 vig-inti
3023 4745 3208 4798 (Insti-
