3742 5392
1638 467 1767 526 An.
1813 467 1953 526 1554
2956 465 3029 523 57

557 632 766 680 suum
831 615 1347 681 confessarium
1393 614 1889 678 moderaretur
1942 611 1996 693 ¹,
2051 614 2329 678 dicebat
2384 614 2650 694 optima
2698 624 3025 681 matrona

561 723 898 805 quicquid
927 724 1001 787 in
1030 723 1167 787 hoc
1196 720 1458 787 mundo
1486 721 1785 785 haberet
1811 738 1888 784 se
1917 721 2216 784 libenter
2238 720 2568 785 daturam
2591 729 2668 785 ut
2696 738 2783 784 ea
2812 739 3026 785 cruce

562 830 1008 895 liberaretur.
1059 829 1238 894 Cum
1277 838 1516 893 autem
1553 845 1680 909 per
1719 828 1995 892 litteras
2033 825 2058 858 ⁸
2097 845 2256 891 eam
2295 829 2675 892 salutasset
2702 827 2779 892 P.
2820 829 3024 909 Igna-

555 938 700 1002 tius
732 955 818 1003 eo
847 947 1169 1017 tempore
1197 953 1336 1016 quo
1367 935 1600 1000 timeri
1627 945 1911 1016 poterat
1938 951 2166 1014 grave
2196 935 2389 998 vitae
2418 935 2809 1016 periculum
2830 985 2845 1014 ,
2890 953 3027 999 nec

557 1045 938 1127 quicquam
968 1043 1109 1108 cibi
1136 1052 1420 1122 praeter
1449 1052 1825 1106 contusum
1854 1041 2122 1121 aliquid
2151 1058 2408 1121 capere
2437 1051 2709 1122 posset,
2746 1050 3027 1106 tantum

555 1151 1066 1216 consolationis
1105 1168 1198 1213 ex
1236 1148 1386 1230 ejus
1421 1149 1676 1212 litteris
1717 1147 2026 1229 accepit,
2074 1156 2149 1211 ut
2188 1148 2429 1212 statim
2468 1148 2718 1213 melius
2760 1147 3023 1212 habere

555 1259 868 1340 coeperit
890 1304 904 1331 ‚
937 1267 1031 1334 et,
1065 1265 1489 1338 recuperata
1518 1255 1769 1319 edendi
1801 1255 2231 1336 appetentia,
2267 1255 2461 1319 vires
2490 1255 2707 1319 etiam
2734 1265 2805 1320 et
2832 1257 3026 1320 vale-

553 1367 868 1430 tudinem
897 1374 1282 1445 utcumque
1310 1364 1513 1427 brevi
1542 1363 1997 1444 recuperavit
2025 1360 2072 1426 ³.

675 1473 778 1536 97.
863 1472 1020 1535 Hoc
1052 1482 1394 1551 tempore,
1429 1471 1657 1551 primo
1688 1469 2044 1535 Calendas
2070 1469 2471 1550 Februarii,
2506 1487 2667 1534 cum
2694 1470 2772 1534 P.
2804 1470 3026 1535 Pelle-

554 1581 780 1644 tarius
819 1580 912 1643 ad
947 1578 1292 1660 palatium
1331 1586 1401 1641 et
1440 1578 1649 1642 simul
1700 1579 2069 1641 castellum
2116 1576 2363 1657 Ducis,
2418 1576 2508 1641 ad
2558 1578 2876 1642 divinum
2923 1578 3019 1642 of-

555 1688 795 1750 ficium
850 1686 1230 1750 dicendum
1285 1702 1448 1749 cum
1504 1683 1816 1748 Domino
1865 1683 2236 1748 Ludovico
2291 1685 2704 1764 accederet,
2768 1686 3023 1749 ardere

553 1804 889 1874 coeperat
918 1801 990 1857 et
1011 1793 1460 1872 conflagrare
1487 1791 1656 1871 igne
1685 1791 2312 1855 vehementissimo
2344 1792 2685 1872 palatium
2719 1792 2897 1856 adeo
2942 1802 3021 1856 ut

553 1900 945 1964 remedium
973 1900 1278 1964 inveniri
1318 1916 1464 1962 non
1503 1907 1778 1978 posset3
1819 1907 1889 1962 et
1930 1898 1993 1962 si
2032 1899 2145 1962 vis
2186 1898 2379 1978 ignis
2416 1899 2739 1979 sequenti
2780 1911 3013 1979 nocte,

555 2019 633 2072 ut
663 2007 1066 2088 timebatur,
1099 2008 1193 2071 ad
1219 2023 1384 2070 eum
1422 2006 1659 2069 locum
1698 2005 2165 2087 pervenisset,
2209 2004 2329 2069 ubi
2364 2005 2601 2087 pulvis
2639 2014 3021 2070 tormenta—

556 2117 705 2179 rius
741 2115 1212 2179 munitionum
1253 2111 1713 2192 servabatur,
1763 2111 1851 2176 de
1894 2112 2102 2176 ruina
2141 2127 2447 2192 magnae
2476 2113 2701 2192 partis
2730 2112 3019 2177 timeba-

548 2235 694 2299 tur;
730 2223 857 2286 sed
887 2221 1196 2285 Domino
1226 2220 1494 2300 placuit
1523 2233 1600 2284 ut
1629 2220 1826 2301 prius
1857 2219 2045 2300 ignis
2074 2219 2605 2299 extingueretur
2635 2216 2681 2281 ⁴.

668 2327 770 2392 98.
859 2328 1314 2393 Intellexerat
1342 2326 1479 2391 hoc
1511 2325 1762 2391 eodem
1791 2336 2113 2405 tempore
2142 2325 2450 2389 Domina
2486 2325 2715 2390 Maria
2744 2327 3018 2407 praedi·

549 2447 664 2500 cta
695 2415 885 2518 duod
917 2434 1312 2514 Collegium
1342 2433 1742 2497 Romanum
1768 2433 1875 2496 rei
1914 2433 2370 2514 pecuniariae
2408 2433 2707 2514 penuria
2743 2435 3017 2498 labora·

555 2554 699 2621 ret,
753 2555 824 2606 et
875 2542 1063 2622 quod
1113 2542 1351 2622 aliqua
1401 2541 1745 2621 pecuniae
1793 2557 2071 2604 summa
2123 2549 2366 2604 mutuo
2416 2540 2914 2622 quaerebatur,
2950 2551 3025 2606 et

553 2651 796 2715 statim
819 2647 941 2714 illa
964 2657 1246 2714 centum
1271 2664 1528 2711 aureos
1550 2645 1850 2712 Romam
1865 2647 2080 2726 misit,
2106 2663 2307 2727 spem
2327 2648 2612 2712 interim
2634 2649 3021 2712 ostendens

551 2758 742 2840 quod
773 2756 977 2820 brevi
1005 2757 1260 2820 domus
1287 2764 1475 2820 esset
1503 2755 1794 2836 propria
1825 2753 2143 2834 Collegio
2166 2753 2611 2819 Ferrariensi
2634 2755 2934 2820 emenda
2963 2753 3013 2816 ⁸.

549 2865 836 2928 Eisdem
865 2863 1119 2948 litteris
1145 2863 1504 2926 fatebatur
1534 2880 1622 2925 ea
1652 2870 1980 2926 matrona
2022 2878 2100 2924 se
2141 2861 2364 2925 vitam
2401 2860 2659 2926 debere
2696 2861 2771 2924 P.
2813 2861 3017 2942 Igna-

549 2973 633 3036 tii
659 2972 908 3036 ultimo
939 2979 1276 3050 acceptae
1307 2969 1676 3050 epistolae,
1709 2969 1901 3049 quod
1933 2985 2093 3031 eam
2122 2969 2602 3033 sublevaverit
2630 2987 2674 3033 a
2703 2970 3015 3051 quadam

551 3076 791 3142 cordis
820 3077 1279 3158 oppressione
1309 3085 1380 3139 et
1408 3086 1718 3140 tremore
1737 3123 1751 3152 ,
1779 3074 1900 3155 qui
1924 3075 2392 3155 aegritudinis
2414 3073 2564 3156 ejus
2586 3094 2807 3141 causa
2830 3086 3012 3156 erat,

547 3195 620 3249 et
663 3203 708 3248 a
737 3202 879 3266 quo
907 3183 1277 3248 imminere
1306 3183 1445 3264 ipsi
1480 3182 1877 3263 periculum
1906 3182 2156 3246 mortis
2185 3182 2441 3247 medici
2472 3183 2831 3264 dicebant,
2879 3185 3020 3248 nisi

632 3427 648 3459 ¹
707 3427 843 3472 Vide
862 3437 1038 3482 supra,
1063 3433 1098 3470 t.
1121 3437 1197 3479 ιιι,
1219 3436 1339 3480 pag.
1364 3425 1457 3479 189,
1479 3437 1529 3470 n.
1550 3424 1629 3468 281
1651 3431 1704 3468 et
1725 3435 1842 3479 pag.
1869 3425 1973 3477 140,
1992 3429 2169 3470 annot.
2192 3425 2233 3470 1.

628 3501 652 3532 ²
705 3499 884 3544 Habes
903 3500 1000 3543 has
1020 3499 1228 3542 litteras
1247 3497 1300 3541 in
1324 3497 1516 3541 Cartas
1535 3497 1601 3540 de
1621 3495 1734 3540 San
1749 3495 1987 3550 lgnacio,
2001 3503 2041 3541 t.
2056 3508 2129 3552 m
2145 3508 2267 3553 pag.
2280 3497 2338 3541 82
2352 3504 2406 3542 et
2418 3497 2861 3552 “Semnonum
2874 3500 3017 3544 hanc

545 3575 781 3615 noctram
801 3569 1196 3624 Ignatianarum
1215 3569 1512 3612 litterarum
1535 3568 1828 3622 editionem,
1854 3569 1955 3613 imo
1977 3574 2029 3613 et
2050 3569 2211 3621 illam,
2232 3579 2387 3624 quam
2411 3570 2620 3614 saeculo
2640 3580 2777 3614 xvm
2795 3577 3015 3615 exeunte

547 3641 608 3685 P.
627 3641 836 3686 Rochus
855 3640 1139 3685 Henchaca
1159 3639 1370 3684 curavit
1400 3637 1690 3691 Bononiae.
1723 3637 1785 3683 F.
1815 3639 2023 3683 Pastum
2051 3639 2328 3694 Fennucxo,
2358 3639 2445 3695 qui
2474 3641 2572 3684 hae
2600 3649 2653 3685 et
2681 3641 2816 3686 aliae
2848 3642 3016 3686 eidem

544 3712 807 3758 Factorae
825 3712 880 3756 23
895 3710 1033 3765 Junii
1053 3713 1206 3768 hujus
1224 3711 1346 3755 anni
1371 3709 1475 3754 155⁴
1493 3710 1651 3755 datae
1669 3711 1880 3756 litteras
1899 3711 2140 3755 ineditas
2158 3711 2249 3760 ait.
2269 3711 2389 3755 dum
2410 3722 2545 3756 anno
2578 3713 2810 3767 proxime
2838 3715 3020 3770 elapso

547 3783 656 3828 1895
673 3785 972 3838 opusculum
995 3783 1155 3827 edidit
1182 3782 1236 3838 J.
1275 3781 1426 3826 conti
1447 3780 1725 3825 Frassoni.
1755 3781 2015 3827 Memorio
2045 3781 2677 3837 stortae-genealogicae
2697 3795 2792 3829 con
2824 3785 3016 3838 lettere

545 3855 754 3899 inedito
773 3855 833 3899 di
852 3853 905 3900 S.
927 3853 1150 3908 lgnauo
1170 3855 1230 3898 di
1251 3852 1468 3910 Loyola.
1494 3854 1583 3899 del
1603 3853 1663 3898 P.
1695 3851 1918 3908 Layneu
1946 3866 1975 3898 e
2002 3855 2091 3899 del
2125 3853 2183 3898 P.
2214 3853 2586 3909 Herenniano,
2605 3857 2853 3909 generati
2870 3858 3015 3903 della

545 3927 878 3982 campagnia
897 3927 957 3970 di
979 3927 1137 3970 Geso.
1159 3925 1334 3970 Rocca
1353 3925 1406 3970 S.
1429 3925 1699 3980 Caaciano,
1715 3927 1810 3982 tip.
1832 3925 2087 3982 Cappelli,
2108 3925 2236 3971 ¹895.

627 3999 652 4032 ⁸
707 3997 840 4043 Vide
861 3998 946 4042 hic
964 4003 1018 4042 et
1037 4009 1086 4042 n.
1107 3997 1163 4042 9⁸
1181 3997 1394 4042 Potanei
1415 3999 1713 4043 testimonio
1743 3998 2103 4044 confirmatum
2123 3999 2258 4053 quod
2277 3998 2353 4043 ait
2375 3998 2432 4042 P.
2465 3999 2776 4045 Franciseus
2796 3999 3011 4053 Garcia.

555 4069 692 4114 Vidn
711 4071 779 4114 de
799 4069 910 4114 San
927 4069 1165 4123 Ignem,
1180 4070 1265 4114 lib.
1284 4071 1327 4122 6,
1348 4082 1393 4114 c.
1413 4070 1458 4124 8,
1479 4077 1534 4115 et
1553 4082 1660 4124 noe,
1683 4071 2023 4126 conjectando
2042 4076 2264 4124 tantum,
2282 4070 2345 4114 de
2364 4071 2426 4115 iis
2442 4071 2637 4126 Ignatii
2651 4074 2848 4117 litteris
2864 4075 3017 4118 intel-

543 4143 768 4188 leximnn
788 4141 842 4187 in
863 4142 1054 4186 cartas
1073 4143 1141 4187 de
1162 4142 1273 4186 San
1294 4141 1532 4196 lgnacto.
1551 4149 1590 4185 t.
1611 4153 1684 4195 tv,
1705 4153 1826 4197 pag.
1845 4142 1919 4196 83,
1940 4149 2115 4186 annot.
2142 4143 2184 4185 l.

626 4214 651 4249 ⁴
702 4213 746 4258 11
765 4213 880 4259 foco
899 4215 984 4260 del
1002 4215 1216 4270 palazzo
1236 4213 1334 4259 Dio
1353 4213 1504 4259 Ntro.
1525 4214 1630 4258 S.0=·
1652 4215 1685 4258 ι’
1707 4214 1903 4258 habbia
1922 4214 2213 4259 convertito
2246 4215 2299 4260 in
2319 4215 2433 4260 foco
2466 4216 2517 4261 di
2538 4217 2747 4262 charita
2766 4217 2864 4261 che
2892 4217 3016 4262 delli

539 4287 772 4340 principi
792 4287 1049 4332 demenda
1067 4297 1102 4331 a
1120 4293 1262 4332 tutta
1283 4287 1335 4330 la
1358 4295 1546 4340 terrm„
1567 4286 1840 4338 Polaticus,
1857 4297 1927 4330 ex
1956 4297 2108 4340 com„
2128 4285 2277 4332 Patri
2299 4285 2485 4341 Joanni
2506 4288 2804 4343 Pelletario,
2841 4288 2895 4333 18
2922 4287 3016 4332 Fe-

541 4357 744 4403 bruarii
767 4359 887 4403 1⁶5⁴.

625 4428 650 4462 ⁸
701 4428 949 4480 Litterae.
970 4431 1154 4486 quibus
1176 4432 1240 4475 de
1259 4431 1356 4476 hoe
1375 4430 1623 4476 beneflcio
1645 4429 1849 4486 gratias
1868 4431 1982 4485 agit
2002 4431 2256 4488 Ignatiun.
2293 4434 2455 4478 habe·
2488 4433 2541 4478 in
2576 4433 2768 4477 Canas
2800 4434 2867 4477 de
2902 4432 3019 4477 San

541 4501 784 4555 mucio,
802 4507 841 4547 t.
863 4513 936 4556 xv,
959 4513 1081 4558 pag.
1101 4501 1184 4547 202
1202 4511 1254 4547 et
1275 4501 1540 4547 461.—Eae
1563 4509 1737 4547 autem
1756 4503 1854 4547 hoc
1876 4503 2071 4549 habent
2102 4505 2369 4559 singulare
2384 4537 2397 4560 ,
2429 4505 2564 4560 quod
2590 4505 2644 4549 in
2678 4515 2834 4559 opere
2863 4515 3016 4559 prae-

541 4572 688 4616 dicto
724 4573 1074 4628 significatum
1113 4586 1214 4619 non
1251 4579 1334 4618 est
1347 4607 1360 4629 ,
1399 4576 1602 4619 scilicet
1617 4607 1629 4628 ,
1667 4575 1915 4629 signatae
1953 4583 2073 4620 sunt
2112 4575 2305 4631 Ignatii
2346 4577 2549 4621 nomine
2589 4577 2686 4620 hoe
2723 4577 2899 4620 modo:
2942 4575 3016 4619 Di

553 4643 610 4690 V.
629 4643 684 4690 S.
703 4656 862 4690 servo
881 4647 972 4692 nel
992 4647 1096 4692 sm
1116 4651 1314 4700 nostre,
1331 4648 1565 4702 ignauo:
1587 4648 1789 4693 addidit
1811 4655 1986 4695 tamen
2006 4647 2279 4697 Polaticus:
2304 4649 2415 4694 Per
2432 4661 2537 4695 non
2548 4653 2708 4705 poter
2722 4649 2935 4694 scriver
2947 4649 3017 4692 de

539 4727 650 4762 sua
673 4729 834 4764 mano
854 4731 968 4765 nro.
989 4719 1072 4766 R·
1096 4719 1196 4764 Μ.ο
1220 4719 1458 4774 Ignacto,
1477 4721 1542 4774 io.
1563 4720 1777 4775 joanne
1799 4721 1859 4765 di
1878 4721 2127 4776 Polanco,
2149 4723 2187 4767 Ρ
2206 4723 2272 4767 ho
2292 4725 2622 4768 πείσει-νίκα
2644 4723 2701 4767 tn
2722 4733 2819 4767 suo
2835 4733 3009 4767 nome.
