3742 5392
1657 428 1786 486 AN.
1829 426 1972 485 1554
2946 423 3057 482 497

707 575 884 639 1048.
969 574 1050 638 In
1094 583 1366 638 aestate
1407 573 1728 652 sequenti
1769 571 1891 635 alii
1934 580 2201 651 septem
2253 571 2545 634 admissi
2590 570 2878 635 fuerunt
2900 620 2915 650 ,
2962 589 3054 636 ex

583 683 838 766 quibus
874 682 1090 762 aliqui
1127 699 1172 744 a
1209 680 1287 744 P.
1327 679 1601 744 Mirone
1641 678 2073 743 Provinciali
2112 678 2393 741 aliunde
2425 678 2661 757 missi,
2692 677 2813 758 qui
2851 679 3058 742 scho-

585 790 820 855 lastici
861 789 1144 853 fuerant
1180 787 1568 852 Eborensis
1606 788 1722 851 vel
1759 785 2339 867 Ulyssiponensis
2383 784 2681 865 Conegii
2723 784 2775 865 ¹;
2817 787 3057 849 nullus

585 909 829 962 tamen
863 913 1106 961 eorum
1143 894 1652 959 admittebatur
1692 893 1832 956 nisi
1870 893 2160 956 doceret
2202 909 2279 954 se
2320 908 2484 955 cum
2524 890 2867 956 facultate
2895 909 3057 955 suo-

587 1021 746 1069 rum
773 1012 1150 1084 parentum
1180 1000 1272 1064 ad
1299 999 1730 1064 Societatem
1757 999 2124 1078 accedere,
2157 1015 2373 1080 quam
2402 999 2501 1061 illi
2528 996 2905 1078 diligenter
2937 1016 3054 1063 cu-

587 1119 963 1188 raverant;
995 1109 1082 1173 de
1109 1109 1224 1172 his
1253 1125 1488 1171 sermo
1531 1116 1661 1185 est,
1702 1107 1822 1186 qui
1857 1107 1931 1169 in
1972 1105 2237 1169 scholis
2275 1113 2686 1168 nostrorum
2726 1107 3056 1186 collegio-

595 1235 752 1282 rum
781 1216 1047 1280 dabant
1077 1232 1370 1297 operam
1402 1214 1448 1278 ⁸.

715 1324 891 1388 1049.
979 1322 1124 1387 Alii
1153 1323 1436 1398 deinde,
1471 1332 1632 1403 post
1658 1322 2085 1403 principium
2128 1323 2450 1387 autumni
2494 1338 2715 1400 usque
2754 1319 2847 1384 ad
2891 1322 3061 1384 anni

589 1433 830 1511 finem,
865 1441 1031 1494 sunt
1061 1430 1390 1508 admissi,
1424 1438 1493 1492 et
1523 1431 1762 1510 plures
1791 1429 1862 1492 id
1891 1431 2385 1509 postulabant3
2418 1430 2543 1494 sed
2570 1477 2585 1508 ‚
2620 1437 2835 1509 prout
2861 1428 3062 1509 ipsae

589 1538 1131 1603 constitutiones
1178 1537 1512 1614 suadent,
1564 1535 1939 1615 diligenter
1989 1536 2281 1616 spiritus
2330 1547 2497 1600 ante
2552 1535 3061 1599 admissionem

591 1646 1110 1727 probabantur;
1162 1644 1346 1707 hanc
1398 1642 1712 1706 Domum
1750 1641 2231 1721 ProbationiS,
2280 1643 2608 1725 quamvis
2651 1650 3061 1723 separatam

591 1753 898 1818 diximus
927 1753 1018 1815 ab
1048 1751 1484 1814 habitatione
1506 1750 1804 1830 Collegii
1821 1799 1836 1829 ,
1863 1751 2051 1812 intra
2075 1760 2315 1814 tamen
2339 1748 2493 1830 ejus
2515 1751 2856 1814 ambitum
2878 1761 3053 1813 erat.

595 1859 933 1924 Praeerat
962 1868 1200 1923 autem
1229 1859 1402 1938 ipsis
1433 1856 1508 1921 Ρ.
1541 1857 1899 1921 Antonius
1926 1856 2195 1921 Correa
2218 1907 2233 1937 ,
2266 1867 2342 1921 ut
2366 1858 2800 1921 novitiorum
2833 1859 3061 1937 magi-

595 1979 763 2046 ster,
795 1966 914 2049 qui
943 1965 1398 2029 nihilominus
1437 1965 1568 2028 sub
1599 1963 1902 2044 Collegii
1929 1962 2266 2044 Rectore,
2300 1964 2376 2027 P.
2410 1965 2648 2028 Leone
2679 1964 3057 2044 Enriquez,

599 2086 776 2138 erat.

721 2181 896 2246 1050.
985 2181 1410 2259 Collegiales
1437 2196 1684 2242 omnes
1712 2195 1875 2242 cum
1905 2195 2169 2258 magna
2200 2179 2415 2242 animi
2446 2195 2655 2258 pace,
2690 2187 2841 2242 tum
2867 2179 3066 2259 spiri-

595 2289 902 2354 tualibus
929 2287 1590 2358 exercitationibuS.
1624 2295 1776 2350 tum
1813 2288 2167 2367 spirituali
2212 2287 2593 2368 profectui,
2627 2295 2771 2350 tum
2812 2288 3065 2354 litteris

591 2397 794 2477 juxta
821 2395 1408 2459 constitutionum
1431 2393 1752 2457 ordinem
1775 2393 2287 2475 procedebant,
2316 2411 2499 2475 quae
2520 2395 2776 2458 miram
2804 2395 2943 2457 illis
2965 2397 3062 2458 lu·

595 2521 754 2568 cem
790 2504 1194 2566 attulerant.

723 2609 896 2674 1051.
983 2608 1072 2672 Et
1101 2603 1933 2688 exemplum'Sacerdotis
1954 2606 2357 2688 cujusdam,
2390 2608 2510 2688 qui
2532 2606 2785 2672 Petrus
2816 2608 2901 2671 de
2933 2608 3061 2673 Pa-

595 2718 772 2782 rada
797 2718 1194 2794 dicebatur,
1227 2734 1370 2779 non
1394 2733 1645 2796 parum
1671 2716 1762 2779 ad
1785 2715 2395 2779 confirmationem
2420 2716 2819 2780 animorum
2837 2765 2852 2794 ,
2878 2725 2948 2779 et
2970 2717 3065 2780 ad

599 2824 1176 2904 cognoscendum
1196 2822 1614 2886 beneficium
1634 2823 2035 2886 vocationis
2065 2823 2330 2886 nostris
2354 2825 2674 2887 contulit.
2708 2824 3063 2904 Egressus

601 2933 714 2994 ille
733 2949 774 2994 a
793 2929 1148 2994 Societate
1164 2929 1394 2994 fuerat
1412 2929 1484 2992 in
1501 2930 1617 2992 illa
1635 2945 1899 3008 magna
1916 2929 2315 2992 turbatione
2334 2929 2654 3008 Collegii,
2674 2948 2855 3011 quae
2873 2948 3063 2995 anno

599 3038 986 3119 praeterito
1015 3037 1397 3113 acciderat;
1435 3053 1596 3100 cum
1626 3046 1887 3113 tamen,
1923 3045 1999 3099 ut
2027 3037 2179 3116 ipse
2208 3037 2471 3100 fatetur
2492 3035 2569 3100 P.
2595 3038 2871 3116 Ignatio
2896 3039 3065 3102 scri-

601 3147 805 3224 benS,
837 3145 1226 3226 singularia
1259 3163 1302 3208 a
1331 3143 1487 3207 Deo
1530 3143 1871 3206 beneficia
1902 3154 1972 3206 et
2014 3143 2547 3207 consolatioms
2574 3146 2982 3224 spirituales
3024 3163 3065 3207 a

603 3253 758 3317 Deo
787 3253 1220 3330 obtinuerat,
1252 3270 1386 3315 nec
1415 3252 1576 3314 ullis
1620 3251 2237 3314 exhortationibus
2268 3261 2342 3314 ut
2382 3251 2574 3315 domi
2604 3263 2921 3316 maneret
2950 3253 3067 3316 ad-

604 3361 768 3424 duci
797 3369 1157 3440 potuerat,
1192 3370 1262 3421 et
1299 3369 1446 3422 tam
1493 3361 1675 3420 male
1713 3375 1788 3420 se
1825 3359 2158 3437 gerebat,
2204 3359 2318 3420 vir
2368 3359 2632 3440 alioqui
2675 3360 2905 3422 bonus
2930 3407 2944 3436 ,
2994 3369 3069 3422 ut

603 3468 795 3531 nullo
839 3467 1047 3530 modo
1073 3483 1328 3545 parere
1365 3466 1716 3544 superiori
1752 3467 1998 3544 vellet,
2044 3475 2119 3528 ut
2159 3466 2263 3532 sic
2306 3465 2589 3530 demum
2633 3485 2676 3528 a
2715 3463 3072 3530 Societate

606 3573 1000 3654 ejiceretur,
1036 3582 1105 3637 et
1134 3582 1466 3635 votorum
1495 3589 1677 3652 quae
1705 3583 2247 3652 nuncupaverat
2278 3574 2709 3652 obligatione
2738 3573 3071 3637 liberare·

607 3693 746 3744 tur.
778 3679 1216 3760 Segregatus
1245 3679 1526 3742 demum
1555 3677 1684 3742 fuit
1714 3697 1756 3741 a
1787 3680 2033 3757 dom0,
2075 3680 2403 3760 quamvis
2443 3697 2587 3743 non
2618 3697 2660 3741 a
2692 3681 2879 3743 votis
2908 3681 3073 3744 libe-

613 3887 790 3928 !utum
823 3885 1107 3929 societatis
1125 3884 1280 3939 Jesu.
1301 3883 1418 3936 1893,
1441 3889 1479 3927 t.
1501 3895 1586 3934 m.
1608 3895 1728 3938 pag.
1747 3883 1851 3931 683.
1873 3885 1965 3926 col.
1992 3885 2063 3936 l.),
2102 3891 2154 3927 et
2188 3891 2389 3938 tempus
2424 3885 2549 3928 illud
2581 3885 2798 3930 duorum
2827 3897 3078 3931 annorum

613 3957 907 4000 immediate
928 3967 1173 4010 sequena,
1196 3956 1330 4010 quod
1363 3956 1568 4010 proprie
1603 3956 1903 3998 novitiatus
1923 3955 2127 4008 dicitur,
2148 3957 2202 3998 in
2221 3967 2319 4009 quo
2350 3957 2532 4000 novitii
2554 3969 2652 4000 non
2675 3959 2971 4002 litterarum
2988 3959 3079 4000 sed

614 4027 1027 4073 mortificationis
1056 4029 1230 4072 studio
1263 4028 1498 4071 vacando
1532 4029 1820 4081 probantur
1853 4027 2000 4081 (ibid
2018 4059 2029 4076 .
2064 4039 2185 4080 pag.
2219 4027 2313 4072 081.
2342 4030 2439 4071 col.
2476 4029 2531 4080 1).
2562 4037 2828 4073 auctorem
2861 4031 3080 4083 primum

621 4101 777 4144 fuisse
807 4100 1051 4144 Natalem
1079 4098 1436 4143 subindicatur
1471 4099 1554 4142 hic
1577 4099 1854 4142 aPolanco
1890 4105 1943 4142 et
1978 4099 2177 4142 eruitur
2208 4111 2273 4142 ex
2294 4099 2662 4143 Monumentis
2693 4109 2843 4154 gesta
2876 4101 3085 4144 Natalis

619 4171 975 4226 spectantibus
1008 4179 1061 4215 et
1099 4171 1439 4216 confirmatur
1473 4171 1778 4225 qmbusdam
1823 4171 1877 4214 ln
1916 4170 2065 4213 Nova
2112 4173 2255 4214 serie
2293 4171 2606 4215 litterarum
2648 4171 2835 4216 Sancti
2873 4173 3082 4224 Ignatii

625 4243 852 4286 edendis.

699 4317 714 4347 ¹
773 4315 884 4358 “Ex
907 4315 1168 4359 codicibus
1187 4315 1412 4360 vetustis
1432 4321 1639 4359 constat
1656 4347 1666 4366 ,
1687 4321 1804 4369 post
1826 4315 2229 4360 constitutiones
2250 4327 2383 4360 anno
2416 4316 2680 4370 superiore
2710 4317 3084 4372 promulgatas,

617 4387 744 4430 duos
763 4385 970 4430 Eborae
991 4387 1283 4442 ad-'ci'iplos
1305 4387 1568 4430 Societati.
1590 4386 1876 4438 Jacomium
1900 4387 2157 4432 Alvarum
2178 4394 2233 4431 et
2246 4387 2495 4440 joannem
2514 4388 2724 4439 Pit-ium.
2740 4390 2918 4432 ambos
2939 4390 3092 4444 coad‚

613 4461 833 4512 jutores.
872 4457 1078 4502 Primus
1115 4459 1462 4502 scholasticus
1495 4466 1612 4502 erat
1647 4458 1905 4502 Antonius
1940 4459 2187 4514 Araujus.
2228 4459 2358 4503 Eum
2389 4459 2477 4503 alii
2512 4459 2821 4512 subsecuti...
2854 4459 3093 4528 Falisco,

621 4529 882 4584 synopsis
905 4529 1198 4574 Annalium
1223 4530 1510 4574 societatis
1535 4530 1670 4584 Jesu
1691 4541 1748 4572 m
1769 4527 2084 4582 Lusitania,
2106 4533 2201 4576 An.
2230 4532 2349 4584 1552.
2370 4543 2420 4575 n.
2440 4532 2483 4574 2.

700 4602 722 4633 ²
777 4601 905 4653 Hoc,
928 4602 1073 4656 cujus
1087 4603 1198 4656 jam
1217 4613 1373 4656 saepe
1393 4603 1584 4645 mentio
1607 4602 1748 4646 facta
1767 4610 1846 4645 est
1869 4602 1919 4646 in
1939 4602 2035 4646 hoc
2060 4602 2593 4658 Chronico,statutum
2614 4607 2681 4648 ab
2697 4604 2903 4659 Ignatio
2918 4606 3093 4652 fuerat

621 4673 815 4717 litteris
831 4705 842 4726 ‚
865 4685 993 4728 quas
1015 4674 1177 4718 habes
1197 4673 1248 4716 in
1270 4673 1460 4716 Cae-tas
1479 4675 1546 4716 de
1567 4674 1678 4718 San
1697 4673 1933 4727 lgnacae'o,
1955 4681 1993 4718 t.
2016 4685 2087 4728 tv,
2110 4671 2229 4730 pag.
2252 4675 2321 4722 89.

845 4763 920 4822 T.
963 4781 1042 4819 iv.
2710 4783 2775 4840 32
