3742 5392
1603 489 1731 549 ΑΝ.
1778 489 1920 549 1554
2909 490 3006 549 151

532 654 789 702 ranum
810 639 1102 703 missum
1127 656 1285 703 esse
1308 639 1632 717 dicendo,
1660 639 1781 719 qui
1804 637 1956 717 eJ'us
1981 640 2214 703 locum
2237 639 2622 718 suppleret,
2642 646 2732 715 et,
2748 638 2807 700 si
2831 654 3010 716 opus

526 752 759 825 esset,
790 746 1125 809 revocari
1154 762 1365 826 posse
1396 747 1818 826 magistrum
1848 745 2274 821 Gilbertum,
2331 745 2430 807 illi
2469 754 2636 809 tunc
2683 746 3008 825 conquie-

538 869 745 931 vere;
778 853 903 916 sed
950 852 1229 917 difficile
1280 853 1609 917 revocari
1654 854 1716 916 is
1744 853 2094 933 potuisset
2120 853 2274 932 qui,
2307 852 2739 917 Florentiam
2762 868 3008 932 perve-

526 959 771 1037 nienS,
825 960 899 1022 in
950 960 1275 1023 morbum
1328 960 1599 1038 incidit,
1635 978 1725 1023 ex
1755 976 1928 1039 qu0,
1981 970 2056 1023 ut
2109 959 2434 1040 superius
2487 959 2796 1023 diximus
2827 956 2869 1037 ¹,
2917 959 3008 1022 ad

542 1067 853 1130 coeleste
881 1067 1262 1146 collegium
1288 1068 1654 1147 migravit.

655 1170 801 1235 306.
888 1172 1157 1237 Crebro
1186 1185 1460 1252 autem,
1492 1174 1755 1254 partim
1784 1173 2046 1248 nostri,
2079 1172 2341 1252 partim
2370 1172 2695 1251 discipuli
2733 1189 3002 1251 eorum,

534 1280 856 1358 quaesita
887 1281 1299 1358 occasione,
1328 1280 1768 1343 orationibus
1790 1297 1880 1343 ac
1907 1278 2230 1343 versibus
2252 1278 2570 1343 recitatis
2593 1279 2708 1357 (ut
2731 1278 2802 1342 in
2825 1278 3007 1342 festo

528 1383 783 1449 Sancti
811 1385 1091 1451 Nicolai
1120 1396 1188 1450 et
1228 1386 1417 1451 Stae.
1474 1386 1968 1463 Catharinae),
2001 1386 2358 1466 specimen
2381 1401 2554 1449 suae
2591 1386 3008 1449 eruditionis

526 1492 1003 1572 praebebant,
1038 1504 1105 1557 et
1134 1494 1417 1557 invitati
1448 1492 1891 1575 professores
1923 1492 2429 1557 Universitatis
2451 1502 2519 1557 et
2543 1493 2664 1556 alii
2683 1494 3002 1573 primarii

530 1600 671 1662 viri
717 1601 995 1680 gratias
1044 1602 1387 1680 agebant,
1439 1601 1627 1682 quod
1679 1600 1773 1664 ad
1820 1618 1904 1663 ea
1951 1599 2302 1664 audienda
2350 1600 2631 1664 invitati
2679 1600 3000 1679 fuissent,

520 1723 716 1785 quae
742 1722 1178 1789 magnopere
1206 1708 1379 1789 ipsis
1409 1706 1980 1784 satisfaciebant;
2025 1705 2424 1787 cujusmodi
2463 1706 2596 1772 fuit
2633 1708 3001 1787 peculiari-

532 1824 641 1876 ter
657 1814 889 1877 oratio
912 1815 1263 1895 quaedam
1286 1814 1479 1894 Mag.
1504 1814 1803 1878 Antonii
1824 1812 2192 1894 Viperani,
2219 1812 2422 1893 cujus
2441 1814 2745 1878 eruditio
2769 1814 3002 1894 coepit

524 1936 797 1999 magno
824 1922 898 1985 in
930 1922 1158 2001 pretio
1188 1922 1455 1985 haberi.
1492 1921 1668 1985 Tam
1699 1930 2000 1985 venuste
2041 1920 2255 1985 etiam
2285 1920 2573 2001 quidam
2601 1937 2776 2000 puer
2801 1938 3000 2001 peru-

530 2027 729 2091 sinus
758 2028 1111 2107 quaedam
1139 2028 1459 2092 carmina
1488 2037 1657 2091 tunc
1686 2027 2050 2105 recitavit,
2084 2038 2160 2091 ut
2189 2027 2408 2107 aliqui
2437 2044 2528 2091 ex
2571 2028 3002 2107 primoribus

520 2134 883 2212 civitatiS,
916 2136 1039 2215 qui
1066 2135 1399 2213 aderant,
1432 2134 1978 2199 descendentem
2008 2152 2096 2199 ex
2119 2144 2464 2213 suggestu
2493 2136 3002 2213 amplectentes

538 2250 607 2304 et
636 2243 931 2305 multum
983 2242 1593 2318 commendanteS,
1638 2251 1906 2321 quanta
1944 2240 2212 2305 laetitia
2251 2240 2488 2305 affecti
2525 2240 2789 2305 fuerint
2827 2242 3002 2305 satis

539 2347 1073 2428 significabant;
1104 2358 1175 2411 et
1203 2348 1594 2413 doctissimi
1620 2348 1881 2429 quique
1907 2348 2345 2429 diligentiam
2365 2358 2772 2412 nostrorum
2795 2349 2866 2412 in
2891 2350 3000 2412 his

518 2454 1096 2519 adolescentibus
1142 2455 1590 2519 instituendis
1629 2454 2189 2519 admirabantur.
2244 2454 2512 2519 Classis
2547 2472 2816 2534 graeca
2867 2456 3000 2519 fre-

532 2563 865 2642 quentius
888 2562 1319 2627 auditorium
1340 2580 1484 2625 non
1506 2563 1737 2625 solum
1755 2562 2284 2625 adolescentum
2296 2562 2420 2625 sed
2444 2563 2658 2625 etiam
2683 2562 3000 2625 virorum

529 2678 598 2732 et
622 2668 1119 2748 religiosorum
1141 2669 1403 2732 habere
1427 2668 1681 2748 coepit.
1708 2668 1847 2748 Ipsi
1873 2668 2088 2731 etiam
2105 2668 2536 2745 scholastici,
2556 2667 2724 2733 dum
2746 2668 2999 2731 crebro

527 2777 603 2840 in
632 2776 993 2856 publicum
1022 2774 1391 2856 prodeunt,
1421 2775 1785 2839 orationes
1814 2785 1884 2838 et
1923 2792 2178 2839 versus
2207 2775 2603 2853 recitand0,
2636 2784 2706 2839 et
2731 2776 3000 2839 anima-

522 2884 789 2947 bantur
818 2891 887 2946 et
910 2882 1403 2963 proficiebant,
1436 2892 1508 2946 et
1537 2882 1696 2947 aliis
1737 2881 2214 2946 aedificationi
2251 2893 2486 2959 erant;
2529 2882 2754 2947 nostri
2785 2882 3001 2946 etiam

530 2999 1064 3071 praeceptoreS,
1098 2991 1288 3069 quod
1318 2990 1407 3054 ab
1430 2988 1695 3053 scholis
1714 2998 1996 3067 tempus
2018 2988 2372 3053 habebant
2398 2990 2770 3068 reliquum,
2799 3005 3001 3068 grae-

532 3097 639 3159 cis
670 3096 923 3159 litteris
944 3096 1469 3176 impendebant.

648 3201 789 3267 307.
881 3202 1103 3266 Auxit
1133 3213 1373 3266 autem
1402 3219 1770 3266 numerum
1810 3212 2224 3265 nostrorum
2263 3202 2680 3266 adolescens
2713 3202 3004 3283 quidam

525 3310 903 3390 perusinus
922 3358 937 3385 ,
972 3328 1065 3373 ex
1090 3309 1361 3373 familia
1390 3308 1779 3373 Anastasia
1800 3354 1815 3385 ,
1850 3309 2045 3372 vitae
2073 3309 2426 3389 probitate
2455 3318 2525 3373 et
2553 3319 2854 3373 naturae
2885 3309 3002 3372 do-

532 3513 697 3557 dando
734 3512 771 3557 il
800 3514 927 3557 bene
962 3513 1260 3557 universale
1294 3518 1346 3557 et
1374 3512 1542 3557 anche
1576 3513 1747 3565 quello
1784 3512 1837 3557 di
1873 3511 2098 3566 Pet-ugia
2129 3512 2173 3556 si
2203 3522 2328 3557 sono
2357 3512 2445 3565 gia
2471 3512 2702 3557 risolute.
2728 3512 2929 3565 Prima.
2962 3512 2999 3557 il

530 3583 586 3627 P.
607 3582 759 3629 Mtro.
788 3584 1048 3628 Giovanni
1077 3582 1284 3638 (Niger,
1310 3582 1472 3632 Nero,
1492 3583 1725 3637 Nem-en
1758 3584 1996 3627 franceae
2027 3585 2186 3628 verra
2207 3595 2238 3627 a
2267 3582 2430 3628 Roma
2463 3596 2559 3639 per
2589 3584 2852 3638 seguitarc
2885 3584 2996 3628 suoi

526 3654 703 3709 studii,
723 3660 779 3699 et
798 3656 851 3699 in
870 3658 1023 3710 luogo
1042 3656 1092 3699 dl
1113 3666 1228 3699 esso
1247 3656 1289 3699 si
1310 3654 1558 3699 mandet-a
1574 3656 1611 3698 il
1634 3654 1685 3699 P.
1700 3654 1914 3699 Andr-ea
1933 3654 2260 3709 Galvanello,
2276 3656 2463 3701 huomo
2482 3662 2774 3711 attempato
2795 3656 2830 3700 il
2849 3657 3004 3711 quale

521 3734 613 3773 eta
628 3728 817 3773 adesso
828 3728 881 3773 ln
898 3726 1175 3781 norbegno
1196 3728 1334 3771 nella
1348 3726 1635 3771 Valtellina
1650 3726 1898 3771 mandato
1913 3725 1979 3772 da
1995 3726 2100 3771 Sna
2119 3726 2326 3773 Santita
2341 3738 2434 3783 per
2449 3733 2710 3772 trattener
2725 3729 2896 3779 quello
2917 3740 2981 3782 po
2991 3753 3002 3761 -

522 3800 643 3853 pulo
664 3799 835 3843 vicino
855 3799 945 3843 alli
968 3798 1208 3851 heretici,
1226 3799 1261 3842 il
1284 3799 1378 3841 che
1399 3799 1469 3842 ha
1488 3798 1624 3843 fatto
1645 3810 1741 3841 con
1760 3798 2042 3843 benissima
2061 3798 2420 3843 satisfactione
2435 3831 2445 3847 .
2465 3806 2517 3843 et
2539 3799 2582 3843 si
2603 3810 2738 3843 cava
2761 3800 2810 3843 di
2832 3800 2887 3843 la
2907 3811 3002 3843 con

525 3870 723 3925 grande
746 3870 933 3923 facien:
955 3872 984 3915 e
1004 3876 1118 3916 atto
1139 3881 1172 3916 a
1190 3869 1499 3914 confessioni
1519 3876 1573 3913 et
1598 3880 1749 3924 spero
1768 3870 2022 3914 satisfara
2041 3870 2092 3915 in
2112 3880 2376 3915 esaortare
2398 3878 2450 3914 et
2471 3870 2749 3925 insegnare
2772 3872 3003 3916 dottrina

516 3942 842 3994 clu-latiatim
863 3954 1021 3997 penso
1040 3944 1090 3987 lo
1112 3952 1335 3987 conosca
1365 3942 1403 3985 ll
1423 3942 1632 3985 fratello
1664 3948 1843 3986 nostro
1864 3941 2098 3986 Enricho
2131 3940 2306 3987 Insino
2327 3952 2360 3986 a
2381 3950 2528 3987 tanto
2549 3942 2645 3986 che
2668 3955 2838 3998 venga
2858 3946 3002 3989 detto

528 4010 680 4057 utro.
702 4013 913 4057 Δηὼ-ει
928 4046 939 4064 ,
960 4024 1058 4057 non
1082 4012 1123 4057 si
1162 4014 1377 4057 movera
1395 4012 1547 4056 Mtro.
1572 4012 1848 4057 Giovanni.
1868 4010 2324 4057 Medesimamente
2345 4014 2387 4057 si
2421 4014 2682 4058 rimovera
2703 4013 2855 4058 Mtr0.
2878 4014 3000 4059 Gili-

524 4088 693 4137 berto,
716 4092 951 4138 prestato
974 4096 1066 4140 per
1085 4085 1257 4129 alcuni
1287 4084 1439 4138 mesi,
1462 4096 1555 4139 per
1575 4084 1793 4129 Genova
1809 4118 1819 4137 ,
1841 4092 1894 4127 et
1912 4084 1964 4129 in
1994 4096 2087 4129 suo
2121 4086 2234 4129 loco
2253 4086 2534 4130 succedcra
2555 4086 2589 4129 il
2611 4086 2823 4130 fratello
2845 4085 3002 4143 Vipe-

521 4168 673 4202 rano.
695 4156 845 4201 oltra
866 4156 915 4201 di
937 4157 1105 4212 questi
1128 4158 1285 4200 verra
1305 4168 1337 4200 a
1359 4156 1523 4201 Roma
1543 4157 1577 4201 ll
1599 4156 1809 4201 fratello
1830 4156 2066 4201 Emundo
2085 4168 2180 4212 per
2199 4158 2434 4211 seguitar
2455 4159 2564 4202 suoi
2587 4159 2744 4203 studii
2762 4191 2774 4211 ,
2796 4159 2886 4214 gia
2906 4160 3001 4203 che

522 4230 563 4275 li
592 4229 841 4284 diacepoli
861 4230 911 4273 di
938 4240 1055 4273 esso
1088 4240 1212 4273 sono
1232 4230 1333 4273 atti
1371 4238 1466 4284 per
1498 4230 1551 4273 la
1584 4230 1752 4273 clane
1786 4228 1835 4272 di
1871 4227 2024 4273 Mtro.
2055 4226 2312 4273 Giliberto
2345 4242 2375 4273 o
2414 4229 2692 4285 Viperano.
2714 4230 2772 4275 ln
2805 4233 2918 4275 loco
2949 4230 3000 4274 di

525 4300 767 4346 'Emundo
794 4301 1079 4345 succedes-a
1098 4301 1135 4345 il
1157 4300 1364 4345 fratello
1387 4299 1563 4344 Pietro
1584 4300 1747 4355 Regio
1764 4310 1860 4345 eon
1891 4302 1927 4345 li
1947 4301 2058 4345 suoi
2081 4302 2328 4355 discepoli
2344 4334 2354 4353 ,
2377 4302 2428 4345 id
2447 4309 2529 4345 est
2544 4332 2555 4349 .
2573 4304 2732 4356 quelli
2754 4302 2893 4347 delia
2912 4302 3000 4357 3³⁵,

516 4374 623 4417 che
644 4373 1052 4418 accenderanno.
1072 4380 1125 4416 et
1144 4374 1200 4417 la
1216 4372 1291 4415 3.·
1310 4372 1485 4417 fatali
1506 4372 1715 4417 fratello
1734 4372 1976 4425 Enrrico,
1999 4378 2053 4417 et
2081 4374 2136 4417 la
2153 4373 2228 4416 4.·
2248 4376 2402 4427 potra
2423 4373 2534 4418 fare
2555 4374 2697 4419 forsa
2719 4374 3002 4419 Thomasso

529 4444 779 4497 Romano,
798 4450 854 4488 et
882 4455 977 4498 per
1004 4444 1037 4488 l'
1054 4445 1241 4489 ultima
1266 4444 1311 4488 si
1346 4444 1597 4488 mandera
1615 4454 1685 4488 un
1718 4444 1929 4489 fratello
1951 4444 2216 4489 chiamato
2237 4444 2621 4497 Bai-tholomeo,
2645 4446 2680 4489 il
2701 4448 2854 4500 quale
2890 4458 3001 4491 cre·

517 4516 701 4561 «diemo
726 4517 949 4565 servit-a.
974 4526 1005 4559 o
1025 4527 1151 4561 vero
1177 4516 1262 4560 un’
1281 4517 1420 4559 altro
1454 4516 1549 4559 che
1580 4526 1735 4571 possa
1767 4515 1975 4560 aiutare
2009 4516 2149 4562 neila
2179 4516 2354 4563 infima
2385 4518 2570 4562 classe.
2591 4516 2637 4563 11
2668 4517 2722 4561 P.
2739 4516 3000 4563 Giovanni

529 4588 785 4633 catalano
806 4590 966 4633 verra
984 4588 1145 4633 etiarn
1160 4597 1197 4632 a
1216 4586 1399 4632 Roma.
1421 4587 1487 4632 Se
1512 4588 1735 4641 qualche
1756 4590 1896 4633 altro
1925 4589 2129 4633 acolare
2153 4590 2304 4633 vuole
2327 4591 2378 4634 la
2399 4588 2460 4633 R.
2482 4589 2567 4643 V..
2593 4591 2643 4634 io
2661 4590 2856 4634 sci-iva.
2878 4589 3005 4633 “Po-

522 4662 709 4704 laneus
722 4692 733 4711 ,
756 4670 823 4703 ex
842 4670 995 4712 com..
1014 4658 1159 4703 Patri
1180 4660 1453 4703 Everardo
1474 4657 1816 4713 Mercuriano,
1841 4662 1861 4705 1
1885 4659 2205 4715 Septembris
2223 4660 2348 4705 1554.

612 4731 632 4765 ¹
687 4731 839 4776 Num.
858 4732 930 4787 ⁶3,
953 4742 1073 4786 pag.
1089 4731 1165 4776 41.
