3742 5392
698 422 817 483 6³8
1616 422 1876 483 Cimon.
1915 422 2072 482 Soc-
2109 422 2252 495 Jus-

704 569 1199 633 ostenderetur
1224 570 1333 633 eis
1364 586 1663 649 corpus,
1694 568 1888 649 quod
1923 584 2204 632 stimma
2231 584 2396 631 cum
2435 567 2814 631 devotione
2839 578 2914 631 et
2951 566 3180 629 admi*

706 676 985 739 ratione
1010 675 1367 753 fecerunt,
1398 686 1471 741 et
1497 676 1637 739 nisi
1662 676 1894 739 nostri
1931 674 2310 755 diligenter
2338 690 2606 755 corpus
2639 672 3178 751 custodiissent,

704 783 943 863 facile,
970 784 1165 863 quod
1189 800 1323 863 pro
1352 784 1673 864 reliquiis
1698 784 2068 861 haberent,
2096 782 2350 846 fuisset
2375 782 2832 862 discerptum,
2872 798 3042 844 nam
3081 780 3176 843 ir·

706 900 1051 971 ruperant
1086 891 1161 953 in
1196 891 1539 955 sacellum
1554 940 1571 969 ,
1611 905 1687 953 et
1720 889 2078 969 quaedam
2115 888 2620 968 confregerant
2659 898 2735 953 ut
2777 888 2872 952 ad
2909 904 3174 968 corpus

710 997 1197 1075 osculandum,
1230 1014 1487 1061 manus
1514 998 1789 1061 scilicet
1816 996 1970 1077 ejus
1991 998 2108 1059 vel
2133 996 2374 1077 pedeS,
2399 997 2744 1060 accedere
2765 1006 3074 1077 possent;
3103 1004 3175 1059 et

712 1104 947 1169 triduo
975 1106 1093 1167 vel
1122 1104 1527 1185 quatriduo,
1558 1115 1942 1184 antequam
1973 1102 2354 1167 inferretur
2375 1104 2450 1165 in
2477 1112 3012 1167 monumentum
3028 1151 3044 1179 ,
3069 1103 3176 1164 sic

712 1210 955 1275 debuit
986 1212 1299 1275 retineri:
1330 1221 1403 1275 et
1430 1211 1599 1291 quia
1626 1211 1716 1274 de
1738 1210 2106 1275 miraculis
2126 1209 2281 1290 ejus
2299 1213 2524 1274 multa
2545 1210 2986 1288 dicebantur,
3009 1208 3179 1272 Pro·

715 1337 846 1382 rex
884 1318 1069 1382 dixit
1110 1319 1293 1382 velle
1334 1336 1413 1381 se
1450 1318 1541 1382 de
1576 1317 1980 1393 huiusmodi
2021 1319 2234 1382 rebus
2275 1317 2706 1383 examinatis
2753 1318 3033 1398 publica
3077 1317 3178 1378 in-

716 1435 1111 1489 strumenta
1138 1425 1489 1489 conficere
1518 1435 1591 1489 et
1618 1426 1713 1489 ad
1740 1424 2014 1505 Regem
2049 1428 2334 1489 mittere
2351 1477 2366 1504 ,
2407 1436 2480 1489 et
2519 1424 2860 1489 Vicarius
2883 1441 3180 1504 genera·

716 1533 829 1612 lis,
858 1550 1027 1597 nam
1056 1532 1159 1610 (ut
1186 1532 1519 1611 diximus)
1546 1542 1874 1596 mortuus
1900 1542 2056 1596 erat
2077 1532 2480 1613 Episcopus
2503 1530 2548 1610 ¹,
2573 1549 2822 1603 curam
2843 1529 3052 1610 hujus
3071 1532 3182 1593 rei

718 1640 1052 1720 suscepit.
1086 1638 1229 1702 Sed
1256 1640 1343 1702 ob
1370 1640 1851 1719 quorumdam
1879 1640 2398 1703 monachorum
2425 1638 2564 1702 Sti.
2595 1638 2964 1701 Domim'ci
2985 1656 3176 1699 mur·

720 1747 1169 1811 murationes
1196 1746 1313 1810 vel
1342 1746 1535 1809 alias
1562 1748 1649 1809 ob
1674 1764 1970 1825 causaS,
1995 1753 2170 1810 tunc
2195 1746 2274 1809 id
2285 1747 2580 1825 factum
2609 1764 2754 1808 non
2782 1751 2893 1809 est
2913 1744 2966 1807 ³:
2987 1755 3057 1809 et
3077 1746 3178 1808 ita

720 1865 992 1936 postea,
1026 1853 1235 1933 Rege
1258 1854 1337 1916 id
1346 1853 1677 1932 jubente,
1690 1854 1986 1932 factum
2013 1860 2151 1932 est,
2177 1860 2247 1917 et
2273 1854 2764 1917 instrumenta
2793 1852 2816 1883 ³
2846 1855 2920 1917 in
2959 1853 3182 1917 Euro·

718 1979 887 2043 pam
915 1961 1135 2025 missa
1162 1961 1447 2025 suerunt
1468 2011 1483 2039 ,
1516 1971 1587 2025 et
1616 1964 1970 2042 quaedam
1997 1978 2246 2025 eorum
2271 1960 2546 2025 Romae
2569 1970 2972 2025 servantur.

847 2068 1025 2131 1386.
1108 2067 1363 2132 Petrus
1390 2067 1481 2131 de
1506 2066 1867 2131 Alcazeba
1889 2116 1904 2145 ,
1938 2086 1982 2131 a
2003 2066 2514 2149 japonensibus
2542 2067 2870 2131 Patribus
2897 2067 3180 2148 missuS,

722 2186 801 2241 ut
830 2176 919 2239 de
949 2177 1185 2255 rebus,
1216 2191 1401 2255 quae
1430 2174 1531 2238 ibi
1548 2186 1995 2256 gererentur,
2022 2185 2386 2255 tamquam
2403 2175 2606 2238 testis
2629 2177 2953 2238 oculatus
2973 2175 3183 2239 ratio·

722 2300 885 2347 nem
916 2282 1243 2347 redderet
1264 2332 1279 2361 ,
1310 2284 1537 2346 multa
1564 2282 1940 2347 referebat.
1983 2281 2436 2361 Scripserant
2473 2282 2690 2345 etiam
2725 2282 2882 2345 Rex
2923 2282 3184 2345 Aman-

720 2390 917 2470 gucii
945 2396 1013 2452 et
1043 2387 1199 2453 Rex
1231 2388 1465 2469 Bungi
1492 2399 1564 2453 et
1606 2388 1775 2453 Dux
1806 2388 2102 2453 Firandi
2133 2388 2454 2468 Pro-regi
2474 2388 2718 2453 Indiae
2747 2387 2836 2451 D.
2870 2390 3186 2469 Alphon-

720 2514 827 2575 se,
860 2506 933 2559 et
960 2514 1205 2560 mense
1232 2495 1468 2577 Aprili
1496 2497 1705 2578 hujus
1734 2496 1906 2559 anni
1934 2498 2213 2560 litterae
2245 2494 2479 2559 Goam
2507 2506 3006 2576 pervenerant,
3038 2498 3184 2577 qui-

721 2605 855 2667 bus
892 2604 1391 2685 significabant
1428 2622 1506 2668 se
1548 2606 1942 2684 intelligere
1983 2606 2216 2683 legem
2243 2602 2608 2667 Creatoris
2648 2604 2892 2679 mundi
2934 2620 3192 2667 veram

725 2728 905 2789 esse,
938 2728 1155 2792 quam
1181 2710 1433 2775 Patres
1460 2712 1691 2775 nostri
1720 2730 1763 2775 a
1791 2710 2050 2774 finibus
2080 2721 2314 2775 terrae
2343 2712 2714 2775 venientes
2745 2712 2842 2774 ibi
2869 2712 3188 2775 declara—

726 2819 917 2882 bant.
951 2818 1109 2883 Rex
1136 2820 1351 2885 etiam
1380 2819 1645 2899 Bungi,
1678 2836 1853 2898 prae
1899 2820 2204 2883 caeteris
2225 2818 2742 2899 japonensibus
2779 2829 3067 2898 potenS,
3099 2819 3190 2881 si-

724 2929 869 2989 mul
898 2942 1063 2989 cum
1088 2926 1364 3007 Legato
1394 2937 1463 2991 et
1492 2927 1749 2991 litteris
1780 2927 1968 2990 dona
1999 2928 2214 2991 etiam
2243 2924 2573 3007 Pro-regi
2596 2927 2808 3003 misit;
2835 2926 3189 3005 significa-

722 3033 895 3096 bant
938 3042 1177 3098 autem
1214 3032 1364 3113 ejus
1404 3034 1683 3098 litterae
1726 3035 1917 3115 quod
1955 3033 2388 3097 christianus
2441 3052 2600 3097 esse
2639 3042 2961 3113 cuperet,
3009 3044 3079 3096 et
3119 3034 3192 3095 in

724 3156 897 3203 vera
940 3141 1255 3205 amicitia
1296 3158 1460 3205 cum
1502 3141 1701 3221 Rege
1736 3140 2222 3221 portugalliae
2253 3138 2628 3221 conjungi,
2663 3159 2832 3203 nam
2876 3140 3206 3204 nationis

725 3258 870 3311 tam
900 3248 1153 3311 nobilis
1183 3248 1453 3327 Regem
1484 3266 1627 3313 non
1656 3249 2023 3313 dubitabat
2051 3249 2726 3312 excellentissimum
2755 3257 2823 3310 et
2857 3247 3200 3327 potentis—

724 3352 981 3417 simum
1011 3371 1203 3433 esse,
1236 3364 1305 3417 et
1344 3356 1533 3435 quod
1578 3373 1655 3419 se
1694 3355 1974 3419 felicem
2013 3355 2486 3419 arbitraretur
2529 3354 2589 3417 si
2633 3371 2795 3418 eum
2839 3354 3019 3418 inter
3061 3354 3204 3416 sibi·

728 3460 1047 3525 subditos
1076 3463 1455 3544 acciperet;
1490 3474 1561 3526 et
1590 3463 1689 3527 ita
1719 3464 1946 3527 nostri
1975 3462 2480 3527 existimabant
2519 3481 2563 3525 a
2591 3461 2790 3540 Rege
2819 3460 3192 3541 portugal-

728 3569 863 3632 liae
892 3579 1215 3633 amantes
1236 3571 1513 3634 litteras
1534 3571 2034 3635 rescribendas
2057 3588 2238 3649 esse,
2263 3570 2518 3651 quibus
2539 3560 2704 3631 eum
2728 3568 3078 3633 animaret
3103 3568 3206 3631 ad

724 3674 992 3741 Christi
1021 3676 1231 3741 fidem
1261 3678 1811 3759 suscipiendam,
1846 3696 2015 3742 nam
2044 3678 2218 3742 nihil
2247 3678 2439 3741 aliud
2469 3694 2630 3741 eum
2660 3677 2966 3741 retinere
3011 3676 3198 3740 dice·

727 3784 937 3847 batur
980 3801 1195 3864 quam
1237 3784 1589 3849 humanus
1628 3786 1920 3866 quidam
1964 3787 2174 3849 timor
2225 3803 2314 3847 ne
2351 3784 2684 3847 nobilitas
2727 3798 2943 3862 aegre
2979 3782 3198 3846 ferret

730 3889 917 3971 quod
945 3889 1155 3953 fidem
1182 3893 1579 3973 susciperet
1608 3911 1874 3956 novam
1906 3901 2288 3973 antequam
2324 3892 2461 3972 ipsi
2491 3908 2652 3954 eam
2689 3891 3193 3971 suscepissent;

731 3998 856 4061 sed
905 4016 1071 4062 cum
1122 4000 1343 4080 aliqui
1377 4017 1469 4063 ex
1508 3999 1942 4079 primoribus
1981 4009 2220 4063 essent
2261 3998 2351 4061 ad
2389 3996 2600 4062 fidem
2640 3998 3005 4076 conversi,
3048 3998 3200 4076 ipse

732 4106 947 4169 etiam
976 4105 1187 4171 fidem
1215 4118 1678 4189 suscepturus
1708 4108 2155 4171 credebatur.

861 4212 1035 4279 1387.
1123 4214 1365 4295 Usque
1418 4216 1511 4281 ad
1563 4224 1867 4296 quatuor
1921 4215 2138 4277 millia
2197 4214 2750 4278 christianorum
2809 4214 2882 4275 in
2931 4210 3212 4293 Japone

901 4414 1159 4421 ———-.——-—-

816 4530 833 4563 ¹
893 4529 1028 4574 Vide
1048 4541 1224 4586 supra.
1244 4542 1367 4585 pag.
1386 4530 1470 4575 643
1490 4563 1502 4583 ,
1522 4542 1573 4575 n.
1598 4530 1721 4575 1375.

818 4602 840 4633 ²
896 4602 1041 4653 Quae
1062 4604 1257 4648 litteris
1276 4603 1473 4648 italicis
1494 4602 1914 4657 transcribimus,
1935 4601 1987 4645 {n
2009 4602 2246 4655 margine
2267 4600 2448 4645 addita
2471 4606 2590 4643 sunt
2612 4611 2644 4644 a
2665 4598 2718 4643 P.
2739 4598 2978 4642 Polunco.

816 4674 841 4705 .·.
898 4675 1041 4719 Haec
1062 4674 1223 4722 etiam
1244 4675 1380 4725 inter
1401 4676 1565 4718 lineas
1588 4674 1787 4718 addidit
1808 4674 2082 4717 Polancus.
