3742 5392
801 524 908 583 3¹24
1717 521 1973 583 Canos.
2015 523 2168 583 Soc,
2210 523 2349 595 Jsss.

803 670 1052 733 eadem
1092 662 1523 732 cribrabant.
1569 667 1644 730 P.
1697 667 1979 748 quidem
2020 667 2449 732 Paschasius
2490 686 2575 732 eo
2616 679 2933 749 tempore
2974 688 3267 735 causam

802 786 1121 840 nostram
1170 775 1662 854 theologorum
1709 774 2002 837 arbitrio
2044 772 2475 839 offerendam
2514 792 2671 839 esse
2718 794 2861 840 non
2906 779 3263 856 censebat;

800 883 926 946 sed
947 883 1128 945 tanti
1150 880 1288 944 viri
1312 891 1593 960 tamque
1614 881 1941 944 benevoli
1963 880 2315 960 praesidio
2340 891 2411 945 et
2442 882 2869 946 auctoritate
2890 883 3259 963 impulsuS‚

800 1006 949 1054 rem
979 1005 1366 1069 aggressus
1390 996 1520 1066 est;
1549 1004 1741 1065 nam,
1767 987 1830 1050 si
1853 988 2057 1051 aliter
2081 1005 2292 1071 quam
2316 1005 2447 1068 par
2469 997 2656 1051 esset
2676 989 3015 1053 Facultas
3044 990 3265 1054 Theo-

799 1096 1035 1176 logica
1065 1096 1488 1158 sententiam
1519 1096 1818 1174 tulisset,
1853 1112 1931 1158 se
1959 1094 2142 1172 Regi
2171 1096 2534 1175 negotium
2563 1107 2886 1161 nostrum
2915 1114 3266 1162 commen-

799 1205 1131 1268 daturum
1175 1203 1520 1283 promisit.
1574 1202 1746 1265 Erat
1796 1203 2061 1282 alioqui
2108 1204 2221 1265 vir
2270 1204 2603 1282 perdives
2663 1221 2749 1269 ac
2798 1205 2952 1269 sine
3001 1206 3261 1281 liberiS‚

799 1311 917 1391 qui
945 1310 1137 1373 haud
1165 1312 1464 1389 vulgare
1507 1308 1895 1372 subsidium
1940 1312 2198 1390 templo
2242 1309 2541 1391 Collegii
2577 1310 2969 1375 extruendo
2999 1313 3260 1393 pollici·

797 1428 914 1481 tus
961 1416 1225 1495 fuerat,
1279 1427 1350 1479 et
1399 1416 1854 1497 privilegium
1897 1414 2066 1478 illud
2113 1415 2581 1481 ducentorum
2632 1428 2700 1481 et
2750 1420 3263 1500 quinquaginta

795 1524 1229 1603 francorum,
1283 1522 1480 1603 cujus
1526 1524 1802 1587 litterae
1853 1524 2371 1604 quinquaginta
2422 1526 2658 1588 aureis
2700 1527 3075 1607 expeditae
3123 1544 3265 1591 non

796 1631 1091 1695 fuissent
1123 1650 1165 1693 a
1189 1631 1459 1694 ‘nostris
1493 1629 1535 1707 ¹,
1563 1630 1713 1710 ipse
1743 1631 2150 1710 expeditum
2181 1630 2469 1694 domum
2499 1650 2661 1695 cum
2692 1633 2851 1695 aliis
2882 1635 3261 1715 eleemosy-

796 1740 906 1801 nis
937 1738 1148 1802 misit.

915 1845 1054 1908 692.
1143 1845 1494 1908 Facultati
1545 1862 1718 1925 ergo
1769 1844 1828 1907 T
1833 1846 2251 1924 heologieae
2302 1862 2433 1925 pro
2484 1862 2685 1909 more
2734 1858 3057 1927 recepto,
3104 1848 3260 1928 ipso

797 1952 1090 2015 Decano
1119 1950 1141 1982 ¹
1172 1952 1606 2031 efflagitante
1636 1962 1704 2014 et
1732 1952 2039 2016 Senatus
2067 1952 2299 2016 edicto
2330 1970 2454 2032 per
2486 1954 2851 2017 ostiarium
2884 1954 3254 2019 denuncia-

796 2069 891 2135 t0,
927 2058 1289 2137 negotium
1321 2059 1588 2123 decreti
1617 2058 1888 2122 ferendi
1920 2058 2310 2138 injunctum
2349 2069 2481 2137 est,
2516 2074 2591 2123 ut
2632 2062 2782 2123 sine
2814 2078 3012 2123 mora
3058 2078 3255 2125 suam

796 2165 1196 2245 proferrent
1245 2168 1602 2229 communi
1645 2184 1994 2229 consensu
2041 2168 2490 2245 sententiam;
2535 2170 2882 2248 quamvis,
2931 2169 3259 2233 timentes

797 2272 1120 2335 fortassis
1147 2271 1509 2336 Pontificis
1540 2272 1904 2349 offensam,
1940 2274 2457 2337 cunctabantur
2489 2274 2609 2347 illi,
2644 2285 2713 2338 et
2744 2293 2961 2338 unum
2991 2285 3063 2340 et
3092 2278 3259 2339 alte--

796 2396 954 2442 rum
983 2387 1052 2442 et
1081 2381 1318 2459 plures
1357 2380 1570 2442 etiam
1616 2398 1895 2442 menses
1934 2396 2085 2443 rem
2130 2380 2622 2444 extrahebant.
2665 2381 2803 2445 Sed
2843 2400 2987 2445 non
3018 2392 3124 2445 est
3170 2384 3255 2447 si-

797 2487 1008 2549 lentio
1037 2487 1557 2565 praetereunda
1587 2487 1897 2550 doctoris
1928 2486 2295 2566 cujusdam
2324 2505 2496 2565 vox,
2540 2490 2662 2568 qui
2695 2506 2857 2552 cum
2895 2490 2968 2552 in
2995 2492 3258 2571 templo

792 2596 862 2657 in
895 2594 1172 2674 publico
1203 2594 1565 2658 hominum
1606 2605 1963 2658 conventu
2008 2612 2098 2657 ex
2136 2596 2580 2674 praescripto
2616 2595 2891 2659 Decani
2920 2597 3256 2677 diploma-

790 2714 942 2764 tum
971 2698 993 2731 3
1023 2700 1534 2765 examinationi
1564 2701 1905 2764 interesse
1950 2710 2328 2779 rogaretur
2358 2719 2489 2781 per
2529 2702 2929 2782 quemdam,
2976 2704 3093 2784 qui
3140 2703 3255 2767 do-

792 2809 935 2872 mui
964 2818 1252 2872 nostrae
1283 2808 1738 2883 inserviebat,
1781 2808 2431 2871 stomachabundus
2469 2810 2926 2873 exclamavit:
2972 2808 3145 2873 “Per
3174 2812 3252 2873 B.

790 2916 1167 2996 Virginem
1195 2924 1554 2996 oporteret
1583 2933 1714 2977 vos
1756 2933 2000 2978 omnes
2038 2915 2339 2995 flagellis
2370 2917 2669 2979 caedere
2709 2926 2779 2979 et
2818 2934 2907 2980 ex
2938 2919 3110 2980 urbe
3140 2918 3257 2997 eji-

789 3040 974 3086 cere:
1008 3023 1185 3086 haec
1209 3032 1316 3085 est
1345 3040 1501 3085 mea
1535 3023 1910 3099 sententia,
1938 3039 2152 3102 quarn
2186 3025 2457 3085 laturus
2482 3040 2702 3103 sum.„
2810 3010 2827 3022 “

906 3129 1047 3193 693.
1135 3129 1557 3209 Acceperat,
1593 3128 1761 3192 dum
1786 3129 1966 3192 haec
1992 3140 2399 3208 agerentur,
2426 3130 2823 3210 Episcopus
2850 3130 3255 3195 Claramon-

787 3248 1000 3301 tanus
1021 3237 1292 3300 litteras
1316 3256 1405 3299 ex
1429 3238 1617 3300 Urbe
1644 3234 2087 3317 [quusdam],
2115 3236 2233 3315 qui
2260 3237 2641 3317 aliquando
2666 3237 3115 3301 Minimorum
3140 3255 3257 3318 ge-

787 3344 1051 3407 neralis
1078 3343 1329 3420 fuerat,
1364 3344 1619 3406 deinde
1663 3343 2267 3422 Archiepiscopus
2298 3342 2670 3423 Regiensis
2713 3342 2759 3423 ⁸,
2806 3346 2925 3425 qui
2962 3344 3258 3408 mirifice

785 3452 1085 3527 Collegii
1116 3451 1339 3513 nostri
1369 3449 1669 3513 Romani
1701 3450 1945 3512 laudes
1970 3450 2376 3527 extollebat;
2403 3451 2659 3530 quibus
2682 3451 2936 3515 litteris
2961 3452 3255 3533 Episco-

786 3576 918 3638 pus
950 3559 1243 3620 multum
1275 3557 1666 3620 delectatus
1695 3565 1824 3633 est,
1862 3565 1930 3619 et
1970 3556 2273 3635 urgebat
2316 3565 2391 3618 ut
2432 3573 2981 3636 properaremus
3022 3557 3255 3622 Billio—

787 3681 1031 3727 mense
1054 3663 1446 3743 Collegium
1469 3664 1831 3740 inchoare,
1868 3664 2043 3725 nihil
2074 3664 2161 3726 de
2191 3663 2413 3742 ipsius
2443 3664 2866 3728 liberalitate
2898 3666 3255 3745 ambigen-

785 3782 915 3834 tes.
953 3769 1092 3834 Sed
1119 3770 1196 3834 P.
1231 3770 1571 3851 Ignatius,
1614 3788 1777 3833 cum
1816 3771 2055 3833 omnia
2094 3769 2297 3833 bellis
2336 3781 2573 3834 essent
2615 3773 3026 3850 perturbata
3068 3773 3253 3837 inter

785 3880 1292 3959 Imperatorem
1322 3896 1408 3940 ac
1439 3876 1716 3941 Galliae
1759 3876 2055 3956 Regem,
2090 3894 2237 3940 non
2274 3876 2485 3940 facile
2516 3877 2791 3957 aliquos
2832 3878 2905 3942 in
2946 3878 3255 3943 Galliam

787 3987 1168 4050 mittendos
1211 3986 1566 4061 censebat,
1613 3986 2037 4065 praesertim
2082 3984 2205 4064 qui
2248 3985 2535 4047 natione
2585 3984 2758 4065 galli
2804 4002 2949 4049 non
2995 3998 3255 4050 essent.

788 4093 1028 4158 Voluit
1051 4109 1226 4172 ergo
1259 4110 1302 4155 a
1325 4091 1401 4155 Ρ.
1435 4091 1824 4155 Paschasio
1855 4092 2251 4170 intelligere
2282 4108 2375 4154 an
2406 4108 2656 4154 secure
2684 4094 2913 4156 nostri
2945 4111 3029 4156 eo
3051 4095 3124 4156 in
3154 4112 3255 4157 re-

793 4258 887 4265 *-
1132 4257 1217 4264 --.-

867 4337 884 4368 ¹
944 4335 1020 4380 De
1043 4337 1140 4380 hoc
1159 4335 1439 4390 privilegio
1459 4334 1590 4379 nihil
1611 4334 1744 4379 certi
1765 4335 1936 4379 adhuc
1956 4340 2193 4377 statuere
2215 4332 2493 4377 valuimus.

865 4410 889 4441 ¹
943 4407 1007 4452 M.
1032 4408 1275 4451 Nicolaus
1295 4409 1343 4451 le
1367 4406 1539 4451 Clerc.
1561 4407 1641 4451 Du
1671 4407 1902 4457 ΒουιΑγ,
1923 4407 1956 4449 1.
1978 4417 2041 4456 c.,
2058 4415 2178 4460 pag.
2198 4404 2296 4448 476.

861 4483 886 4515 ³
943 4481 1182 4537 Intellige
1205 4480 1538 4536 Apostolicas
1557 4480 1767 4523 litteras
1787 4477 2236 4532 approbationem,
2259 4475 2699 4521 confirmationem
2720 4483 2775 4522 et
2796 4478 3075 4534 privilegia
3094 4480 3261 4527 Socie-

786 4555 914 4599 tatis
929 4554 1296 4609 exprimentes.

864 4627 890 4659 ὁ
941 4626 1075 4671 Erat
1097 4627 1141 4669 is
1170 4625 1328 4669 Daue.
1348 4624 1556 4679 Gaspar
1575 4635 1607 4669 a
1628 4624 1809 4675 Fosso‚
1833 4624 1895 4666 de
1926 4634 2025 4677 quo
2055 4622 2309 4666 videndus
2328 4622 2565 4667 Ucnsstu
2579 4656 2591 4676 ,
2616 4622 2784 4667 Italia
2805 4634 2982 4677 sacra,
3003 4630 3042 4669 t.
3065 4636 3137 4675 tx.
3159 4628 3258 4671 col.

781 4698 880 4742 33⁴.
903 4698 987 4742 Ab
1007 4698 1124 4742 alus
1143 4698 1333 4741 dicitur
1356 4696 1559 4751 Caspar
1578 4696 1640 4740 de
1662 4694 1848 4747 Fossa,
1867 4693 2071 4748 caspar
2091 4694 2175 4738 dal
2200 4692 2376 4747 Fosso,
2394 4700 2494 4739 etc.
2515 4694 2648 4739 Vide
2671 4696 2831 4740 etlam
2854 4696 3046 4741 cartas
3062 4698 3128 4741 de
3148 4698 3259 4741 San

787 4770 1024 4823 Ignacto,
1045 4774 1082 4813 t.
1105 4780 1176 4822 m,
1199 4780 1320 4823 pag.
1342 4768 1438 4813 322.
