3742 5392
726 489 837 549 592
1639 492 1896 554 Canon.
1939 490 2091 552 Soc.
2133 492 2273 566 Jns.

730 635 918 711 fecit,
972 636 1062 699 ad
1106 634 1181 697 Ρ.
1229 635 1694 700 Franciscum
1728 637 1961 715 rediit,
2012 647 2082 701 et
2127 636 2466 701 Vicarius
2510 634 2660 717 ejus
2707 639 3188 718 episcopatuS,

730 744 849 823 qui
878 760 1064 822 eum,
1095 743 1261 806 dum
1295 742 1841 807 concionaretur
1874 742 1916 819 ¹,
1952 744 2276 807 comitari
2317 752 2604 807 nostros
2647 744 2742 808 ad
2785 744 2990 808 varia
3032 745 3191 807 loca

728 850 976 928 voluit,
1010 850 1115 913 sic
1144 849 1237 912 ad
1264 849 1691 914 Societatem
1721 848 2018 913 affectus
2061 850 2216 926 fuit,
2263 860 2340 913 ut
2377 867 2628 931 parum
2669 850 2980 915 abfuerit
3024 852 3190 932 quin

730 954 1157 1020 Societatem
1205 956 1738 1036 ingrederetur;
1793 957 1905 1019 vir
1949 955 2332 1037 prudentia
2385 967 2454 1020 et
2507 956 2759 1021 litteris
2807 956 3096 1037 egregie
3147 976 3190 1021 a

730 1062 915 1126 Dno.
947 1063 1257 1140 dotatus,
1290 1072 1360 1126 et
1388 1072 1715 1127 cessante
1738 1062 2045 1144 quodam
2067 1063 2568 1144 impedimento
2593 1064 2730 1128 hoc
2761 1064 3191 1127 desiderium

730 1187 937 1234 suum
966 1172 1252 1250 explere
1284 1170 1669 1249 cogitabat.
1718 1170 2113 1251 Episcopus
2141 1179 2411 1249 autem,
2445 1180 2522 1235 ut
2566 1188 2915 1234 summam
2946 1188 3190 1233 conso-

729 1277 1064 1341 lationem
1108 1286 1487 1357 acceperat
1530 1288 1938 1342 nostrorum
1975 1278 2413 1358 praesentia,
2455 1278 2557 1341 ita
2597 1294 3046 1359 summopere
3088 1295 3192 1341 re·

729 1402 1009 1447 cessum
1039 1401 1285 1447 eorum
1326 1383 1582 1458 sensit,
1626 1394 1695 1448 et
1724 1384 1980 1447 litteris
2018 1383 2093 1448 P.
2137 1384 2601 1448 Franciscum
2643 1384 2934 1465 propria
2973 1402 3186 1448 manu

730 1491 1015 1571 scriptis
1045 1493 1377 1555 obsecrat
1412 1509 1503 1555 ne
1540 1493 1630 1555 ab
1668 1492 1802 1555 hoc
1842 1492 2130 1571 negotio
2169 1492 2488 1571 erigendi
2531 1491 2830 1571 Collegii
2871 1492 3189 1569 desistat,

730 1615 893 1662 cum
942 1599 1033 1663 ad
1070 1601 1372 1662 salutem
1411 1597 1693 1662 animae
1730 1598 1954 1679 ipsius
1996 1606 2066 1661 et
2105 1597 2550 1662 subditorum
2599 1614 3047 1679 summopere
3087 1616 3190 1661 re—

730 1704 916 1769 ferre
945 1706 1317 1785 intelligat;
1348 1715 1727 1768 etomnem
1747 1705 2055 1784 lapidem
2079 1714 2267 1769 esset
2292 1715 2614 1768 moturus
2644 1715 2719 1768 ut
2747 1715 2940 1769 recte
2971 1704 3192 1769 Colle·

728 1813 927 1891 gium
968 1812 1333 1875 dotaretur
1369 1810 1426 1875 ²:
1466 1812 1634 1892 quia
1664 1820 1904 1876 tamen
1943 1811 2176 1875 media
2205 1829 2392 1893 quae
2422 1812 2816 1892 Episcopus
2845 1829 3192 1892 propone·

730 1920 879 1997 bat,
913 1937 1006 1982 ex
1043 1918 1502 2000 Imperatoris
1536 1921 1906 1982 voluntate
1947 1916 2384 1998 pendebant,
2431 1919 2917 1997 expectandus
2955 1919 3026 1981 in
3071 1918 3190 1981 Hi—

731 2026 1054 2106 spaniam
1085 2025 1238 2105 eJus
1268 2026 1619 2090 adventus
1646 2026 1850 2088 visus
1877 2033 2006 2089 est.

854 2132 1034 2197 1258.
1119 2132 1297 2197 Cum
1326 2133 1750 2213 intelligeret
1780 2132 1856 2195 P.
1889 2132 2208 2212 Ignatius
2251 2133 2440 2214 quod
2467 2134 2798 2213 superius
2826 2134 3194 2197 retulimus

726 2242 817 2304 de
846 2240 921 2303 P.
955 2239 1343 2303 Francisco
1386 2240 1477 2303 ad
1507 2238 2044 2303 cardinalatum
2073 2239 2567 2320 promovendo
2607 2238 2663 2317 ⁸,
2697 2248 2982 2321 praeter
3025 2240 3191 2317 alia,

730 2366 910 2427 quae
943 2364 1107 2410 cum
1134 2345 1425 2411 Summo
1453 2344 1793 2409 Pontifice
1824 2346 1970 2426 egit
2001 2355 2071 2408 et
2109 2363 2272 2409 cum
2315 2346 2620 2427 ipsomet
2663 2344 2738 2408 P.
2771 2346 3188 2424 Francisco,

728 2464 899 2517 vota
946 2455 1064 2517 illa
1100 2454 1450 2533 simplicia
1490 2451 1954 2535 [ordinavit],
2010 2470 2190 2534 quae
2229 2452 2433 2534 juxta
2481 2454 3022 2519 constitutiones
3071 2471 3194 2518 no-

730 2572 917 2625 stras
947 2580 988 2624 a
1021 2561 1363 2643 professis
1390 2562 1834 2639 emittuntur,
1868 2561 2054 2625 inter
2082 2578 2262 2642 quae
2287 2578 2503 2625 unum
2529 2570 2638 2625 est
2659 2561 2746 2625 de
2767 2578 2914 2625 non
2941 2562 3190 2625 admit-

727 2669 958 2732 tendis
989 2669 1453 2749 dignitatibus
1479 2678 1685 2731 extra
1715 2666 2144 2731 Societatem
2179 2666 2339 2747 (nisi
2371 2667 2522 2747 eius
2549 2660 2838 2747 urgeret
2867 2668 3194 2732 obedien-

728 2776 826 2838 tia
844 2826 858 2853 ,
894 2777 1015 2856 qui
1042 2776 1172 2839 sub
1202 2793 1432 2856 poena
1460 2775 1737 2856 peccati
1764 2774 2085 2855 obligare
2113 2777 2403 2855 potest),
2441 2772 2572 2855 [et]
2603 2774 2827 2839 voluit
2853 2784 2932 2839 ut
2959 2772 3191 2855 hujus·

729 2883 919 2945 modi
948 2893 1118 2946 vota
1149 2882 1224 2945 P.
1257 2882 1687 2945 Franciscus
1715 2881 2088 2959 emitteret;
2122 2882 2310 2961 quod
2339 2881 2506 2945 fecit
2538 2899 2700 2945 cum
2741 2881 2974 2945 adhuc
3005 2892 3192 2945 esset

726 2990 799 3051 in
831 2990 1066 3069 curia,
1099 2999 1169 3052 et
1196 2990 1335 3051 22.⁸
1362 2988 1668 3067 Augusti
1700 3004 1785 3051 ea
1816 2988 1910 3052 ad
1937 2986 2012 3051 P.
2047 2986 2400 3067 Ignatium
2430 2988 2853 3065 transmisit,
2885 2990 3194 3053 curavit-

728 3112 864 3175 que
892 3108 969 3159 ut
998 3096 1339 3176 Princeps
1366 3094 1648 3177 Joanna
1678 3094 1885 3159 fratri
1911 3112 2068 3174 su0,
2099 3093 2249 3174 jam
2271 3094 2580 3174 Angliae
2609 3092 2814 3175 Regi,
2849 3096 3194 3159 scriberet

728 3213 801 3266 ut
830 3204 1271 3283 permitteret
1302 3203 1534 3282 ipsum
1564 3202 1636 3265 in
1658 3211 1904 3265 nostro
1927 3201 2333 3265 eremitorio
2363 3198 2388 3230 ⁴
2410 3202 2615 3279 mori,
2649 3202 2837 3280 quod
2867 3202 3190 3282 promisit

722 3328 803 3373 se
830 3308 1216 3387 facturam,
1252 3320 1321 3372 et
1348 3308 1516 3372 fecit
1546 3306 1673 3373 D.⁸
1697 3308 2008 3391 Joanna,
2040 3307 2456 3388 significans
2493 3326 2651 3371 sese
2682 3307 2995 3389 ejusdem
3036 3326 3194 3372 esse

724 3418 1150 3496 sententiae,
1205 3435 1367 3481 cum
1407 3416 1851 3497 potissimum
1891 3434 1976 3479 ea
2012 3416 2289 3480 ratione
2328 3415 2642 3479 futurum
2686 3424 2871 3479 esset
2915 3428 2990 3479 ut
3031 3434 3194 3480 eum

724 3542 946 3605 prope
977 3542 1053 3587 se
1086 3524 1401 3587 haberet.

847 3630 1023 3693 1259.
1110 3630 1287 3695 Cum
1317 3631 1668 3711 coepisset
1692 3628 2052 3713 [joannes]
2087 3629 2472 3712 Mosquera
2498 3630 2584 3693 de
2610 3629 2965 3694 Societate
2989 3632 3188 3693 bene·

725 3739 1003 3813 mereri,
1035 3748 1413 3818 postquam
1444 3737 1735 3800 dederat
1764 3736 2052 3800 domum
2081 3744 2152 3799 et
2183 3737 2465 3801 hortum
2489 3735 2639 3816 jam
2661 3738 2949 3816 dictum,
2979 3738 3194 3819 aliam

716 3844 1008 3907 domum
1048 3846 1493 3926 praeclaram
1537 3853 1606 3907 et
1635 3844 1877 3923 magni
1922 3844 2166 3924 pretii,
2206 3862 2388 3924 quae
2434 3846 2602 3907 olim
2643 3843 3021 3907 Admiralli
3059 3844 3190 3909 Ca-

722 3952 971 4015 stellae
1002 3951 1037 4014 s
1034 3961 1235 4015 uerat
1253 3999 1268 4030 ,
1302 3951 1487 4015 intra
1518 3951 1853 4032 oppidum
1877 3949 2250 4014 Simancas
2287 3950 2554 4014 donare
2576 3951 2842 4015 nostris
2865 3952 3090 4016 voluit
3115 3960 3192 4015 ut

722 4058 1151 4123 venderetur
1181 4058 1377 4139 prior
1412 4058 1532 4120 illa
1570 4074 1735 4121 cum
1765 4058 1970 4120 horto
1993 4066 2062 4119 et
2091 4074 2183 4120 ex
2210 4059 2438 4137 pretio
2469 4057 2736 4121 reditus
2761 4068 3186 4136 emerentur;

808 4374 821 4405 ¹
880 4372 991 4423 sim
1012 4384 1195 4417 sensus
1216 4378 1389 4417 tamen
1410 4379 1461 4415 et
1482 4372 1722 4429 syntaxis
1739 4373 2052 4416 vocabulum
2071 4372 2280 4427 aliquod
2302 4374 2624 4421 desiderant.
2645 4381 2770 4429 puta
2793 4376 3065 4419 audiebat.

802 4444 825 4475 ἱ
880 4444 1045 4499 Huius
1072 4442 1305 4489 Praelati
1335 4442 1581 4487 eximiam
1606 4444 1789 4487 laudat
1816 4444 2070 4497 pietatem
2099 4450 2217 4499 post
2249 4442 2572 4499 Stephanum
2600 4446 2662 4488 de
2693 4444 2957 4504 Garibay,
3000 4447 3086 4501 qui
3126 4458 3192 4490 eo

722 4514 1053 4559 familiariter
1077 4520 1159 4558 est
1190 4526 1338 4568 unus,
1369 4512 1465 4559 Fa.
1504 4514 1797 4557 Ennomon„
1836 4514 2018 4565 Rtsco,
2054 4513 2095 4558 O
2137 4513 2186 4557 S.
2209 4515 2286 4561 A..
2321 4514 2544 4570 Espaaa
2591 4516 2865 4569 Sagrada,
2911 4528 2945 4561 t.
2995 4528 3176 4573 xxxtx,

721 4593 877 4631 tract.
908 4586 977 4641 75,
1010 4597 1125 4641 cap.
1155 4586 1200 4631 6.

800 4658 823 4688 ³
878 4658 1063 4713 Supra.
1082 4668 1204 4713 pag.
1221 4658 1319 4711 ⁴92,
1338 4669 1389 4701 n.
1412 4656 1531 4703 1045.

810 4731 823 4760 ⁸
880 4729 979 4779 δίας
1002 4728 1093 4773 sed
1114 4730 1349 4773 mendum
1372 4729 1579 4773 videtur
1600 4742 1709 4773 esse
1733 4741 1824 4784 pro
1846 4730 2126 4779 consortio,
2149 4734 2422 4781 societate,
2443 4738 2532 4773 aut
2556 4732 2657 4775 alio
2681 4733 2854 4776 simili.
