3742 5392
1662 533 1790 593 AN.
1835 531 1977 590 1554
2958 529 3069 588 677

600 680 732 744 bus
780 681 1120 745 laborans
1169 679 1558 746 remedium
1601 697 1645 742 a
1687 679 1765 743 P.
1805 677 2225 743 Balthasare
2260 679 2715 759 postulasset,
2762 677 2941 741 dixit
2987 687 3062 740 ut

593 805 670 851 se
699 788 1020 868 signaret
1047 805 1258 852 cruce
1289 787 1664 870 aliquoties
1692 786 1766 851 in
1795 787 2079 850 nomine
2108 784 2342 849 Patris
2369 795 2438 848 et
2466 783 2628 848 Filii
2659 795 2729 848 et
2756 783 3063 865 Spiritus

593 894 864 976 Sancti,
897 896 1085 975 quod
1115 913 1280 960 cum
1307 897 1423 960 ille
1461 895 1768 974 fecisset,
1811 894 2056 958 statim
2096 911 2139 956 a
2178 892 2356 956 febri
2393 893 2737 956 liberatus
2765 901 2906 971 est;
2940 893 3065 955 sed

593 1021 755 1067 curn
787 1019 1118 1083 egressus
1148 1003 1359 1067 domo
1401 1012 1650 1067 nostra
1689 1002 1975 1066 cuidam
2014 1018 2091 1064 se
2120 1000 2307 1063 idolo
2350 1000 2949 1070 commendasset,
2986 1009 3063 1062 ut

592 1111 862 1175 scilicet
886 1111 1186 1192 amplius
1208 1110 1425 1174 febris
1446 1128 1591 1174 non
1621 1109 1909 1187 rediret,
1945 1109 2367 1188 simulatque
2398 1107 2684 1171 domum
2708 1124 2911 1169 suam
2942 1124 3061 1168 ve-

593 1219 716 1297 nit,
745 1217 964 1282 febris
985 1217 1416 1298 gravissima
1441 1233 1600 1280 eum
1627 1217 1915 1294 invasit3
1944 1216 2056 1279 die
2083 1225 2321 1278 autem
2343 1214 2661 1294 sequenti
2687 1213 2778 1276 ad
2801 1213 2875 1277 P.
2904 1213 3060 1276 Bal-

594 1324 956 1388 thasarem
979 1325 1206 1404 rediit,
1235 1325 1521 1388 veniam
1537 1325 1886 1406 petiturus
1908 1323 2018 1388 sui
2035 1324 2333 1403 peccati,
2360 1332 2429 1385 et
2447 1322 2511 1384 ei
2526 1338 2742 1384 narra
2752 1321 2851 1383 vit
2868 1321 3057 1400 quod

592 1431 729 1513 ipsi
759 1431 1142 1509 acciderat,
1175 1441 1247 1494 et
1269 1430 1513 1511 jussus
1542 1441 1618 1495 ut
1647 1431 1880 1495 denuo
1912 1449 1990 1494 se
2020 1447 2233 1494 cruce
2261 1431 2602 1509 signaret,
2637 1429 3060 1509 simulatque

598 1538 669 1602 id
697 1538 889 1618 fecit,
923 1539 1211 1602 omnino
1242 1539 1581 1603 liberatus
1604 1549 1733 1602 est.

721 1645 897 1709 1473.
984 1645 1149 1709 Alia
1177 1648 1398 1710 multa
1429 1647 1636 1726 signa
1665 1647 1738 1708 in
1767 1663 1852 1709 ea
1892 1645 2233 1723 ecclesia,
2266 1655 2631 1725 tamquam
2668 1643 3055 1724 primitiva,

593 1752 940 1819 Dominus
999 1753 1338 1833 faciebat,
1391 1763 1460 1817 et
1504 1754 1680 1818 satis
1725 1755 2148 1816 cernebatur
2187 1751 2376 1833 quod
2420 1748 2571 1830 ejus
2618 1767 2873 1814 manus
2912 1767 3057 1814 non

593 1869 756 1924 erat
795 1859 1208 1924 abbreviata
1244 1861 1285 1920 ¹.

713 1966 853 2032 Sed
879 1968 1059 2031 haec
1090 1967 1176 2030 de
1207 1969 1417 2030 rebus
1435 1966 1948 2048 Japonensibus
1972 1977 2183 2047 atque
2206 1965 2447 2031 Indiae
2470 1967 2659 2030 dicta
2682 1964 3054 2029 sufficiant.

1441 2501 1677 2568 FINIS
1719 2501 1952 2568 ANNI
2000 2502 2152 2566 1554
2182 2508 2206 2541 ¹

714 2929 1024 3009 Explicit
1051 2930 1166 2993 hic
1197 2931 1498 2993 alterum
1527 2948 1566 2994 e
1595 2929 1820 2992 tribus
1849 2929 2349 3008 voluminibuS,
2383 2927 2637 3009 quibus
2667 2929 2801 2992 hoc
2839 2927 3054 2990 Chro-

593 3035 803 3098 nicon
832 3053 960 3100 ms,
999 3045 1280 3100 constat
1310 3036 1520 3115 (Vide
1543 3053 1782 3116 supra,
1807 3045 1855 3099 t.
1884 3054 1931 3114 1,
1964 3052 2130 3116 pag.
2154 3035 2195 3098 6
2218 3045 2286 3100 et
2306 3035 2349 3098 8
2371 3034 2461 3099 ad
2486 3037 2778 3114 calcem,
2806 3045 2874 3098 et
2904 3045 2953 3098 t.
2978 3055 3049 3114 11,

595 3159 761 3223 pag.
788 3142 955 3220 419).

714 3249 1032 3313 Tertium
1063 3249 1385 3314 dabimus
1413 3251 1481 3312 in
1516 3248 1780 3313 nostris
1811 3249 2056 3329 quinto
2079 3259 2148 3312 et
2174 3259 2423 3314 sexto„

675 3490 692 3522 ί
750 3491 892 3542 Quae
915 3491 977 3534 de
998 3491 1260 3546 Japoniels
1281 3493 1452 3546 rebus,
1473 3503 1506 3535 a
1527 3504 1576 3535 n.
1599 3491 1705 3534 1529
1725 3491 2006 3545 hucusque,
2028 3491 2286 3545 leguntur,
2310 3491 2590 3546 desumpsit
2609 3491 2863 3536 Polaticus
2883 3504 2947 3535 ex
2968 3491 3052 3536 lit-

590 3562 722 3606 teris
743 3561 972 3607 Eduardi
993 3563 1057 3606 de
1087 3562 1251 3618 Sylva
1273 3569 1322 3606 et
1346 3563 1564 3607 Cosmae
1599 3564 1662 3606 de
1683 3563 1877 3606 Tor-res
1894 3593 1905 3614 ‚
1925 3573 2055 3616 quas
2076 3562 2239 3606 habes
2269 3563 2319 3606 in
2342 3562 2499 3606 Avisi
2517 3595 2529 3610 .
2549 3571 2645 3608 etc.
2663 3596 2672 3617 ,
2692 3575 2725 3608 a
2754 3565 2845 3608 fol.
2871 3564 2953 3608 250
2982 3567 3055 3618 aa

593 3633 680 3676 fol.
703 3633 798 3677 260.

670 3702 693 3733 ¹
749 3703 859 3748 Hoc
881 3703 1090 3759 scripsit
1113 3716 1268 3750 manu
1287 3706 1513 3761 propria,
1533 3707 1584 3750 in
1607 3705 1717 3760 Ma..
1740 3706 2046 3752 Saechlnus.
