3742 5392
773 518 884 577 354
1699 516 1954 578 Cuaoa.
1996 516 2149 578 Soc.
2192 518 2331 592 Jss.

896 664 1039 727 756.
1125 663 1471 741 Ecclesia,
1524 680 1737 743 quam
1787 662 2169 727 aedificare
2213 673 2623 744 coeperant,
2668 664 2786 727 diu
2836 662 3243 728 intermissa

777 772 1034 849 suerat;
1067 770 1394 851 quamvis
1423 770 1609 833 enim
1637 771 1939 834 aliorum
1968 772 2553 836 adversariorum
2592 771 3065 835 contradictio
3096 788 3242 835 ces·

778 888 1039 956 sasset,
1081 886 1463 958 paupertas
1501 888 1739 941 tamen
1780 896 1924 941 non
1966 878 2316 957 cessabat,
2365 895 2549 959 quae
2592 878 2751 941 ilios
2794 879 2885 942 ab
2924 877 3246 943 aedificio

781 984 1172 1065 impedivit;
1205 984 1331 1047 sed
1360 984 1708 1064 vigesima
1746 1001 1939 1047 nona
1982 982 2151 1063 Maji
2194 984 2287 1047 ad
2332 1002 2511 1066 opus
2540 985 3113 1066 prosequendum
3142 1002 3245 1049 re·

777 1093 1084 1170 dierunt,
1117 1101 1188 1154 et
1215 1109 1299 1155 eo
1331 1092 1585 1155 saltem
1612 1091 1987 1171 pervenire
2016 1092 2397 1173 cupiebant
2439 1101 2514 1154 ut
2544 1100 2807 1155 tectum
2838 1107 3247 1172 supremum

783 1200 1004 1263 muris
1035 1200 1502 1279 imponerent,
1537 1198 1864 1279 quamvis
1907 1197 2144 1261 fornix
2172 1199 2245 1261 in
2276 1199 2471 1261 aliud
2515 1208 2793 1279 tempus
2820 1197 3243 1277 differretur,

783 1315 858 1369 ut
889 1306 991 1369 sic
1022 1304 1304 1369 demum
1335 1305 1423 1367 ad
1457 1304 1846 1368 ministeria
1875 1304 2256 1369 Missarum
2286 1314 2355 1368 et
2384 1314 2997 1369 sacramentorum
3026 1324 3111 1369 ea
3148 1306 3247 1368 uti

776 1421 1093 1505 possent.
1126 1412 1263 1477 Sed
1303 1412 1700 1491 Episcopus
1739 1409 2259 1490 SegurbiensiS,
2301 1422 2380 1476 ut
2424 1411 2754 1492 superius
2785 1399 3152 1491 attigimus
3200 1411 3245 1491 ¹,

777 1494 1136 1599 expensas
1164 1520 1380 1583 etiam
1403 1518 1493 1581 ad
1516 1518 1860 1582 fornicem
1888 1518 2161 1593 obtulit,
2180 1518 2298 1599 qui
2324 1535 2566 1582 mense
2589 1517 2975 1582 Novembri
3002 1529 3245 1583 ventu-

777 1643 902 1689 rus
929 1626 1459 1690 Barchinonam
1482 1625 1870 1703 dicebatur;
1900 1635 1969 1687 et
1992 1625 2092 1689 ita
2116 1625 2444 1705 quamvis
2469 1634 2732 1689 tectum
2757 1626 3248 1706 imposuerant

781 1733 980 1796 initio
1009 1732 1216 1812 hujus
1241 1732 1579 1809 autumni,
1608 1731 1903 1795 Missam
1934 1732 2006 1794 in
2036 1750 2121 1795 ea
2145 1733 2505 1795 celebrare
2529 1732 2951 1796 distulerunt
2974 1751 3067 1796 ex
3097 1750 3245 1797 sen-

783 1840 1005 1903 tentia
1034 1838 1112 1903 P.
1144 1837 1439 1918 NataliS,
1466 1849 1542 1902 ut
1571 1838 1672 1902 sic
1705 1838 1939 1917 magis
1968 1838 2363 1919 Episcopus
2388 1839 2829 1903 animaretur
2852 1839 2939 1903 ad
2965 1840 3037 1903 id
3060 1840 3247 1921 quod

785 1947 1210 2027 promiserat
1240 1946 1686 2026 explendum.

901 2054 1043 2118 757.
1133 2052 1322 2116 Satis
1352 2054 1528 2115 dura
1561 2054 1808 2116 cervix
1838 2052 1989 2132 ejus
2015 2053 2327 2115 civitatis
2351 2062 2529 2132 erat,
2556 2062 2625 2116 et
2654 2053 3065 2135 perdifficile
3088 2072 3247 2117 esse

779 2159 1084 2223 docebat
1114 2160 1550 2241 experientia
1597 2158 1857 2222 mundo
1898 2160 2283 2239 quidquam
2329 2158 2663 2239 adimere,
2700 2172 2767 2223 et
2798 2160 2985 2239 quod
3032 2160 3097 2223 ei
3135 2160 3246 2223 de-

781 2267 1201 2331 trahebatur
1229 2277 1296 2329 et
1327 2267 1604 2347 spiritui
1643 2267 2027 2329 accedebat
2060 2266 2337 2328 difficile
2370 2277 2438 2329 et
2481 2284 2623 2329 non
2666 2268 2818 2330 sine
2859 2283 3122 2345 magno
3153 2268 3247 2330 la-

791 2374 961 2437 bore
987 2375 1320 2455 consequi
1355 2383 1658 2455 poterat.
1691 2372 1988 2436 Nostros
2020 2384 2254 2435 autern
2286 2373 2595 2453 experiri
2624 2374 3063 2453 paupertatis
3092 2372 3245 2436 effe·

787 2492 947 2547 ctus
977 2482 1186 2546 facile
1213 2482 1736 2562 permittebant;
1783 2490 1853 2543 et
1892 2498 1976 2544 eo
2005 2498 2121 2543 res
2153 2480 2481 2559 redierat,
2518 2490 2593 2543 ut
2635 2480 3023 2545 scriberent
3060 2498 3248 2544 novo

781 2607 913 2653 suo
963 2590 1392 2653 Provinciali
1429 2588 1452 2619 ‘
1492 2606 1744 2669 parum
1783 2589 2033 2651 abesse
2073 2588 2242 2667 quin
2284 2588 2461 2650 situs
2490 2586 2786 2667 Collegii
2824 2588 3251 2651 venderetur

775 2708 847 2760 et
871 2696 1092 2760 nostri
1123 2697 1284 2759 inde
1309 2696 1553 2776 egredi
1583 2704 2034 2774 cogerentur.
2063 2692 2331 2757 Deerat
2360 2694 2575 2757 etiam
2598 2694 2737 2757 illis
2762 2695 3244 2772 concionator,

772 2803 898 2884 qui
937 2804 1214 2865 animos
1259 2802 1622 2865 hominum
1668 2801 2015 2864 excitaret
2062 2808 2131 2863 et
2171 2799 2262 2862 ad
2302 2798 2642 2880 majorem
2684 2801 3249 2865 benevolentiam

774 2909 1223 2973 accenderet.

893 3016 1031 3079 758.
1121 3015 1196 3080 P.
1234 3016 1514 3096 quidem
1546 3016 1804 3078 Loarte
1833 3012 1880 3092 ³,
1912 3011 2079 3095 [qui]
2118 3014 2618 3079 Barchinonae
2650 3031 2813 3078 cum
2849 3015 2925 3077 P.
2974 3014 3249 3077 Didaco

769 3124 860 3187 de
890 3124 1214 3189 Guzman
1245 3122 1697 3187 commodam
1726 3122 2240 3201 navigationen
2274 3122 2345 3185 in
2388 3121 2665 3185 Italiam
2694 3120 3139 3202 expectabat,
3176 3122 3248 3183 in

770 3232 1078 3295 diversis
1121 3232 1436 3293 ecclesiis·
1483 3247 1647 3292 cum
1691 3246 1832 3291 non
1878 3227 2220 3291 mediocri
2268 3226 2755 3291 satisfactione
2805 3229 3241 3292 audientium

769 3339 1237 3402 concionatus
1266 3349 1372 3400 est
1405 3352 1644 3400 mense
1672 3335 1860 3416 Julio
1892 3345 1961 3398 et
2007 3334 2361 3413 Augusto;
2408 3335 2534 3397 sed
2575 3352 2738 3397 cum
2778 3344 3056 3416 tempus
3100 3352 3243 3398 ma·
3336 3398 3351 3418 ,

769 3447 933 3526 gnis
965 3446 1278 3509 aestibus
1303 3453 1488 3507 esset
1520 3443 1931 3520 obnoxium,
1968 3459 2111 3505 non
2142 3441 2481 3522 frequens
2509 3442 2755 3504 habuit
2782 3442 3233 3521 auditorium,

773 3563 840 3617 et
879 3553 1131 3616 deinde
1176 3549 1572 3631 Septembri
1611 3567 1851 3613 mense
1900 3550 2279 3629 navigavit
2320 3566 2483 3612 cum
2521 3548 2597 3613 P.
2642 3548 2879 3613 Natali
2922 3548 3245 3613 Genuam

769 3677 1043 3723 versus.
1078 3659 1156 3721 P.
1191 3656 1471 3736 Strada,
1508 3675 1716 3738 quem
1761 3656 2177 3735 Aragoniae
2211 3655 2740 3720 Provincialem
2784 3658 2920 3720 hoc
2952 3673 3137 3720 anno
3164 3657 3241 3720 P.

767 3766 1084 3846 ignatius
1103 3774 1500 3843 creaverat,
1523 3765 2051 3827 Barchinonam
2076 3776 2231 3827 erat
2252 3762 2697 3841 profecturus
2722 3764 2887 3827 utin
2913 3763 3246 3827 Adventu

766 3874 1340 3951 concionaretur3
1374 3872 1520 3950 sed,
1548 3871 2170 3949 Caesaraugustae
2197 3880 2544 3947 retentuS,
2572 3888 2795 3951 usque
2820 3870 2911 3933 ad
2936 3870 3103 3933 anni
3126 3888 3244 3933 no-

769 3982 844 4045 vi
875 3981 1146 4044 initium
1169 3980 1414 4044 venire
1442 3979 1970 4042 Barchinonam
2002 3995 2142 4040 non
2178 3978 2428 4057 potuit.

886 4089 1025 4151 759.
1114 4088 1626 4151 Excitaverant
1659 4084 1942 4167 quidem
1977 4085 2255 4147 animos
2288 4086 2665 4149 multorum
2698 4086 2833 4149 hoc
2864 4102 3032 4149 vere
3065 4086 3243 4149 litte·

766 4214 888 4259 rae
933 4194 1158 4259 Roma
1209 4195 1492 4269 missae,
1547 4194 1798 4274 quibus
1854 4192 2098 4255 missio
2154 4190 2581 4272 Aethiopiae
2632 4192 3126 4256 continebatur
3174 4202 3243 4255 et

763 4305 927 4382 alia,
970 4320 1150 4384 quae
1179 4302 1272 4364 ad
1301 4300 1862 4364 aedificationem
1903 4298 2385 4378 pertinebant,
2421 4316 2626 4379 quae,
2656 4300 2892 4362 multis
2930 4316 3239 4363 commu·

769 4412 1071 4489 nicatae,
1102 4410 1398 4473 multum
1427 4408 1528 4470 eis
1560 4406 2071 4470 consolationis
2103 4406 2511 4483 attulerunt3
2546 4413 2613 4469 et
2644 4423 2827 4469 unus
2868 4423 2958 4469 ex
2998 4406 3241 4470 Consi-

847 4617 862 4649 ¹
919 4618 1052 4661 Vide
1075 4627 1250 4669 supra.
1275 4625 1396 4667 pag.
1415 4614 1512 4661 31¹2.
1537 4625 1584 4656 n.
1602 4612 1705 4655 730.

843 4690 866 4720 ²
923 4688 1070 4732 Patri
1093 4687 1370 4731 Francisco
1394 4685 1454 4729 de
1480 4684 1687 4728 Strada.
1711 4682 1846 4727 Vide
1871 4682 2023 4735 infra,
2052 4695 2099 4727 n.
2118 4684 2213 4734 758,
2236 4692 2281 4725 ct
2308 4694 2335 4725 n
2378 4684 2475 4726 829.

847 4762 868 4791 ³
926 4760 979 4805 Ρ.
1000 4760 1207 4813 Gaspar
1230 4756 1448 4801 Loartc.
