3742 5392
705 508 814 565 506
1623 506 1879 567 Canos.
1922 507 2075 567 Soc.
2116 509 2256 582 Jss.

835 653 1010 717 1073.
1096 653 1414 718 Nuncius
1463 653 1961 735 ApostolicuS,
2015 655 2134 735 qui
2185 665 2355 718 tunc
2396 665 2553 720 erat
2595 659 2668 721 in
2712 657 3175 736 Portugallia‚

709 761 889 825 dixit
916 762 1268 841 simplicia
1296 770 1464 825 vota
1494 760 1873 826 Societatis
1906 760 1923 792 ¹
1954 779 2099 825 non
2145 781 2189 824 a
2232 780 2309 826 se
2352 765 2614 842 solum,
2662 764 2789 827 sed
2832 783 2877 826 a
2920 765 3180 844 quovis

707 869 1064 949 Episcopo
1096 886 1303 949 posse
1332 869 1766 949 dispensari;
1798 878 1868 931 et
1897 868 2059 932 ideo
2088 886 2132 932 a
2154 869 2230 933 P.
2260 868 2538 949 Ignatio
2562 871 2948 934 remedium
2981 872 3175 934 adhi-

711 975 860 1039 beri
890 976 1378 1056 postulabant;
1411 986 1511 1052 et,
1560 975 1890 1055 quamvis
1932 993 2048 1039 res
2085 993 2227 1040 non
2272 978 2372 1040 ita
2412 995 2489 1040 se
2527 977 2823 1041 haberet
2872 986 2950 1042 ut
2986 977 3177 1043 Nun-

710 1083 863 1146 cius
891 1082 1172 1146 dicebat
1200 1087 1226 1119 ¹
1245 1131 1260 1161 ,
1295 1091 1371 1146 ut
1399 1083 1686 1146 occasio
1710 1081 2142 1147 adimeretur
2166 1083 2657 1163 debilioribuS,
2680 1103 2843 1149 cum
2867 1087 3172 1166 primum

709 1189 859 1252 fieri
911 1191 1138 1270 potuit
1187 1187 1594 1268 commode,
1636 1205 1768 1270 per
1816 1189 2096 1252 litteras
2144 1189 2603 1270 Apostolicas
2640 1177 3029 1256 remedium
3070 1207 3179 1256 est

711 1296 1104 1361 adhibitum
1134 1295 1180 1359 ⁸.

792 1657 810 1691 Ι
868 1655 1047 1701 Sermo
1081 1665 1161 1702 est
1196 1670 1294 1702 non
1329 1661 1392 1702 de
1428 1661 1565 1704 votis
1597 1660 1943 1714 simplicibus,
1964 1671 2097 1713 quae
2128 1664 2248 1713 post
2280 1660 2651 1713 professionem
2682 1665 2909 1714 quatuor
2936 1667 3177 1706 votorum

709 1729 951 1774 emittunt
971 1731 1190 1786 professi
1204 1763 1215 1784 ,
1238 1733 1380 1776 nulla
1401 1732 1538 1776 enim
1557 1731 1621 1775 de
1643 1730 1706 1775 iis
1725 1737 1844 1775 erat
1863 1737 1975 1775 tum
1994 1731 2323 1784 disceptatio.
2342 1731 2434 1775 sed
2455 1733 2519 1774 de
2552 1733 2720 1777 tribus
2742 1733 2879 1776 votis
2897 1738 3176 1788 pauperta-

709 1801 804 1854 tis,
824 1803 1090 1847 castitatis
1123 1811 1178 1847 et
1211 1804 1565 1858 obedientiae,
1586 1815 1720 1858 quae
1751 1809 1873 1857 post
1905 1810 2151 1848 exactum
2178 1804 2467 1848 novitiatus
2500 1803 2762 1848 biennium
2788 1805 3037 1848 emittunt
3066 1811 3177 1850 tum

711 1873 1013 1918 scholastici
1035 1880 1144 1918 tum
1165 1875 1512 1929 coadjutores.

791 1945 814 1977 ²
867 1945 1001 1989 Vide
1036 1947 1218 1991 Parius
1246 1945 1528 1990 Faasctsct
1555 1946 1786 2002 Suaaaz,
1817 1945 2106 1991 Tractatus
2125 1945 2191 1990 de
2213 1945 2495 2000 Religione
2516 1947 2801 1992 societatis
2819 1947 2973 2002 Jesu,
2992 1948 3081 1994 lib.
3102 1959 3181 2003 m,

713 2027 825 2070 cap.
849 2027 920 2070 tx,
943 2029 1028 2060 nn.
1047 2017 1130 2060 ‘293
1149 2025 1202 2061 et
1221 2030 1329 2072 seq.

790 2089 814 2121 ⁸
867 2089 924 2132 ln
945 2089 1363 2143 congregatione
1385 2089 1665 2134 societatis
1686 2089 1933 2134 Generali
1965 2091 2135 2144 prima
2155 2091 2447 2144 quaesitum
2467 2095 2571 2135 est:
2602 2091 2713 2134 “An
2736 2091 3009 2144 expediret
3038 2101 3181 2146 pete·

711 2173 766 2204 re
788 2171 822 2205 a
843 2159 1050 2204 Summo
1073 2161 1316 2205 Pontifice
1336 2169 1395 2206 ut
1417 2161 1594 2206 Nuntii
1619 2162 1905 2216 Apostolici
1938 2173 2037 2205 non
2058 2162 2255 2216 possint
2276 2162 2579 2214 dispensare
2615 2164 2666 2206 in
2686 2163 2826 2206 votis
2860 2163 3187 2213 simplicibus

711 2231 846 2276 soei«
863 2233 1016 2286 tatis,
1037 2235 1224 2278 saltem
1244 2245 1377 2288 quae
1399 2243 1512 2288 post
1533 2235 1794 2278 biennium
1813 2234 2139 2278 emittuntur.
2163 2233 2483 2288 Responsum
2512 2243 2618 2279 est:
2652 2237 2928 2291 petendum
2960 2236 3175 2288 videri„

711 2303 967 2358 congreg.
1001 2306 1227 2360 primae,
1259 2307 1469 2350 decreto
1503 2307 1594 2350 142.
1620 2306 1942 2350 Institutum
1967 2307 2251 2350 societatis
2284 2305 2437 2361 Iesu,
2458 2309 2560 2350 vol.
2600 2318 2651 2351 11.
2685 2307 3012 2362 (Florentiae
3036 2307 3189 2360 18933,

709 2387 832 2430 pag.
868 2377 958 2420 187.

792 2449 926 2493 Dein
955 2451 1252 2504 “praefatus
1272 2451 1398 2495 Pius
1427 2452 1816 2505 praedecessor,
1837 2453 1923 2505 qui
1949 2452 2084 2496 votis
2106 2452 2209 2496 illis
2229 2463 2361 2506 quae
2380 2452 2554 2496 dictae
2578 2451 2861 2508 Religionis
2891 2455 3179 2509 profectum

713 2524 1092 2567 conce-ruebant
1109 2556 1120 2574 ,
1155 2523 1432 2567 catholicis
1469 2523 1694 2577 Regibus
1727 2525 2040 2578 pracsertim
2074 2525 2409 2574 instantibus.
2444 2533 2651 2578 gratum
2686 2527 2940 2579 praebere
2974 2527 3177 2570 solebat

713 2603 1006 2638 assensum:
1036 2595 1244 2640 eosdem
1273 2593 1638 2641 Sebastianum
1660 2595 1854 2650 Regem
1894 2608 1955 2640 ac
1986 2596 2374 2650 Praepositum,
2396 2603 2449 2640 et
2478 2603 2752 2651 utrumque
2786 2609 3040 2648 eorum.a
3070 2599 3180 2652 qui·

709 2665 891 2708 busvis
920 2667 1490 2720 excommunicationis,
1519 2667 1870 2722 suspensionis
1900 2675 1953 2712 et
1986 2659 2278 2722 interdicti,
2324 2669 2543 2724 aliisque
2572 2670 2946 2714 ecclesiasticis
2974 2677 3178 2714 senten-

711 2736 822 2786 tiis.
844 2739 1077 2782 censuris
1098 2745 1150 2783 et
1171 2740 1350 2793 poenis
1365 2772 1375 2790 .
1392 2752 1421 2782 a
1440 2740 1557 2794 iure
1580 2741 1666 2782 vel
1688 2741 1754 2782 ab
1775 2740 1980 2784 homine
2002 2742 2189 2794 quavis
2208 2741 2478 2784 occasione
2496 2743 2582 2785 vel
2598 2751 2755 2785 causa
2775 2742 2915 2792 latis,
2931 2742 2974 2785 si
2996 2743 3177 2795 quibus

708 2809 1090 2862 quomodolibet
1113 2811 1344 2855 innodati
1364 2811 1712 2866 exsistebant,
1731 2812 1796 2854 ad
1818 2812 2058 2856 effectum
2079 2810 2215 2856 inira
2234 2813 2549 2867 scriptorum
2568 2813 2841 2856 dumtaxat
2862 2824 3175 2868 consequen·

708 2880 857 2934 dum,
879 2883 1158 2926 absolvens
1177 2891 1230 2926 et
1261 2884 1528 2927 absolutos
1549 2883 1659 2926 fore
1691 2894 1934 2935 censens;
1956 2894 2050 2927 nec
2081 2895 2180 2927 non
2200 2885 2436 2928 veriores
2468 2885 2763 2928 litterarum
2786 2885 2933 2930 Pauli
2961 2886 3179 2940 praede·

709 2954 956 3004 cessoris.
977 2965 1039 2997 ac
1062 2953 1498 2999 Constitutionum
1521 2953 1801 2999 Societatis
1820 2956 2211 3010 praedictarum
2233 2964 2439 3000 tenores
2458 2988 2469 3009 ,
2484 2968 2578 2999 nec
2597 2967 2696 3000 non
2718 2958 2935 3001 modum.
2955 2957 3175 3000 formam

707 3033 760 3068 et
782 3027 1065 3078 qualitates
1087 3035 1326 3072 votorum
1347 3027 1398 3070 in
1419 3027 1530 3081 ipsa
1551 3026 1815 3072 Societate
1833 3035 1943 3072 tam
1958 3039 2051 3082 per
2068 3027 2337 3072 Professos
2356 3039 2512 3082 quam
2528 3027 2873 3072 Condiutores
2892 3039 2941 3072 et
2966 3027 3180 3074 Schola·

707 3107 794 3139 res
815 3107 938 3140 suos
959 3097 1248 3142 huiusmodi
1268 3099 1438 3142 emitti
1459 3099 1730 3142 solitorum
1759 3110 1852 3153 pro
1874 3099 2138 3154 expressis
2157 3099 2355 3144 habens
2369 3132 2381 3152 ,
2401 3099 2693 3144 huiusmodi
2714 3099 3183 3154 supplicationibus

711 3168 987 3213 inclinatus
1003 3202 1013 3220 .
1033 3171 1129 3213 sub
1158 3170 1338 3215 datum
1355 3171 1602 3214 videlicet
1625 3178 1773 3215 sexto
1793 3173 1900 3216 kal.
1925 3172 2225 3216 Decembris
2247 3171 2583 3216 pontificatus
2602 3171 2680 3215 sui
2702 3183 2836 3215 anno
2857 3181 3023 3225 sexto;
3043 3173 3181 3226 quod

709 3242 879 3285 nullus
900 3241 1071 3285 dictae
1101 3240 1383 3287 Societatis
1403 3242 1697 3298 Religiosus
1725 3243 1775 3286 in
1797 3243 1995 3288 litteris
2015 3243 2165 3287 Pauli
2194 3244 2614 3297 praedecessoris
2647 3243 2935 3286 huiusmodi
2968 3254 3175 3296 expres·

707 3324 812 3362 sus.
829 3322 945 3368 post
967 3313 1156 3358 emissa
1172 3323 1296 3358 vota
1315 3315 1596 3358 secundum
1617 3316 1754 3359 illius
1771 3314 2195 3368 constitutiones,
2216 3316 2329 3359 sive
2344 3315 2628 3366 Professus.
2641 3315 2753 3359 sive
2772 3314 3177 3368 Scholaris,sive

709 3384 1008 3438 Coadiutor,
1030 3387 1393 3442 cuiuscumque
1414 3393 1602 3440 status,
1623 3387 1836 3448 gradus,
1857 3387 2053 3431 ordinis
2073 3390 2157 3430 vel
2183 3388 2490 3433 conditionis
2512 3388 2597 3430 ille
2619 3389 2777 3440 ioret,
2797 3399 2829 3430 a
2849 3387 2989 3430 dicta
3012 3385 3180 3430 Socie-

709 3463 820 3500 tate
842 3458 983 3502 exire
1018 3465 1110 3502 aut
1131 3459 1390 3511 reci-dere,
1412 3459 1572 3503 etiam
1599 3465 1881 3514 praetextu
1902 3459 2131 3503 cuiusvis
2151 3459 2334 3503 indulti
2356 3461 2423 3502 ab
2444 3460 2621 3503 eodem
2645 3459 2735 3502 Pio
2754 3459 3174 3513 praedecessore,

713 3529 796 3572 vel
815 3529 920 3572 alio
943 3528 1175 3573 Romano
1197 3529 1442 3574 Pontifice
1463 3542 1560 3585 pro
1583 3539 1818 3584 tempore
1837 3531 2095 3574 existente
2112 3563 2123 3584 ,
2145 3543 2237 3574 seu
2270 3531 2409 3574 illius
2437 3531 2634 3576 maiore
2654 3531 3064 3579 Poenitentario.
3085 3537 3177 3575 aut

709 3600 884 3653 aliquo
913 3600 1104 3644 Nuntio
1134 3602 1220 3644 vel
1251 3601 1450 3655 Legato
1484 3602 1646 3645 etiam
1675 3602 1737 3644 de
1771 3603 1957 3655 latere,
1989 3602 2257 3655 impetrati
2292 3605 2377 3645 vel
2413 3602 2750 3656 impetrandi.
2773 3601 2905 3655 quod
2935 3602 3095 3645 etiam
3114 3612 3179 3644 ex

713 3682 833 3716 tunc
867 3672 1231 3726 subreptitium
1261 3673 1398 3718 idem
1419 3673 1540 3717 Pius
1569 3675 1942 3728 praedecessor
1963 3674 2257 3717 declaravit
2278 3676 2471 3728 absque
2505 3684 2753 3728 expres-a
2775 3667 3067 3728 Superioris
3099 3675 3183 3716 sui

711 3743 924 3787 licentia
945 3744 1012 3786 ad
1035 3745 1084 3788 id
1103 3746 1170 3788 ab
1191 3756 1252 3790 eo
1271 3745 1576 3800 specialiter
1594 3747 1826 3796 obtenta,
1847 3745 2009 3789 etiam
2030 3745 2264 3799 quaesito
2281 3746 2454 3788 colore
2476 3747 2539 3788 ob
2560 3745 2761 3798 frugem
2782 3745 3016 3788 melioris
3036 3745 3180 3788 vitae

710 3821 802 3858 aut
831 3816 1114 3860 strictioris
1147 3818 1515 3861 observantiae
1537 3818 1602 3862 ad
1635 3818 1870 3872 quemvis
1905 3818 2091 3870 alium,
2112 3821 2271 3861 etiam
2301 3816 2551 3861 Minorum
2571 3818 2656 3859 vel
2690 3816 2912 3860 aliorum
2934 3815 3181 3860 Fratrum

711 3885 1112 3932 Mendicantium
1127 3921 1138 3943 ,
1161 3895 1252 3932 aut
1283 3888 1708 3934 cisterciensium
1729 3891 1815 3933 vel
1837 3887 1887 3932 S.
1911 3889 2147 3932 Bendicti
2168 3898 2259 3933 aut
2292 3890 2512 3932 aliorum
2533 3889 2905 3932 Monachorum
2934 3888 3179 3931 Ordinem

711 3959 954 4011 transire,
975 3961 1058 4004 vel
1080 3961 1240 4006 etiam
1261 3972 1352 4014 per
1374 3960 1678 4016 Superiores
1698 3960 1948 4005 Ordinum
1969 3961 2257 4005 huiusmodi
2280 3971 2557 4004 suorumve
2578 3959 3009 4004 Monasteriorum
3031 3971 3179 4014 prae-

711 4029 820 4072 l'ato
841 4028 1032 4074 Ordine
1063 4031 1509 4076 carthusiensium
1543 4033 1818 4077 dumtaxat
1849 4039 2069 4087 excepto
2098 4032 2259 4086 recipi
2291 4044 2383 4076 scu
2413 4032 2621 4076 admitti
2653 4039 2829 4086 posset
2848 4043 2941 4075 seu
2968 4042 3181 4087 praesu·

709 4107 874 4146 meret
889 4134 902 4151 .
922 4105 1016 4146 sub
1037 4115 1204 4158 poena
1225 4105 1800 4159 excommunicationis,
1822 4112 1933 4148 tam
1953 4115 2046 4157 per
2068 4105 2382 4159 recipientes
2402 4116 2555 4158 quam
2586 4113 2825 4158 receptos
2847 4114 2909 4147 ac
2942 4103 3185 4146 receden-

711 4177 792 4216 tes
818 4174 1087 4227 praei'atos
1116 4176 1226 4230 ipso
1247 4176 1388 4221 sacto
1418 4176 1750 4222 incurrenda.
1773 4182 1826 4219 et
1847 4187 2003 4230 quam
2038 4176 2173 4220 idem
2203 4175 2326 4220 Pius
2356 4177 2726 4230 praedecessor
2745 4187 2811 4218 ex
2842 4183 2962 4218 tunc
2998 4181 3182 4218 contra

710 4245 989 4298 quemlibet
1010 4252 1452 4302 transgressorem
1473 4247 1854 4302 quomodolibet
1877 4249 1926 4290 in
1946 4248 2248 4301 praemissis
2270 4248 2485 4301 protulit
2500 4279 2512 4302 ,
2534 4256 2587 4289 et
2607 4259 2637 4290 a
2658 4259 2761 4301 qua
2780 4247 2857 4290 sic
2888 4247 3183 4300 innodatus,

710 4327 1078 4372 praeterquam
1097 4321 1150 4362 in
1173 4320 1354 4363 mortis
1375 4320 1614 4370 articulo.
1636 4320 1704 4363 ab
1723 4320 1827 4363 alio
1851 4331 2003 4373 quam
2028 4318 2259 4363 Romano
2277 4319 2527 4362 Pontifice
2546 4321 2631 4362 vel
2656 4318 2930 4374 superiore
2953 4317 3186 4363 Societa-

708 4389 776 4433 tis
809 4390 1099 4435 huiusmodi
1133 4392 1337 4436 absolvi
1371 4403 1474 4435 nou
1511 4400 1798 4446 posset...,.
1834 4391 1957 4434 Pius
1991 4391 2059 4444 V,
2081 4390 2259 4435 Const.
2292 4391 2512 4443 Ara-‚Quum
2543 4400 2796 4443 suranus,
2819 4401 2912 4434 xvi
2942 4389 3061 4434 Kal.
3084 4389 3183 4432 Fe-

711 4462 888 4506 bruari
916 4463 1032 4506 ¹565.
1053 4461 1232 4506 Instlt.
1259 4462 1370 4506 Soc.
1391 4462 1492 4518 Jes
1511 4493 1528 4514 ,
1546 4463 1886 4516 (Florentiae,
1911 4463 2032 4514 1892)
2060 4464 2094 4507 l.
2117 4473 2179 4516 c.,
2202 4463 2305 4506 vol.
2324 4461 2362 4508 1.
2382 4473 2501 4516 pag.
2522 4461 2593 4508 39.

789 4533 1035 4579 Tandem:
1057 4534 1186 4579 ³540.
1209 4535 1333 4580 Tria
1368 4536 1718 4590 paupertatis,
1739 4535 2006 4578 castitatis
2040 4542 2094 4578 et
2128 4534 2449 4578 obedientiae
2468 4542 2597 4578 vota
2618 4541 2737 4588 post
2766 4534 3025 4577 biennium
3066 4544 3185 4587 pro-

710 4606 937 4650 bationis
957 4608 1005 4650 in
1027 4605 1292 4651 Societate
1311 4607 1519 4662 emissa,
1539 4608 1637 4652 etsi
1672 4607 1956 4661 simplicia,
1980 4617 2043 4650 ex
2070 4607 2361 4661 apostolica
2389 4605 2717 4650 institutione
2737 4611 2791 4649 et
2824 4606 3179 4649 declaratione

708 4688 834 4721 vere
865 4679 1236 4722 substantialia
1257 4677 1543 4732 Religionis
1561 4685 1689 4722 vota
1710 4688 1824 4721 esse
1839 4710 1850 4731 ,
1874 4685 1926 4720 et
1948 4677 1999 4720 in
2030 4677 2133 4722 illis
2163 4678 2363 4721 nonnisi
2386 4689 2478 4731 per
2498 4677 2685 4721 Sedem
2706 4677 3064 4732 Apostolicam
3084 4676 3183 4720 dis·

707 4751 918 4802 pensari
953 4761 1129 4805 posse,
1151 4753 1393 4804 nulloque
1423 4751 1526 4794 alio
1561 4750 1707 4794 modo
1737 4761 1893 4803 quam
1924 4760 2015 4803 per
2050 4750 2339 4803 legitimam
2369 4760 2401 4795 a
2437 4747 2703 4793 societate
2736 4748 3084 4792 dimissionem
3117 4759 3181 4790 ea
