3742 5392
564 394 599 407 .-

1630 442 1757 501 ΑΝ.
1802 442 1944 503 1554
2205 436 2210 439 ’
2955 448 3032 507 91

560 586 903 651 Alfonsus
931 587 1271 651 Sacratus
1307 587 1347 667 ¹,
1380 586 1697 668 ejusdem
1725 589 2144 670 discipuluS,
2177 590 2406 653 eidem
2443 607 2520 653 se
2561 590 2826 655 Christi
2855 594 3026 657 mili-

552 696 694 758 tiae
725 694 1029 773 addixit,
1064 712 1207 759 non
1235 705 1472 759 tamen
1498 696 1746 761 eodem
1768 696 1980 760 modo
1999 707 2212 778 atque
2235 697 2335 760 illi
2354 698 2864 778 perseveravit.
2889 698 3032 765 Sed

556 814 625 865 et
654 811 952 883 quartus
980 821 1072 866 ex
1109 802 1343 866 Finali
1384 806 1429 879 ²,
1486 802 1618 867 sub
1663 802 1927 866 ditione
1976 802 2201 868 Ducis
2244 804 2642 885 Ferrariae,
2683 804 3036 871 Hercules

556 910 873 988 nomine,
908 909 1325 973 adolescens
1344 911 1932 989 modestissimuS,
1955 911 2292 974 -eumdem
2322 911 2688 975 Andream
2711 910 3028 993 ejnsdem

556 1017 957 1080 vocationis
1006 1017 1405 1081 ministrum
1458 1017 1735 1096 habuit,
1791 1018 1912 1099 qui
1961 1035 2208 1083 omnes
2257 1026 2504 1098 postea
2558 1016 2860 1084 Romam
2909 1038 3030 1084 ve-

557 1134 836 1188 nerunt.

680 1230 815 1296 166.
904 1230 1251 1309 Quamvis
1275 1240 1514 1295 autem
1537 1231 1876 1311 exiguum
1896 1240 2084 1295 esset
2125 1232 2262 1295 hoc
2291 1234 2770 1314 collegiolum,
2796 1236 3027 1299 voluit

558 1338 631 1403 P.
665 1339 986 1417 Ignatius
1013 1348 1091 1402 ut
1120 1338 1422 1418 singulis
1446 1337 1910 1402 hebdomadis
1941 1337 2105 1402 inde
2132 1338 2434 1404 Romam
2461 1342 2913 1407 scriberetur.

679 1444 813 1509 167.
903 1444 1278 1509 Habebant
1306 1446 1815 1509 monasterium
1844 1445 2212 1525 Argentae
2241 1447 2556 1527 religiosi
2594 1446 2837 1513 Sancti
2878 1449 3022 1513 Do-

556 1552 818 1631 minici,
852 1552 1079 1616 nostri
1110 1552 1558 1631 amicissimi,
1611 1554 1731 1632 qui
1765 1553 2140 1616 lectionem
2191 1554 2504 1634 aliquam
2548 1572 2593 1617 a
2621 1554 2697 1619 P.
2732 1555 3026 1621 Andrea

555 1678 863 1739 graecae
892 1660 1178 1739 linguae
1207 1660 1667 1740 expetebant,
1701 1668 1771 1723 et
1810 1660 2026 1723 etiam
2069 1661 2396 1741 latinam,
2437 1662 2622 1725 inter
2661 1680 2840 1743 quos
2878 1663 3024 1743 qui·

556 1768 720 1831 dam
750 1776 907 1831 erat
948 1767 1068 1847 qui
1096 1767 1588 1848 philosophiae
1615 1768 1843 1830 lector
1888 1766 2141 1830 fuerat.
2188 1766 2397 1832 Pater
2447 1786 2623 1850 ergo
2669 1770 3026 1850 AndreaS,

558 1875 678 1956 qui
706 1885 1095 1955 occupatus
1131 1874 1206 1937 in
1244 1874 1362 1937 illo
1402 1872 1778 1938 Societatis
1807 1874 2008 1937 initio
2039 1874 2270 1939 fuerat
2299 1876 2372 1938 in
2401 1876 2703 1941 aliorum
2733 1878 3020 1957 auxiliO,

557 1992 627 2045 et
653 1992 731 2046 ut
760 1991 923 2045 tunc
946 1980 1098 2045 fieri
1121 1980 1414 2061 solebat,
1445 1982 1623 2045 alios
1645 1982 1966 2045 docendo
1995 1982 2247 2046 doctus
2270 1983 2342 2046 in
2371 1982 2482 2046 his
2503 1984 2755 2047 litteris
2778 2002 3019 2048 evase-

554 2100 690 2167 rat,
722 2098 789 2153 et
829 2089 1045 2152 etiam
1088 2088 1483 2153 subsecivis
1528 2089 1725 2152 horis
1773 2106 1865 2151 ex
1907 2089 2298 2152 dialecticis
2350 2090 2617 2170 aliquid
2653 2090 3023 2171 didicerat,

555 2197 631 2261 P.
664 2196 1021 2277 Ignatium
1049 2195 1404 2259 consuluit
1434 2212 1525 2258 an
1557 2195 1646 2258 ab
1675 2196 1793 2259 illo
1822 2195 2226 2276 professore
2254 2196 2745 2291 philosophiae
2783 2208 3026 2278 posset

554 2305 893 2368 lectiones
922 2302 1197 2383 aliquas
1227 2302 1505 2381 audire,
1538 2304 1677 2384 vel,
1703 2302 1764 2365 si
1792 2320 1937 2366 non
1965 2303 2330 2367 videretur
2359 2302 2434 2367 P.
2476 2304 2756 2385 Ignatio
2787 2305 2877 2368 ab
2906 2324 3024 2369 ex·

553 2414 774 2476 ternis
802 2428 929 2476 eas
968 2412 1309 2474 lectiones
1349 2410 1770 2491 audiendas,
1813 2412 2248 2492 suggerebat
2291 2412 2598 2493 aliquem
2639 2414 3024 2477 ultramon-

553 2529 831 2597 tanum,
865 2519 939 2582 in
980 2517 1430 2598 philosophia
1481 2527 1918 2599 promotum,
1970 2516 2374 2597 Argentam
2422 2520 2607 2583 mitti
2633 2536 2843 2601 posse
2873 2520 3018 2601 qui,

550 2627 721 2690 dum
756 2626 1074 2690 italicam
1123 2626 1429 2689 disceret
1469 2625 1820 2705 linguam,
1873 2624 2141 2706 aliquid
2181 2625 2318 2706 ipsi
2349 2616 2460 2695 ,ex
2509 2627 3026 2708 philosophicis

552 2744 795 2816 posset
842 2734 1288 2814 praelegere;
1342 2732 1467 2795 sed
1511 2730 1743 2795 visum
1784 2749 1929 2795 non
1958 2742 2066 2797 est
2084 2782 2099 2813 ,
2153 2732 2338 2796 inter
2387 2732 2667 2797 labores
2718 2749 3026 2813 magnos

548 2840 837 2906 scholae
868 2850 937 2905 et
966 2841 1269 2904 aliarum
1296 2838 1737 2903 functionum
1774 2838 2085 2903 studium
2126 2839 2616 2921 philosophiae
2636 2839 2800 2903 huic
2821 2839 3020 2904 Patri

550 2948 1079 3029 suscipiendum
1109 2964 1265 3011 esse
1286 2996 1301 3025 ,
1335 2964 1455 3026 ne,
1488 2946 1604 3011 vel
1643 2946 2158 3027 opprimeretur
2198 2948 2432 3010 nimiis
2459 2946 2821 3011 laboribus
2842 2996 2856 3025 ,
2902 2947 3019 3011 vel

552 3056 781 3121 officio
810 3071 941 3119 suo
974 3055 1284 3132 deesset,
1317 3062 1386 3117 et
1420 3053 1655 3117 neutri
1693 3053 1927 3117 studio
1969 3053 2441 3133 satisfaceret,
2474 3062 2542 3117 et
2572 3054 2756 3117 bono
2781 3054 3020 3118 animo

552 3181 713 3228 eum
743 3180 901 3226 esse
930 3161 1005 3224 P.
1039 3161 1359 3241 Ignatius
1382 3158 1623 3240 jussit,
1658 3160 1846 3240 quod
1876 3160 2256 3240 aliquando
2286 3160 2515 3249 major
2541 3159 2678 3241 ipsi
2712 3178 3021 3225 commo-

551 3269 738 3333 ditas
766 3269 1003 3333 studia
1031 3267 1509 3348 prosequendi
1531 3267 1769 3331 danda
1796 3276 2015 3345 esset,
2048 3285 2181 3331 nec
2224 3268 2506 3331 timeret
2533 3286 2610 3331 se
2650 3268 3020 3349 Argentae

550 3377 1037 3457 sepeliendum
1068 3384 1191 3438 aut
1221 3374 1561 3438 oblivioni
1590 3374 2013 3438 tradendum
2042 3390 2200 3439 esse
2228 3371 2274 3434 ⁸.

675 3482 812 3547 168.
898 3482 1309 3565 Spiritualia
1334 3482 1677 3545 exercitia
1700 3482 1912 3546 alicui
1940 3482 2168 3545 bonae
2197 3482 2454 3547 indolis
2479 3480 2724 3561 juveni
2752 3482 3018 3546 tradita

551 3592 642 3655 ab
670 3608 755 3655 eo
784 3589 1099 3668 fuerunt,
1134 3601 1204 3652 et
1234 3588 1521 3659 omnino
1553 3587 1788 3667 aliquo
1814 3589 2210 3668 sacerdote,
2239 3607 2280 3652 a
2304 3607 2440 3670 quo
2471 3589 2544 3653 in
2573 3589 2785 3654 rebus
2814 3590 3018 3670 spiri·

551 3698 857 3762 tualibus
886 3694 1378 3777 adjnvaretur,
1414 3712 1591 3776 opus
1626 3694 1967 3776 habebat;
1995 3712 2167 3759 nam
2197 3705 2267 3760 et
2308 3696 2555 3760 schola
2583 3696 2655 3759 in
2693 3695 2846 3760 dies
2869 3714 3016 3761 cre·

550 3805 831 3883 scebat,
862 3812 931 3867 et
960 3802 1452 3884 provectiores
1481 3801 1697 3865 etiam
1725 3802 2050 3883 discipuli
2080 3802 2265 3868 inter
2293 3803 2474 3869 alios
2505 3811 2709 3868 erant
2729 3852 2744 3883 ,
2777 3821 3020 3885 quam·

546 3911 661 3975 vis
686 3910 998 3975 nondum
1022 3911 1357 3990 expulsus
1383 3909 1619 3974 fuerat
1640 3910 2132 3990 ludimagister
2153 3910 2270 3973 ille
2293 3906 2338 3974 ⁴.
2365 3909 2835 3975 Ministerium
2855 3927 3020 3977 con-

550 4018 940 4081 fessionum
962 4026 1031 4081 ct
1052 4017 1666 4098 praedicationum
1688 4018 1950 4098 partim
1973 4016 2596 4099 contradictioneS,
2622 4018 2884 4099 partim
2907 4036 3022 4082 oc·

551 4126 972 4205 cupationes
1000 4124 1184 4188 aliae
1216 4122 1240 4155 ⁵
1270 4141 1431 4188 cum
1460 4127 1651 4188 solus
1681 4132 1871 4187 esset
1901 4123 1977 4187 P.
2011 4123 2342 4189 Andreas
2370 4142 2502 4189 nec
2533 4125 2765 4189 adhuc
2797 4127 3016 4189 sacel—

608 4330 621 4359 ¹
680 4328 763 4373 Ex
782 4330 941 4375 nobili
961 4328 1287 4376 Ferrarlensi
1309 4330 1507 4375 tamilla
1531 4330 1757 4375 Sacrati.

603 4399 626 4431 ἱ
680 4400 895 4455 F'lnale,
914 4402 1153 4457 oppidum
1173 4402 1225 4445 ln
1246 4400 1522 4446 Mutinensi
1543 4407 1665 4445 tunc
1687 4400 1910 4445 Ducam.

604 4472 626 4502 ³
684 4472 1027 4517 Continentur
1059 4474 1189 4517 haec
1222 4474 1287 4517 ad
1318 4476 1539 4517 verbum
1572 4474 1679 4517 fere
1713 4473 1907 4518 litteris
1937 4485 1968 4517 a
2001 4473 2245 4529 Polanco‚
2269 4485 2336 4517 ex
2357 4485 2508 4527 com.,
2528 4474 2770 4519 Andreae
2799 4474 3024 4519 Bonain·

550 4555 713 4599 scena
734 4545 872 4589 datis
891 4545 947 4588 29
974 4544 1293 4599 Septembris
1318 4546 1435 4588 155⁴.

604 4617 629 4648 ὁ
682 4615 760 4659 De
783 4627 882 4671 qno
904 4626 1077 4671 snpra,
1099 4627 1219 4671 pag.
1240 4618 1295 4659 86
1313 4628 1361 4660 n.
1386 4618 1479 4667 157.
1498 4623 1549 4661 et
1570 4629 1688 4673 pag.
1708 4618 1777 4671 89,
1800 4630 1849 4662 n.
1871 4618 1967 4663 163.

608 4686 633 4718 ³
684 4687 1029 4732 Desidet-atur
1048 4688 1132 4732 hic
1152 4688 1360 4742 aliquod
1384 4691 1703 4741 vocabulum,
1726 4690 1863 4734 sorte
1885 4690 2462 4745 impediebant-vide
2482 4702 2656 4746 supra,
2678 4704 2725 4737 n.
2749 4693 2841 4737 161.
