3742 5392
1629 475 1760 534 AN.
1803 476 1945 534 1554
2944 477 3013 534 71

534 619 856 697 afficere,
892 629 961 682 et
985 618 1289 698 injunxit
1316 618 1484 682 Dux
1512 616 1590 681 P.
1623 595 2000 684 Pelletario
2022 630 2099 685 ut
2122 622 2372 685 crebro
2398 622 2489 685 ad
2510 622 2852 701 palatium
2873 621 3017 686 Du·

535 728 778 791 cissae
807 726 1210 804 accederet,
1243 736 1314 789 et
1344 726 1724 808 aliquando
1753 744 2039 791 sacrum
2067 727 2163 792 ibi
2193 728 2615 808 celebraret;
2639 738 2710 792 et
2733 728 2841 792 bis
2870 729 3014 792 Du-

539 835 808 898 cissam
843 835 1192 898 allocutus
1222 847 1348 897 est.
1398 833 1808 914 Injunxerat
1857 835 2140 915 quidem
2190 835 2356 898 Dux
2397 845 2504 915 ut,
2548 835 2610 898 si
2652 820 3016 914 oporteret

537 941 947 1021 disputare,
981 942 1174 1004 nulla
1205 941 1574 1022 dignitatis
1605 943 1827 1022 ipsius
1855 941 2206 1006 Ducissae
2234 943 2479 1006 habita
2508 942 2808 1018 ratione,
2852 959 3011 1006 eam

547 1050 1058 1129 alloqueretur;
1092 1047 1217 1112 sed
1242 1057 1563 1112 amanter
1613 1050 1764 1130 ipse
1793 1058 1865 1112 et
1914 1049 2191 1129 placide
2235 1049 2306 1113 id
2334 1048 2529 1128 fecit,
2564 1058 2633 1113 et
2673 1051 3015 1114 intellexit

549 1155 932 1220 Ducissam
959 1165 1325 1236 expertem
1355 1157 1640 1237 quidem
1669 1174 1827 1220 esse
1856 1157 2255 1236 doctrinae;
2288 1156 2414 1220 sed
2444 1167 2719 1221 tantum
2757 1157 2829 1220 in
2860 1174 3016 1220 ver-

544 1264 806 1325 nacula
835 1262 1078 1342 lingua
1122 1263 1429 1326 retinere
1460 1261 1811 1344 quaedam
1853 1264 2011 1326 loca
2041 1263 2130 1327 D.
2174 1263 2376 1327 Pauli
2414 1265 2599 1327 male
2629 1264 3011 1338 intellecta,

543 1380 623 1432 ut
653 1369 991 1433 haeretici
1019 1373 1250 1434 solent
1267 1419 1282 1448 ,
1308 1380 1378 1434 et
1401 1370 1751 1450 quaedam
1771 1370 2098 1450 dicteria,
2128 1371 2379 1452 quibus
2402 1371 2771 1451 instructa,
2800 1372 3014 1434 etiam

548 1474 623 1539 Ρ.
658 1475 1034 1540 Pelletario
1062 1477 1479 1557 praedicare
1508 1479 1689 1541 velle
1713 1477 2090 1542 videbatur
2114 1476 2157 1558 ¹;
2190 1495 2353 1541 cum
2375 1489 2610 1542 tamen
2636 1477 3014 1541 aberrabat

551 1601 594 1646 a
623 1584 949 1662 veritate,
971 1584 1530 1666 interrumpebat
1559 1583 1708 1664 ejus
1729 1584 1951 1648 verba
1974 1594 2041 1648 et
2064 1585 2557 1649 commonebat
2579 1602 2739 1648 eam
2761 1583 2837 1648 Ρ.
2866 1583 3009 1648 Pel-

533 1691 868 1768 letariuS,
902 1691 1179 1772 placide
1207 1700 1478 1770 tamem
1511 1700 1581 1754 et
1609 1700 1777 1754 tunc
1817 1708 1977 1754 eam
2014 1692 2310 1771 dimisit,
2356 1701 2427 1755 et
2463 1690 2753 1755 Domini
2778 1691 3011 1756 Ludo-

545 1798 722 1872 vici,
773 1797 1112 1878 Episcopi
1153 1797 1537 1878 designati,
1589 1797 2138 1874 confessionem,
2192 1807 2571 1878 antequam
2621 1799 2785 1862 inde
2822 1815 3009 1862 rece-

543 1903 774 1982 deret,
803 1903 1097 1967 audivit.

675 2011 808 2074 127.
881 2010 1116 2076 Rediit
1143 2012 1397 2076 deinde
1411 2024 1482 2077 et
1505 2012 1598 2075 ad
1611 2012 1791 2076 duas
1812 2011 1961 2076 sere
1985 2012 2200 2076 horas
2225 2013 2457 2077 noctis
2480 2011 2503 2044 ⁸
2527 2031 2689 2077 cum
2703 2011 3009 2076 Ducissa

546 2119 919 2199 transegit,
946 2128 1016 2182 et
1039 2137 1130 2183 ex
1150 2117 1561 2199 ScripturiS,
1587 2121 1776 2200 quod
1797 2137 1942 2183 non
1970 2118 2249 2183 difficile
2270 2129 2448 2198 erat,
2475 2120 2703 2201 ipsam
2725 2121 3010 2201 saepius

541 2226 864 2289 convicit
914 2227 1103 2307 quod
1151 2245 1294 2290 non
1344 2236 1618 2291 tantum
1666 2226 1820 2290 Deo
1871 2226 2345 2291 obedientiam
2391 2227 2829 2306 deberemuS,
2883 2227 3010 2292 sed

552 2333 764 2398 etiam
795 2325 1232 2414 ho'minibus;
1263 2343 1332 2398 et
1355 2334 1637 2414 quidem
1659 2332 1951 2398 Summo
1975 2332 2295 2398 Pontifici
2312 2334 2443 2398 sub
2467 2350 2696 2415 poena
2720 2333 3007 2397 damna-

547 2440 766 2504 tionis
814 2449 1148 2504 aeternae
1175 2453 1190 2517 ;
1247 2450 1315 2504 et
1373 2440 1564 2522 quod
1614 2441 1935 2505 conciliis
1981 2441 2434 2520 generalibus
2482 2441 2793 2521 legitime
2833 2443 3008 2504 cele-

539 2548 770 2610 bratis
799 2548 1090 2628 perinde
1118 2558 1330 2628 atque
1360 2545 1750 2630 Scripturis
1790 2549 1863 2610 in
1893 2548 2345 2628 dogmatibus
2382 2546 2546 2612 fidei
2583 2548 2874 2612 credere
2911 2559 3007 2610 te-

541 2654 914 2718 nebamur.
947 2653 1106 2718 Non
1132 2655 1454 2735 permisit
1491 2653 1514 2685 ³
1555 2663 1632 2718 ut
1672 2654 1854 2718 filias
1889 2655 2112 2734 ipsius
2152 2655 2225 2718 in
2255 2655 2581 2719 cubiculo
2620 2657 3005 2736 alloquere-

539 2771 690 2839 tur,
722 2773 933 2843 prout
976 2760 1143 2824 Dux
1172 2762 1537 2843 cupiebat,
1586 2761 1816 2825 sedin
1853 2779 1984 2825 sua
2021 2762 2447 2842 praesentia.
2491 2762 2568 2826 Id
2605 2773 2845 2825 tamen
2886 2763 3005 2826 ali-

541 2869 834 2949 quando
863 2867 1197 2946 faciebat,
1233 2886 1323 2931 ex
1351 2867 1573 2932 Missa
1611 2868 1909 2932 dicenda
1949 2878 2233 2948 sumpta
2278 2868 2677 2932 occasione.
2716 2868 3006 2949 Incipie-

551 2977 723 3039 bant
758 2976 996 3056 itaque
1025 2993 1142 3039 res
1172 2973 1324 3054 ejus
1367 2975 1612 3055 palatii
1651 2977 1904 3039 melius
1946 2975 2241 3055 habere,
2275 2984 2344 3039 et
2374 2976 2571 3056 Dux,
2604 2977 3010 3040 stimulante

546 3083 1015 3158 conscientia,
1051 3083 1289 3146 acrius
1317 3083 1389 3145 in
1413 3083 1564 3146 dies
1593 3083 1685 3146 ad
1714 3083 1851 3144 hoc
1883 3083 2245 3162 negotium
2285 3081 2718 3146 reductionis
2760 3082 3009 3147 Ducis·

541 3205 676 3253 sae
698 3189 1172 3253 incumbebat.
1192 3189 1416 3254 Filiae
1441 3199 1676 3253 autem
1699 3187 1849 3268 eJ‘us
1871 3189 1948 3252 B.
1973 3189 2297 3269 Virginis
2320 3207 2569 3270 preces
2592 3191 2920 3254 horarias
2942 3201 3012 3254 et

543 3298 829 3360 rosaria
856 3314 900 3359 a
923 3295 1123 3360 Duce
1151 3298 1618 3376 postularunt3
1653 3305 1881 3359 mater
1913 3305 2149 3360 tamen
2177 3315 2425 3362 earum
2453 3297 2556 3360 sic
2580 3315 2664 3360 eo
2694 3308 3012 3379 tempore

603 3503 622 3535 Ι
679 3501 910 3546 Videant
929 3501 1165 3546 hodierni
1184 3506 1495 3556 veteresque
1515 3499 1751 3545 Renatae
1782 3501 2156 3555 panegyristae
2178 3501 2431 3556 quomodo
2451 3512 2568 3546 cum
2597 3503 2835 3546 laudibus
2850 3535 2861 3554 ,
2882 3513 3013 3557 quas

541 3573 614 3617 de
635 3573 871 3617 Renatae
893 3573 1130 3616 doctrina
1157 3573 1311 3626 pleno
1331 3571 1595 3616 effundunt
1617 3583 1705 3616 ore
1721 3605 1732 3626 ,
1755 3572 1887 3616 haec
1909 3572 2120 3616 Polanci
2142 3577 2194 3616 et
2215 3572 2485 3617 Pelletarii
2512 3574 2654 3618 dicta
2674 3575 3009 3618 conveniant.

544 3643 656 3688 Nos
675 3644 881 3699 quidem
915 3642 1212 3698 experimur
1231 3642 1478 3696 qnotidie,
1500 3653 1617 3686 cum
1637 3642 1750 3696 qnia
1781 3642 2075 3687 catholicae
2096 3643 2313 3687 veritati
2342 3643 2671 3696 adversatur,
2693 3645 2817 3688 licet
2846 3643 2897 3688 id
2926 3655 3013 3688 ex·

541 3717 707 3770 pionis
721 3716 833 3771 jam
859 3716 1068 3770 saepius
1085 3715 1350 3758 erroribus
1385 3713 1767 3767 mendaciisque
1787 3720 2038 3768 praestet,
2058 3715 2169 3769 ejnn
2198 3715 2380 3759 extolli
2400 3715 2707 3768 doctrinam,
2728 3717 2891 3768 dotes,
2909 3717 3012 3760 vir-

539 3793 715 3831 tutem
731 3820 742 3838 .
765 3793 884 3840 etc.;
905 3787 1141 3841 quivero
1161 3786 1476 3830 catholicam
1509 3791 1684 3829 tuetur
1705 3785 2015 3839 veritatem,
2035 3787 2147 3841 ejus
2167 3785 2460 3832 doctrinam
2481 3787 2941 3842 integritatemque
2962 3788 3015 3832 in

544 3860 758 3904 dubium
789 3870 954 3912 veru,
977 3858 1198 3913 despici,
1230 3857 1798 3911 ignoratn-cnunc
1829 3843 2005 3901 Cam-1⁸1
2037 3857 2272 3902 Renatae
2290 3892 2301 3912 ,
2322 3865 2379 3902 nt
2409 3859 2525 3914 alii,
2547 3859 2726 3904 laudat
2756 3859 3015 3910 ingenium

537 3931 888 3976 cultissimum
903 3963 914 3983 ,
937 3930 979 3974 il
999 3929 1295 3973 coltisst’mo
1323 3930 1576 3982 ingeznm·
1595 3929 1686 3972 aed
1709 3928 1871 3972 addit:
1896 3929 2003 3972 Per
2022 3931 2227 3983 verita,
2248 3930 2299 3973 le
2317 3930 2431 3973 lodi
2448 3931 2563 3984 agli
2591 3932 2777 3974 ultimi
2794 3930 3018 3974 Estense'

537 4003 608 4047 aa·
625 4003 864 4048 Ferrum
883 4003 1090 4060 surano
1109 4003 1167 4044 in
1183 4003 1347 4056 parte
1362 4003 1800 4055 postumamenee
1825 4001 2117 4055 prodtgate
2134 4008 2238 4056 per
2258 4002 2515 4056 raffaccs'o
2544 4003 2599 4046 al
2620 4005 2907 4048 succeduto
2926 4004 3013 4046 do-

549 4076 718 4118 minio
730 4075 954 4129 papale.
977 4073 1044 4117 Et
1063 4073 1224 4126 infra,
1246 4079 1522 4127 postquam
1540 4072 1671 4116 dixit
1692 4071 1951 4116 Renatam
1980 4074 2137 4118 fuisse
2167 4073 2331 4118 Dona
2353 4074 2413 4117 da·
2438 4076 2637 4127 storia,
2656 4076 2715 4118 αι’
2732 4075 2933 4129 lingue,
2956 4075 3017 4118 aa·

543 4146 926 4196 matematica,
957 4145 1017 4188 ai
1053 4143 1305 4198 teolegio,
1329 4155 1356 4187 e
1387 4143 1628 4197 sapendo
1666 4143 1969 4188 discurrere
2004 4153 2170 4188 senna
2209 4146 2506 4201 annojare;
2536 4157 2709 4190 aveva
2740 4147 3015 4201 imparato

531 4219 835 4272 astrologia
857 4217 950 4261 dal
970 4216 1292 4272 napoletano
1311 4215 1460 4259 Luca
1480 4215 1744 4268 Guarino:
1767 4215 2005 4270 parlava
2026 4217 2133 4261 cosi
2164 4218 2296 4261 bene
2325 4219 2554 4263 italiano
2574 4231 2719 4263 come
2738 4218 3015 4271 francese:

541 4291 606 4334 di
621 4295 778 4345 corpo
797 4289 1042 4342 infelice,
1059 4294 1201 4344 pure
1222 4291 1503 4340 maestoso,
1521 4288 1582 4330 dt
1598 4288 1794 4341 spirito
1813 4289 1994 4332 sonae
2021 4301 2048 4332 e
2068 4290 2309 4342 delicato,
2326 4291 2472 4335 addit
2486 4324 2496 4342 .
2517 4279 2693 4336 annot'.
2713 4292 2797 4336 53¹:
2817 4292 3014 4344 ,Queste

531 4362 658 4406 ‚lodi
674 4362 995 4406 deduciamo
1022 4361 1115 4405 dal
1133 4370 1400 4415 guascone
1420 4358 1745 4409 Brantdme,
1761 4361 1856 4414 poi
1884 4360 1977 4404 dal
2009 4359 2263 4413 Varillus,
2281 4362 2376 4407 che
2396 4363 2457 4406 aa·
2488 4363 2661 4417 quello
2681 4373 2935 4417 essagera
2960 4364 3010 4406 le

535 4434 800 4488 sper-bole,
819 4445 967 4478 come
987 4445 1061 4476 un
1079 4433 1406 4487 gazaeem'ere
1427 4431 1696 4474 moderno.
1716 4430 1777 4476 L.
1795 4443 1858 4485 c..
1881 4443 2002 4487 pag.
2021 4433 2076 4476 89
2096 4440 2147 4477 et
2170 4433 2262 4478 101.
2287 4433 2591 4480 Brantome!
2616 4431 2777 4488 Quem
2796 4447 2897 4480 non
2918 4447 3009 4490 pu-

545 4505 669 4550 deat
687 4507 754 4550 ab
775 4517 839 4549 eo
857 4505 1209 4560 similibusque
1228 4503 1392 4558 diligi,
1413 4502 1644 4546 landari!

602 4576 628 4608 ⁸
680 4577 747 4621 ad
789 4578 921 4621 duas
955 4576 1063 4620 fere
1098 4575 1258 4621 horas
1286 4581 1401 4630 post
1437 4575 1562 4619 solis
1599 4585 1863 4630 occasum,
1896 4588 1927 4620 a
1949 4577 2055 4620 due
2082 4588 2173 4620 ore
2194 4578 2253 4620 dt
2282 4580 2444 4632 none,
2472 4589 2613 4623 more
2643 4577 2824 4622 italico
2854 4578 3011 4622 horas

539 4648 899 4703 computandi.

601 4720 625 4752 ⁸
679 4719 918 4766 Ducissa.
