<?xml version="1.0" encoding="UTF-8"?>
<!DOCTYPE html PUBLIC "-//W3C//DTD XHTML 1.0 Transitional//EN"
    "http://www.w3.org/TR/xhtml1/DTD/xhtml1-transitional.dtd">
<html xmlns="http://www.w3.org/1999/xhtml" xml:lang="en" lang="en">
 <head>
  <title>
</title>
<meta http-equiv="Content-Type" content="text/html;charset=utf-8" />
  <meta name='ocr-system' content='tesseract 3.04.00' />
  <meta name='ocr-capabilities' content='ocr_page ocr_carea ocr_par ocr_line ocrx_word'/>
</head>
<body>
  <div class='ocr_page' id='page_1' title='image "./vitaignatiiloio02polagoog_0227.png"; bbox 0 0 3742 5392; ppageno 0'>
   <div class='ocr_carea' id='block_1_1' title="bbox 1624 482 3026 547">
    <p class='ocr_par' dir='ltr' id='par_1_1' title="bbox 1624 482 3026 547">
     <span class='ocr_line' id='line_1_1' title="bbox 1624 482 3026 547; baseline -0.004 0"><span class='ocrx_word' id='word_1_1' title='bbox 1624 488 1752 547; x_wconf 75' lang='grc' dir='ltr'><strong>ΑΝ.</strong></span> <span class='ocrx_word' id='word_1_2' title='bbox 1796 486 1936 547; x_wconf 73' lang='grc'>1554</span> <span class='ocrx_word' id='word_1_3' title='bbox 2914 482 3026 543; x_wconf 87' lang='grc'><strong>219</strong></span> 
     </span>
    </p>
   </div>
   <div class='ocr_carea' id='block_1_2' title="bbox 536 631 3024 4240">
    <p class='ocr_par' dir='ltr' id='par_1_2' title="bbox 540 631 3024 1356">
     <span class='ocr_line' id='line_1_2' title="bbox 540 631 3024 713; baseline -0 -18"><span class='ocrx_word' id='word_1_4' title='bbox 540 631 984 713; x_wconf 77' lang='lat' dir='ltr'><strong>expeditioni</strong></span> <span class='ocrx_word' id='word_1_5' title='bbox 1014 644 1471 712; x_wconf 88' lang='lat' dir='ltr'><strong>vacaturum,</strong></span> <span class='ocrx_word' id='word_1_6' title='bbox 1505 646 1575 697; x_wconf 90' lang='lat' dir='ltr'><strong>et</strong></span> <span class='ocrx_word' id='word_1_7' title='bbox 1598 634 1831 698; x_wconf 88' lang='lat' dir='ltr'><strong>adhuc</strong></span> <span class='ocrx_word' id='word_1_8' title='bbox 1854 634 1927 697; x_wconf 90' lang='lat' dir='ltr'><strong>in</strong></span> <span class='ocrx_word' id='word_1_9' title='bbox 1949 632 2190 699; x_wconf 84' lang='lat' dir='ltr'>Sicilia</span> <span class='ocrx_word' id='word_1_10' title='bbox 2224 634 2708 699; x_wconf 84' lang='lat' dir='ltr'><strong>retinebantur</strong></span> <span class='ocrx_word' id='word_1_11' title='bbox 2730 631 2870 695; x_wconf 84' lang='lat' dir='ltr'><strong>duo</strong></span> <span class='ocrx_word' id='word_1_12' title='bbox 2901 631 3024 695; x_wconf 87' lang='lat' dir='ltr'><strong>filii</strong></span> 
     </span>
     <span class='ocr_line' id='line_1_3' title="bbox 548 738 3024 823; baseline 0 -22"><span class='ocrx_word' id='word_1_13' title='bbox 548 738 739 802; x_wconf 85' lang='lat' dir='ltr'><strong>illius</strong></span> <span class='ocrx_word' id='word_1_14' title='bbox 768 738 1111 821; x_wconf 91' lang='lat' dir='ltr'><strong>principis</strong></span> <span class='ocrx_word' id='word_1_15' title='bbox 1132 740 1622 821; x_wconf 90' lang='lat' dir='ltr'><strong>jerbiensium,</strong></span> <span class='ocrx_word' id='word_1_16' title='bbox 1658 758 1837 823; x_wconf 88' lang='lat' dir='ltr'><strong>quos</strong></span> <span class='ocrx_word' id='word_1_17' title='bbox 1868 741 2016 817; x_wconf 90' lang='lat' dir='ltr'><strong>ille,</strong></span> <span class='ocrx_word' id='word_1_18' title='bbox 2059 740 2150 803; x_wconf 92' lang='lat' dir='ltr'><strong>ad</strong></span> <span class='ocrx_word' id='word_1_19' title='bbox 2180 741 2674 818; x_wconf 79' lang='lat' dir='ltr'><strong>securitatem,</strong></span> <span class='ocrx_word' id='word_1_20' title='bbox 2718 738 3024 820; x_wconf 82' lang='lat' dir='ltr'><strong>Impera-</strong></span> 
     </span>
     <span class='ocr_line' id='line_1_4' title="bbox 546 845 3021 927; baseline 0 -19"><span class='ocrx_word' id='word_1_21' title='bbox 546 845 693 909; x_wconf 83' lang='lat' dir='ltr'><strong>tori</strong></span> <span class='ocrx_word' id='word_1_22' title='bbox 722 846 1047 911; x_wconf 90' lang='lat' dir='ltr'><strong>obsidum</strong></span> <span class='ocrx_word' id='word_1_23' title='bbox 1076 847 1231 911; x_wconf 91' lang='lat' dir='ltr'><strong>loco</strong></span> <span class='ocrx_word' id='word_1_24' title='bbox 1272 848 1594 924; x_wconf 87' lang='lat' dir='ltr'><strong>miserat;</strong></span> <span class='ocrx_word' id='word_1_25' title='bbox 1642 847 1767 911; x_wconf 89' lang='lat' dir='ltr'><strong>sed</strong></span> <span class='ocrx_word' id='word_1_26' title='bbox 1806 865 1970 912; x_wconf 90' lang='lat' dir='ltr'><strong>cum</strong></span> <span class='ocrx_word' id='word_1_27' title='bbox 2013 848 2361 927; x_wconf 86' lang='lat' dir='ltr'><strong>gravibus</strong></span> <span class='ocrx_word' id='word_1_28' title='bbox 2403 847 2604 910; x_wconf 88' lang='lat' dir='ltr'><strong>bellis</strong></span> <span class='ocrx_word' id='word_1_29' title='bbox 2648 864 2810 909; x_wconf 90' lang='lat' dir='ltr'><strong>cum</strong></span> <span class='ocrx_word' id='word_1_30' title='bbox 2853 862 3021 924; x_wconf 87' lang='lat' dir='ltr'><strong>rege</strong></span> 
     </span>
     <span class='ocr_line' id='line_1_5' title="bbox 541 953 3020 1035; baseline -0.001 -17"><span class='ocrx_word' id='word_1_31' title='bbox 541 953 829 1018; x_wconf 87' lang='lat' dir='ltr'><strong>Galliae</strong></span> <span class='ocrx_word' id='word_1_32' title='bbox 860 954 1243 1035; x_wconf 88' lang='lat' dir='ltr'><strong>implicitus</strong></span> <span class='ocrx_word' id='word_1_33' title='bbox 1273 966 1461 1018; x_wconf 86' lang='lat' dir='ltr'><strong>esset</strong></span> <span class='ocrx_word' id='word_1_34' title='bbox 1490 954 1908 1035; x_wconf 82' lang='lat' dir='ltr'><strong>Imperator,</strong></span> <span class='ocrx_word' id='word_1_35' title='bbox 1943 964 2012 1018; x_wconf 91' lang='lat' dir='ltr'><strong>et</strong></span> <span class='ocrx_word' id='word_1_36' title='bbox 2041 954 2292 1019; x_wconf 91' lang='lat' dir='ltr'><strong>morbo</strong></span> <span class='ocrx_word' id='word_1_37' title='bbox 2319 954 2532 1034; x_wconf 86' lang='lat' dir='ltr'><strong>gravi</strong></span> <span class='ocrx_word' id='word_1_38' title='bbox 2559 969 2813 1035; x_wconf 89' lang='lat' dir='ltr'><strong>parum</strong></span> <span class='ocrx_word' id='word_1_39' title='bbox 2853 962 3020 1015; x_wconf 89' lang='lat' dir='ltr'><strong>tem-</strong></span> 
     </span>
     <span class='ocr_line' id='line_1_6' title="bbox 556 1060 3020 1143; baseline -0.001 -19"><span class='ocrx_word' id='word_1_40' title='bbox 556 1062 755 1141; x_wconf 89' lang='lat' dir='ltr'><strong>poris</strong></span> <span class='ocrx_word' id='word_1_41' title='bbox 782 1060 1091 1142; x_wconf 89' lang='lat' dir='ltr'><strong>negotiis</strong></span> <span class='ocrx_word' id='word_1_42' title='bbox 1121 1061 1293 1124; x_wconf 88' lang='lat' dir='ltr'><strong>dare</strong></span> <span class='ocrx_word' id='word_1_43' title='bbox 1322 1071 1599 1142; x_wconf 86' lang='lat' dir='ltr'><strong>posset;</strong></span> <span class='ocrx_word' id='word_1_44' title='bbox 1634 1078 1940 1143; x_wconf 91' lang='lat' dir='ltr'><strong>cumque</strong></span> <span class='ocrx_word' id='word_1_45' title='bbox 1969 1060 2170 1125; x_wconf 88' lang='lat' dir='ltr'><strong>initio</strong></span> <span class='ocrx_word' id='word_1_46' title='bbox 2201 1061 2561 1140; x_wconf 89' lang='lat' dir='ltr'><strong>sequentis</strong></span> <span class='ocrx_word' id='word_1_47' title='bbox 2592 1060 2760 1123; x_wconf 90' lang='lat' dir='ltr'><strong>anni</strong></span> <span class='ocrx_word' id='word_1_48' title='bbox 2797 1072 3020 1137; x_wconf 87' lang='lat' dir='ltr'><strong>regna</strong></span> 
     </span>
     <span class='ocr_line' id='line_1_7' title="bbox 556 1165 3024 1249; baseline -0.001 -18"><span class='ocrx_word' id='word_1_49' title='bbox 556 1184 686 1231; x_wconf 89' lang='lat' dir='ltr'><strong>sua</strong></span> <span class='ocrx_word' id='word_1_50' title='bbox 718 1168 957 1231; x_wconf 90' lang='lat' dir='ltr'><strong>omnia</strong></span> <span class='ocrx_word' id='word_1_51' title='bbox 985 1167 1308 1249; x_wconf 86' lang='lat' dir='ltr'><strong>Philippo</strong></span> <span class='ocrx_word' id='word_1_52' title='bbox 1346 1168 1489 1232; x_wconf 91' lang='lat' dir='ltr'><strong>filio</strong></span> <span class='ocrx_word' id='word_1_53' title='bbox 1528 1168 2004 1248; x_wconf 85' lang='lat' dir='ltr'><strong>resignaverit</strong></span> <span class='ocrx_word' id='word_1_54' title='bbox 2027 1216 2041 1245; x_wconf 93' lang='lat'><strong>,</strong></span> <span class='ocrx_word' id='word_1_55' title='bbox 2087 1184 2204 1232; x_wconf 88' lang='lat' dir='ltr'><strong>res</strong></span> <span class='ocrx_word' id='word_1_56' title='bbox 2244 1168 2422 1231; x_wconf 90' lang='lat' dir='ltr'><strong>haec</strong></span> <span class='ocrx_word' id='word_1_57' title='bbox 2463 1165 2792 1230; x_wconf 85' lang='lat' dir='ltr'><strong>effectum</strong></span> <span class='ocrx_word' id='word_1_58' title='bbox 2830 1176 3024 1246; x_wconf 90' lang='lat' dir='ltr'><strong>opta-</strong></span> 
     </span>
     <span class='ocr_line' id='line_1_8' title="bbox 554 1273 2901 1356; baseline -0.001 -19"><span class='ocrx_word' id='word_1_59' title='bbox 554 1286 737 1354; x_wconf 90' lang='lat' dir='ltr'><strong>tum,</strong></span> <span class='ocrx_word' id='word_1_60' title='bbox 771 1284 843 1339; x_wconf 92' lang='lat' dir='ltr'><strong>et</strong></span> <span class='ocrx_word' id='word_1_61' title='bbox 873 1274 1393 1356; x_wconf 88' lang='lat' dir='ltr'><strong>quodammodo</strong></span> <span class='ocrx_word' id='word_1_62' title='bbox 1424 1284 1812 1352; x_wconf 90' lang='lat' dir='ltr'><strong>maturum,</strong></span> <span class='ocrx_word' id='word_1_63' title='bbox 1848 1276 1920 1339; x_wconf 90' lang='lat' dir='ltr'><strong>id</strong></span> <span class='ocrx_word' id='word_1_64' title='bbox 1949 1275 2292 1355; x_wconf 87' lang='lat' dir='ltr'><strong>temporis</strong></span> <span class='ocrx_word' id='word_1_65' title='bbox 2321 1290 2463 1339; x_wconf 90' lang='lat' dir='ltr'><strong>non</strong></span> <span class='ocrx_word' id='word_1_66' title='bbox 2492 1283 2599 1337; x_wconf 87' lang='lat' dir='ltr'><strong>est</strong></span> <span class='ocrx_word' id='word_1_67' title='bbox 2627 1273 2901 1337; x_wconf 84' lang='lat' dir='ltr'><strong>sortita.</strong></span> 
     </span>
    </p>

    <p class='ocr_par' dir='ltr' id='par_1_3' title="bbox 539 1380 3023 3371">
     <span class='ocr_line' id='line_1_9' title="bbox 674 1380 3023 1462; baseline -0.002 -17"><span class='ocrx_word' id='word_1_68' title='bbox 674 1380 819 1445; x_wconf 87' lang='grc'><strong>485.</strong></span> <span class='ocrx_word' id='word_1_69' title='bbox 904 1381 1067 1446; x_wconf 92' lang='lat' dir='ltr'><strong>Duo</strong></span> <span class='ocrx_word' id='word_1_70' title='bbox 1091 1383 1165 1445; x_wconf 90' lang='lat' dir='ltr'><strong>in</strong></span> <span class='ocrx_word' id='word_1_71' title='bbox 1188 1381 1487 1462; x_wconf 89' lang='lat' dir='ltr'><strong>Collegii</strong></span> <span class='ocrx_word' id='word_1_72' title='bbox 1515 1381 2007 1446; x_wconf 89' lang='lat' dir='ltr'><strong>Panormitani</strong></span> <span class='ocrx_word' id='word_1_73' title='bbox 2037 1382 2384 1445; x_wconf 87' lang='lat' dir='ltr'><strong>auxilium</strong></span> <span class='ocrx_word' id='word_1_74' title='bbox 2407 1382 2542 1445; x_wconf 90' lang='lat' dir='ltr'><strong>hoc</strong></span> <span class='ocrx_word' id='word_1_75' title='bbox 2568 1390 2885 1459; x_wconf 87' lang='lat' dir='ltr'><strong>tempore</strong></span> <span class='ocrx_word' id='word_1_76' title='bbox 2908 1396 3023 1442; x_wconf 88' lang='lat' dir='ltr'><strong>cu-</strong></span> 
     </span>
     <span class='ocr_line' id='line_1_10' title="bbox 555 1487 3020 1569; baseline -0.002 -17"><span class='ocrx_word' id='word_1_77' title='bbox 555 1498 714 1552; x_wconf 87' lang='lat' dir='ltr'><strong>rata</strong></span> <span class='ocrx_word' id='word_1_78' title='bbox 765 1488 1084 1569; x_wconf 88' lang='lat' dir='ltr'><strong>fuerunt;</strong></span> <span class='ocrx_word' id='word_1_79' title='bbox 1140 1491 1441 1553; x_wconf 89' lang='lat' dir='ltr'><strong>alterum</strong></span> <span class='ocrx_word' id='word_1_80' title='bbox 1468 1488 1632 1564; x_wconf 88' lang='lat' dir='ltr'><strong>fuit,</strong></span> <span class='ocrx_word' id='word_1_81' title='bbox 1664 1488 1853 1569; x_wconf 91' lang='lat' dir='ltr'><strong>quod</strong></span> <span class='ocrx_word' id='word_1_82' title='bbox 1894 1505 2057 1553; x_wconf 92' lang='lat' dir='ltr'><strong>cum</strong></span> <span class='ocrx_word' id='word_1_83' title='bbox 2085 1490 2345 1553; x_wconf 84' lang='lat' dir='ltr'><strong>civitas</strong></span> <span class='ocrx_word' id='word_1_84' title='bbox 2384 1487 2880 1569; x_wconf 88' lang='lat' dir='ltr'><strong>panormitana</strong></span> <span class='ocrx_word' id='word_1_85' title='bbox 2919 1502 3020 1548; x_wconf 88' lang='lat' dir='ltr'><strong>re-</strong></span> 
     </span>
     <span class='ocr_line' id='line_1_11' title="bbox 550 1592 3022 1676; baseline -0.001 -18"><span class='ocrx_word' id='word_1_86' title='bbox 550 1594 777 1659; x_wconf 89' lang='lat' dir='ltr'><strong>ditum</strong></span> <span class='ocrx_word' id='word_1_87' title='bbox 809 1596 1356 1676; x_wconf 89' lang='lat' dir='ltr'><strong>quingentorum</strong></span> <span class='ocrx_word' id='word_1_88' title='bbox 1388 1612 1769 1659; x_wconf 89' lang='lat' dir='ltr'><strong>aureorum</strong></span> <span class='ocrx_word' id='word_1_89' title='bbox 1799 1596 2104 1675; x_wconf 88' lang='lat' dir='ltr'><strong>collegio</strong></span> <span class='ocrx_word' id='word_1_90' title='bbox 2137 1596 2210 1658; x_wconf 90' lang='lat' dir='ltr'><strong>in</strong></span> <span class='ocrx_word' id='word_1_91' title='bbox 2241 1595 2470 1674; x_wconf 88' lang='lat' dir='ltr'><strong>prima</strong></span> <span class='ocrx_word' id='word_1_92' title='bbox 2499 1594 2722 1675; x_wconf 87' lang='lat' dir='ltr'><strong>ipsius</strong></span> <span class='ocrx_word' id='word_1_93' title='bbox 2751 1592 3022 1656; x_wconf 89' lang='lat' dir='ltr'><strong>institu-</strong></span> 
     </span>
     <span class='ocr_line' id='line_1_12' title="bbox 550 1700 3020 1783; baseline -0.001 -18"><span class='ocrx_word' id='word_1_94' title='bbox 550 1703 742 1766; x_wconf 86' lang='lat' dir='ltr'><strong>tione</strong></span> <span class='ocrx_word' id='word_1_95' title='bbox 792 1703 1251 1783; x_wconf 85' lang='lat' dir='ltr'><strong>applicasset,</strong></span> <span class='ocrx_word' id='word_1_96' title='bbox 1311 1702 1399 1765; x_wconf 89' lang='lat' dir='ltr'><strong>ab</strong></span> <span class='ocrx_word' id='word_1_97' title='bbox 1450 1703 1607 1783; x_wconf 90' lang='lat' dir='ltr'><strong>ipsa</strong></span> <span class='ocrx_word' id='word_1_98' title='bbox 1658 1712 1902 1766; x_wconf 87' lang='lat' dir='ltr'><strong>tamen</strong></span> <span class='ocrx_word' id='word_1_99' title='bbox 1951 1703 2245 1767; x_wconf 89' lang='lat' dir='ltr'><strong>civitate</strong></span> <span class='ocrx_word' id='word_1_100' title='bbox 2294 1718 2440 1765; x_wconf 90' lang='lat' dir='ltr'><strong>non</strong></span> <span class='ocrx_word' id='word_1_101' title='bbox 2490 1702 2644 1766; x_wconf 89' lang='lat' dir='ltr'><strong>sine</strong></span> <span class='ocrx_word' id='word_1_102' title='bbox 2696 1700 3020 1764; x_wconf 87' lang='lat' dir='ltr'><strong>molestia</strong></span> 
     </span>
     <span class='ocr_line' id='line_1_13' title="bbox 548 1807 3022 1889; baseline -0.001 -17"><span class='ocrx_word' id='word_1_103' title='bbox 548 1808 819 1873; x_wconf 87' lang='lat' dir='ltr'><strong>reditus</strong></span> <span class='ocrx_word' id='word_1_104' title='bbox 849 1818 1055 1873; x_wconf 87' lang='lat' dir='ltr'><strong>erant</strong></span> <span class='ocrx_word' id='word_1_105' title='bbox 1085 1807 1578 1889; x_wconf 88' lang='lat' dir='ltr'><strong>recuperandi.</strong></span> <span class='ocrx_word' id='word_1_106' title='bbox 1615 1809 1792 1873; x_wconf 89' lang='lat' dir='ltr'><strong>Cum</strong></span> <span class='ocrx_word' id='word_1_107' title='bbox 1822 1826 1998 1889; x_wconf 87' lang='lat' dir='ltr'><strong>ergo</strong></span> <span class='ocrx_word' id='word_1_108' title='bbox 2029 1809 2285 1873; x_wconf 84' lang='lat' dir='ltr'><strong>civitas</strong></span> <span class='ocrx_word' id='word_1_109' title='bbox 2328 1808 2828 1888; x_wconf 89' lang='lat' dir='ltr'><strong>panormitana</strong></span> <span class='ocrx_word' id='word_1_110' title='bbox 2860 1822 3022 1885; x_wconf 86' lang='lat' dir='ltr'><strong>age·</strong></span> 
     </span>
     <span class='ocr_line' id='line_1_14' title="bbox 552 1914 3020 1997; baseline -0.001 -19"><span class='ocrx_word' id='word_1_111' title='bbox 552 1926 663 1979; x_wconf 90' lang='lat' dir='ltr'><strong>ret</strong></span> <span class='ocrx_word' id='word_1_112' title='bbox 702 1916 788 1980; x_wconf 90' lang='lat' dir='ltr'><strong>de</strong></span> <span class='ocrx_word' id='word_1_113' title='bbox 828 1916 1164 1996; x_wconf 88' lang='lat' dir='ltr'><strong>vectigali</strong></span> <span class='ocrx_word' id='word_1_114' title='bbox 1208 1916 1516 1997; x_wconf 88' lang='lat' dir='ltr'><strong>quodam</strong></span> <span class='ocrx_word' id='word_1_115' title='bbox 1554 1917 1984 1997; x_wconf 89' lang='lat' dir='ltr'><strong>imponendo</strong></span> <span class='ocrx_word' id='word_1_116' title='bbox 2023 1926 2099 1980; x_wconf 92' lang='lat' dir='ltr'><strong>ut</strong></span> <span class='ocrx_word' id='word_1_117' title='bbox 2145 1934 2236 1981; x_wconf 86' lang='lat' dir='ltr'><strong>ex</strong></span> <span class='ocrx_word' id='word_1_118' title='bbox 2283 1915 2588 1996; x_wconf 88' lang='lat' dir='ltr'><strong>pecunia</strong></span> <span class='ocrx_word' id='word_1_119' title='bbox 2625 1914 2786 1977; x_wconf 90' lang='lat' dir='ltr'><strong>inde</strong></span> <span class='ocrx_word' id='word_1_120' title='bbox 2823 1930 3020 1977; x_wconf 89' lang='lat' dir='ltr'><strong>acce·</strong></span> 
     </span>
     <span class='ocr_line' id='line_1_15' title="bbox 554 2022 3020 2105; baseline -0.001 -21"><span class='ocrx_word' id='word_1_121' title='bbox 554 2031 677 2102; x_wconf 92' lang='lat' dir='ltr'><strong>pta</strong></span> <span class='ocrx_word' id='word_1_122' title='bbox 733 2023 1156 2102; x_wconf 88' lang='lat' dir='ltr'><strong>quibusdam</strong></span> <span class='ocrx_word' id='word_1_123' title='bbox 1214 2041 1288 2086; x_wconf 91' lang='lat' dir='ltr'><strong>se</strong></span> <span class='ocrx_word' id='word_1_124' title='bbox 1345 2024 1677 2087; x_wconf 88' lang='lat' dir='ltr'><strong>oneribus</strong></span> <span class='ocrx_word' id='word_1_125' title='bbox 1706 2073 1720 2100; x_wconf 95' lang='lat'><strong>,</strong></span> <span class='ocrx_word' id='word_1_126' title='bbox 1774 2024 2028 2104; x_wconf 89' lang='lat' dir='ltr'><strong>quibus</strong></span> <span class='ocrx_word' id='word_1_127' title='bbox 2079 2022 2572 2105; x_wconf 82' lang='lat' dir='ltr'><strong>premebatur,</strong></span> <span class='ocrx_word' id='word_1_128' title='bbox 2627 2037 3020 2085; x_wconf 82' lang='lat' dir='ltr'><strong>exonerare</strong></span> 
     </span>
     <span class='ocr_line' id='line_1_16' title="bbox 550 2128 3022 2212; baseline -0.001 -19"><span class='ocrx_word' id='word_1_129' title='bbox 550 2139 821 2210; x_wconf 57' lang='lat' dir='ltr'><strong>possen</strong></span> <span class='ocrx_word' id='word_1_130' title='bbox 850 2130 1153 2194; x_wconf 86' lang='lat' dir='ltr'><strong>Pro-rex</strong></span> <span class='ocrx_word' id='word_1_131' title='bbox 1174 2130 1272 2193; x_wconf 90' lang='lat' dir='ltr'><strong>ita</strong></span> <span class='ocrx_word' id='word_1_132' title='bbox 1298 2130 1817 2212; x_wconf 86' lang='lat' dir='ltr'><strong>impositionem</strong></span> <span class='ocrx_word' id='word_1_133' title='bbox 1839 2130 2032 2193; x_wconf 87' lang='lat' dir='ltr'><strong>illam</strong></span> <span class='ocrx_word' id='word_1_134' title='bbox 2056 2130 2432 2207; x_wconf 87' lang='lat' dir='ltr'><strong>concessit,</strong></span> <span class='ocrx_word' id='word_1_135' title='bbox 2458 2139 2535 2193; x_wconf 91' lang='lat' dir='ltr'><strong>ut</strong></span> <span class='ocrx_word' id='word_1_136' title='bbox 2564 2145 2657 2192; x_wconf 84' lang='lat' dir='ltr'><strong>ex</strong></span> <span class='ocrx_word' id='word_1_137' title='bbox 2679 2128 3022 2209; x_wconf 89' lang='lat' dir='ltr'><strong>pecuniae</strong></span> 
     </span>
     <span class='ocr_line' id='line_1_17' title="bbox 556 2235 3020 2318; baseline -0 -20"><span class='ocrx_word' id='word_1_138' title='bbox 556 2251 863 2315; x_wconf 90' lang='lat' dir='ltr'><strong>summa,</strong></span> <span class='ocrx_word' id='word_1_139' title='bbox 896 2253 1079 2318; x_wconf 89' lang='lat' dir='ltr'><strong>quae</strong></span> <span class='ocrx_word' id='word_1_140' title='bbox 1108 2255 1199 2301; x_wconf 85' lang='lat' dir='ltr'><strong>ex</strong></span> <span class='ocrx_word' id='word_1_141' title='bbox 1228 2237 1367 2300; x_wconf 90' lang='lat' dir='ltr'><strong>hoc</strong></span> <span class='ocrx_word' id='word_1_142' title='bbox 1396 2237 1737 2317; x_wconf 88' lang='lat' dir='ltr'><strong>vectigali</strong></span> <span class='ocrx_word' id='word_1_143' title='bbox 1765 2237 2242 2317; x_wconf 83' lang='lat' dir='ltr'><strong>colligeretur,</strong></span> <span class='ocrx_word' id='word_1_144' title='bbox 2290 2236 2561 2301; x_wconf 90' lang='lat' dir='ltr'><strong>reditus</strong></span> <span class='ocrx_word' id='word_1_145' title='bbox 2604 2235 3020 2316; x_wconf 87' lang='lat' dir='ltr'><strong>quingento-</strong></span> 
     </span>
     <span class='ocr_line' id='line_1_18' title="bbox 554 2342 3018 2424; baseline -0.001 -19"><span class='ocrx_word' id='word_1_146' title='bbox 554 2360 713 2407; x_wconf 87' lang='lat' dir='ltr'><strong>rum</strong></span> <span class='ocrx_word' id='word_1_147' title='bbox 770 2353 1133 2408; x_wconf 88' lang='lat' dir='ltr'><strong>scutorum</strong></span> <span class='ocrx_word' id='word_1_148' title='bbox 1189 2344 1369 2409; x_wconf 88' lang='lat' dir='ltr'><strong>certi</strong></span> <span class='ocrx_word' id='word_1_149' title='bbox 1424 2344 1739 2424; x_wconf 87' lang='lat' dir='ltr'><strong>Collegio</strong></span> <span class='ocrx_word' id='word_1_150' title='bbox 1794 2354 2042 2407; x_wconf 88' lang='lat' dir='ltr'><strong>nostro</strong></span> <span class='ocrx_word' id='word_1_151' title='bbox 2107 2352 2538 2420; x_wconf 86' lang='lat' dir='ltr'><strong>emerentur,</strong></span> <span class='ocrx_word' id='word_1_152' title='bbox 2603 2351 2680 2406; x_wconf 92' lang='lat' dir='ltr'><strong>ut</strong></span> <span class='ocrx_word' id='word_1_153' title='bbox 2735 2342 3018 2405; x_wconf 85' lang='lat' dir='ltr'><strong>exactio</strong></span> 
     </span>
     <span class='ocr_line' id='line_1_19' title="bbox 554 2450 3020 2532; baseline -0.001 -19"><span class='ocrx_word' id='word_1_154' title='bbox 554 2466 804 2514; x_wconf 89' lang='lat' dir='ltr'><strong>eorum</strong></span> <span class='ocrx_word' id='word_1_155' title='bbox 826 2468 967 2515; x_wconf 90' lang='lat' dir='ltr'><strong>non</strong></span> <span class='ocrx_word' id='word_1_156' title='bbox 994 2452 1297 2531; x_wconf 88' lang='lat' dir='ltr'><strong>amplius</strong></span> <span class='ocrx_word' id='word_1_157' title='bbox 1321 2469 1412 2515; x_wconf 83' lang='lat' dir='ltr'><strong>ex</strong></span> <span class='ocrx_word' id='word_1_158' title='bbox 1436 2452 1729 2515; x_wconf 90' lang='lat' dir='ltr'><strong>arbitrio</strong></span> <span class='ocrx_word' id='word_1_159' title='bbox 1754 2452 2092 2529; x_wconf 82' lang='lat' dir='ltr'><strong>civitatiS,</strong></span> <span class='ocrx_word' id='word_1_160' title='bbox 2120 2452 2246 2515; x_wconf 90' lang='lat' dir='ltr'><strong>sed</strong></span> <span class='ocrx_word' id='word_1_161' title='bbox 2261 2451 2484 2532; x_wconf 89' lang='lat' dir='ltr'><strong>ipsius</strong></span> <span class='ocrx_word' id='word_1_162' title='bbox 2506 2450 2826 2530; x_wconf 89' lang='lat' dir='ltr'><strong>Collegii,</strong></span> <span class='ocrx_word' id='word_1_163' title='bbox 2856 2466 3020 2529; x_wconf 90' lang='lat' dir='ltr'><strong>pen·</strong></span> 
     </span>
     <span class='ocr_line' id='line_1_20' title="bbox 559 2556 3022 2637; baseline 0 -18"><span class='ocrx_word' id='word_1_164' title='bbox 559 2557 787 2637; x_wconf 88' lang='lat' dir='ltr'><strong>deret;</strong></span> <span class='ocrx_word' id='word_1_165' title='bbox 821 2566 891 2621; x_wconf 90' lang='lat' dir='ltr'><strong>et</strong></span> <span class='ocrx_word' id='word_1_166' title='bbox 926 2556 1364 2622; x_wconf 86' lang='lat' dir='ltr'><strong>tantumdem</strong></span> <span class='ocrx_word' id='word_1_167' title='bbox 1404 2558 1778 2622; x_wconf 88' lang='lat' dir='ltr'><strong>Messanae</strong></span> <span class='ocrx_word' id='word_1_168' title='bbox 1818 2558 2211 2621; x_wconf 91' lang='lat' dir='ltr'><strong>curandum</strong></span> <span class='ocrx_word' id='word_1_169' title='bbox 2254 2556 2693 2621; x_wconf 86' lang='lat' dir='ltr'><strong>Provinciali</strong></span> <span class='ocrx_word' id='word_1_170' title='bbox 2734 2556 3022 2620; x_wconf 88' lang='lat' dir='ltr'><strong>videba-</strong></span> 
     </span>
     <span class='ocr_line' id='line_1_21' title="bbox 558 2664 3017 2746; baseline -0 -20"><span class='ocrx_word' id='word_1_171' title='bbox 558 2675 696 2727; x_wconf 91' lang='lat' dir='ltr'><strong>tur.</strong></span> <span class='ocrx_word' id='word_1_172' title='bbox 758 2664 1081 2729; x_wconf 90' lang='lat' dir='ltr'><strong>Alterum</strong></span> <span class='ocrx_word' id='word_1_173' title='bbox 1131 2664 1261 2729; x_wconf 90' lang='lat' dir='ltr'><strong>fuit</strong></span> <span class='ocrx_word' id='word_1_174' title='bbox 1310 2666 1500 2746; x_wconf 92' lang='lat' dir='ltr'><strong>quod</strong></span> <span class='ocrx_word' id='word_1_175' title='bbox 1557 2666 2013 2746; x_wconf 86' lang='lat' dir='ltr'><strong>privilegium</strong></span> <span class='ocrx_word' id='word_1_176' title='bbox 2069 2664 2428 2745; x_wconf 87' lang='lat' dir='ltr'><strong>quoddam</strong></span> <span class='ocrx_word' id='word_1_177' title='bbox 2481 2664 2850 2727; x_wconf 87' lang='lat' dir='ltr'><strong>inventum</strong></span> <span class='ocrx_word' id='word_1_178' title='bbox 2908 2672 3017 2726; x_wconf 89' lang='lat' dir='ltr'><strong>est</strong></span> 
     </span>
     <span class='ocr_line' id='line_1_22' title="bbox 540 2770 3016 2853; baseline -0 -19"><span class='ocrx_word' id='word_1_179' title='bbox 540 2772 881 2835; x_wconf 74' lang='lat' dir='ltr'><strong>abbatiae</strong></span> <span class='ocrx_word' id='word_1_180' title='bbox 902 2822 917 2851; x_wconf 96' lang='lat'><strong>,</strong></span> <span class='ocrx_word' id='word_1_181' title='bbox 951 2790 1133 2853; x_wconf 88' lang='lat' dir='ltr'><strong>quae</strong></span> <span class='ocrx_word' id='word_1_182' title='bbox 1166 2772 1487 2853; x_wconf 90' lang='lat' dir='ltr'><strong>Collegio</strong></span> <span class='ocrx_word' id='word_1_183' title='bbox 1516 2772 2026 2837; x_wconf 89' lang='lat' dir='ltr'><strong>Panormitano</strong></span> <span class='ocrx_word' id='word_1_184' title='bbox 2057 2773 2252 2835; x_wconf 90' lang='lat' dir='ltr'><strong>unita</strong></span> <span class='ocrx_word' id='word_1_185' title='bbox 2292 2770 2560 2851; x_wconf 88' lang='lat' dir='ltr'><strong>fuerat,</strong></span> <span class='ocrx_word' id='word_1_186' title='bbox 2594 2770 3016 2834; x_wconf 86' lang='lat' dir='ltr'><strong>extrahendi</strong></span> 
     </span>
     <span class='ocr_line' id='line_1_23' title="bbox 550 2876 3014 2959; baseline -0 -18"><span class='ocrx_word' id='word_1_187' title='bbox 550 2896 641 2941; x_wconf 85' lang='lat' dir='ltr'><strong>ex</strong></span> <span class='ocrx_word' id='word_1_188' title='bbox 670 2895 894 2957; x_wconf 87' lang='lat' dir='ltr'><strong>regno</strong></span> <span class='ocrx_word' id='word_1_189' title='bbox 924 2876 1209 2943; x_wconf 88' lang='lat' dir='ltr'><strong>Siciliae</strong></span> <span class='ocrx_word' id='word_1_190' title='bbox 1234 2879 1534 2959; x_wconf 90' lang='lat' dir='ltr'><strong>singulis</strong></span> <span class='ocrx_word' id='word_1_191' title='bbox 1556 2880 1765 2943; x_wconf 89' lang='lat' dir='ltr'><strong>annis</strong></span> <span class='ocrx_word' id='word_1_192' title='bbox 1788 2888 2144 2943; x_wconf 90' lang='lat' dir='ltr'><strong>trecentos</strong></span> <span class='ocrx_word' id='word_1_193' title='bbox 2167 2879 2442 2942; x_wconf 84' lang='lat' dir='ltr'><strong>modios</strong></span> <span class='ocrx_word' id='word_1_194' title='bbox 2466 2877 2800 2941; x_wconf 86' lang='lat' dir='ltr'><strong>frumen-ti</strong></span> <span class='ocrx_word' id='word_1_195' title='bbox 2829 2876 2991 2955; x_wconf 85' lang='lat' dir='ltr'><strong>(Sal</strong></span> <span class='ocrx_word' id='word_1_196' title='bbox 2997 2912 3014 2922; x_wconf 94' lang='lat'>-</span> 
     </span>
     <span class='ocr_line' id='line_1_24' title="bbox 539 2984 3019 3068; baseline 0 -22"><span class='ocrx_word' id='word_1_197' title='bbox 539 3002 711 3047; x_wconf 86' lang='lat' dir='ltr'><strong>mas</strong></span> <span class='ocrx_word' id='word_1_198' title='bbox 740 2994 1007 3049; x_wconf 85' lang='lat' dir='ltr'><strong>vocant</strong></span> <span class='ocrx_word' id='word_1_199' title='bbox 1040 2984 1091 3065; x_wconf 86' lang='lat'><strong>¹)</strong></span> <span class='ocrx_word' id='word_1_200' title='bbox 1124 2995 1192 3050; x_wconf 92' lang='lat' dir='ltr'><strong>et</strong></span> <span class='ocrx_word' id='word_1_201' title='bbox 1230 2986 1514 3068; x_wconf 89' lang='lat' dir='ltr'><strong>quidem</strong></span> <span class='ocrx_word' id='word_1_202' title='bbox 1551 2987 1625 3050; x_wconf 94' lang='lat' dir='ltr'><strong>in</strong></span> <span class='ocrx_word' id='word_1_203' title='bbox 1662 2986 1951 3067; x_wconf 91' lang='lat' dir='ltr'><strong>proprio</strong></span> <span class='ocrx_word' id='word_1_204' title='bbox 1981 2986 2303 3066; x_wconf 90' lang='lat' dir='ltr'><strong>navigi0,</strong></span> <span class='ocrx_word' id='word_1_205' title='bbox 2337 2984 2525 3066; x_wconf 90' lang='lat' dir='ltr'><strong>quod</strong></span> <span class='ocrx_word' id='word_1_206' title='bbox 2565 2985 3019 3065; x_wconf 86' lang='lat' dir='ltr'><strong>privilegium</strong></span> 
     </span>
     <span class='ocr_line' id='line_1_25' title="bbox 550 3092 3021 3172; baseline 0 -18"><span class='ocrx_word' id='word_1_207' title='bbox 550 3109 763 3172; x_wconf 86' lang='lat' dir='ltr'><strong>super</strong></span> <span class='ocrx_word' id='word_1_208' title='bbox 802 3102 1160 3157; x_wconf 91' lang='lat' dir='ltr'><strong>trecentos</strong></span> <span class='ocrx_word' id='word_1_209' title='bbox 1206 3110 1464 3157; x_wconf 90' lang='lat' dir='ltr'><strong>aureos</strong></span> <span class='ocrx_word' id='word_1_210' title='bbox 1492 3094 1712 3157; x_wconf 90' lang='lat' dir='ltr'><strong>annui</strong></span> <span class='ocrx_word' id='word_1_211' title='bbox 1755 3094 2026 3157; x_wconf 87' lang='lat' dir='ltr'><strong>reditus</strong></span> <span class='ocrx_word' id='word_1_212' title='bbox 2069 3093 2406 3157; x_wconf 85' lang='lat' dir='ltr'><strong>addebat:</strong></span> <span class='ocrx_word' id='word_1_213' title='bbox 2450 3092 2747 3156; x_wconf 82' lang='lat' dir='ltr'><strong>Pro-rex</strong></span> <span class='ocrx_word' id='word_1_214' title='bbox 2784 3102 3021 3155; x_wconf 88' lang='lat' dir='ltr'><strong>autem</strong></span> 
     </span>
     <span class='ocr_line' id='line_1_26' title="bbox 548 3198 3022 3280; baseline 0 -19"><span class='ocrx_word' id='word_1_215' title='bbox 548 3198 774 3262; x_wconf 86' lang='lat' dir='ltr'><strong>voluit</strong></span> <span class='ocrx_word' id='word_1_216' title='bbox 812 3198 1054 3262; x_wconf 88' lang='lat' dir='ltr'><strong>curiae</strong></span> <span class='ocrx_word' id='word_1_217' title='bbox 1104 3200 1349 3279; x_wconf 85' lang='lat' dir='ltr'><strong>regiae</strong></span> <span class='ocrx_word' id='word_1_218' title='bbox 1403 3200 1853 3280; x_wconf 90' lang='lat' dir='ltr'><strong>privilegium</strong></span> <span class='ocrx_word' id='word_1_219' title='bbox 1892 3200 2367 3279; x_wconf 87' lang='lat' dir='ltr'><strong>praesentari,</strong></span> <span class='ocrx_word' id='word_1_220' title='bbox 2416 3211 2494 3263; x_wconf 89' lang='lat' dir='ltr'><strong>ut</strong></span> <span class='ocrx_word' id='word_1_221' title='bbox 2529 3199 3022 3262; x_wconf 89' lang='lat' dir='ltr'><strong>declararetur</strong></span> 
     </span>
     <span class='ocr_line' id='line_1_27' title="bbox 550 3306 1432 3371; baseline -0.001 -3"><span class='ocrx_word' id='word_1_222' title='bbox 550 3323 644 3369; x_wconf 89' lang='lat' dir='ltr'><strong>an</strong></span> <span class='ocrx_word' id='word_1_223' title='bbox 674 3306 843 3369; x_wconf 89' lang='lat' dir='ltr'><strong>illud</strong></span> <span class='ocrx_word' id='word_1_224' title='bbox 874 3306 1191 3371; x_wconf 90' lang='lat' dir='ltr'><strong>validum</strong></span> <span class='ocrx_word' id='word_1_225' title='bbox 1222 3317 1432 3371; x_wconf 88' lang='lat' dir='ltr'><strong>esset.</strong></span> 
     </span>
    </p>

    <p class='ocr_par' dir='ltr' id='par_1_4' title="bbox 536 3411 3024 4240">
     <span class='ocr_line' id='line_1_28' title="bbox 667 3411 3022 3493; baseline -0 -18"><span class='ocrx_word' id='word_1_226' title='bbox 667 3412 809 3477; x_wconf 82' lang='lat'><strong>486.</strong></span> <span class='ocrx_word' id='word_1_227' title='bbox 902 3413 1295 3477; x_wconf 91' lang='lat' dir='ltr'><strong>Publicatio</strong></span> <span class='ocrx_word' id='word_1_228' title='bbox 1336 3414 1734 3477; x_wconf 90' lang='lat' dir='ltr'><strong>edictorum</strong></span> <span class='ocrx_word' id='word_1_229' title='bbox 1782 3414 2146 3493; x_wconf 85' lang='lat' dir='ltr'><strong>Pro-regis</strong></span> <span class='ocrx_word' id='word_1_230' title='bbox 2186 3413 2519 3477; x_wconf 90' lang='lat' dir='ltr'><strong>Panormi</strong></span> <span class='ocrx_word' id='word_1_231' title='bbox 2559 3414 2774 3476; x_wconf 87' lang='lat' dir='ltr'><strong>etiam</strong></span> <span class='ocrx_word' id='word_1_232' title='bbox 2830 3411 3022 3475; x_wconf 89' lang='lat' dir='ltr'><strong>facta</strong></span> 
     </span>
     <span class='ocr_line' id='line_1_29' title="bbox 544 3520 3024 3601; baseline -0.001 -18"><span class='ocrx_word' id='word_1_233' title='bbox 544 3520 677 3583; x_wconf 89' lang='lat' dir='ltr'><strong>fuit</strong></span> <span class='ocrx_word' id='word_1_234' title='bbox 698 3568 713 3599; x_wconf 94' lang='lat'><strong>,</strong></span> <span class='ocrx_word' id='word_1_235' title='bbox 746 3520 929 3584; x_wconf 90' lang='lat' dir='ltr'><strong>sicut</strong></span> <span class='ocrx_word' id='word_1_236' title='bbox 958 3532 1028 3583; x_wconf 90' lang='lat' dir='ltr'><strong>et</strong></span> <span class='ocrx_word' id='word_1_237' title='bbox 1061 3520 1133 3584; x_wconf 92' lang='lat' dir='ltr'><strong>in</strong></span> <span class='ocrx_word' id='word_1_238' title='bbox 1164 3520 1323 3585; x_wconf 89' lang='lat' dir='ltr'><strong>aliis</strong></span> <span class='ocrx_word' id='word_1_239' title='bbox 1354 3522 1561 3601; x_wconf 90' lang='lat' dir='ltr'><strong>regni</strong></span> <span class='ocrx_word' id='word_1_240' title='bbox 1589 3522 1797 3600; x_wconf 79' lang='lat' dir='ltr'><strong>lociS,</strong></span> <span class='ocrx_word' id='word_1_241' title='bbox 1834 3531 1905 3584; x_wconf 93' lang='lat' dir='ltr'><strong>et</strong></span> <span class='ocrx_word' id='word_1_242' title='bbox 1934 3521 2130 3584; x_wconf 90' lang='lat' dir='ltr'><strong>dictu</strong></span> <span class='ocrx_word' id='word_1_243' title='bbox 2159 3520 2416 3584; x_wconf 88' lang='lat' dir='ltr'><strong>mirum</strong></span> <span class='ocrx_word' id='word_1_244' title='bbox 2447 3529 2555 3584; x_wconf 90' lang='lat' dir='ltr'><strong>est</strong></span> <span class='ocrx_word' id='word_1_245' title='bbox 2583 3529 2891 3601; x_wconf 88' lang='lat' dir='ltr'><strong>quantus</strong></span> <span class='ocrx_word' id='word_1_246' title='bbox 2931 3520 3024 3583; x_wconf 88' lang='lat' dir='ltr'><strong>sit</strong></span> 
     </span>
     <span class='ocr_line' id='line_1_30' title="bbox 548 3626 3021 3709; baseline 0 -20"><span class='ocrx_word' id='word_1_247' title='bbox 548 3626 711 3690; x_wconf 92' lang='lat' dir='ltr'><strong>inde</strong></span> <span class='ocrx_word' id='word_1_248' title='bbox 742 3626 1015 3691; x_wconf 88' lang='lat' dir='ltr'><strong>fructus</strong></span> <span class='ocrx_word' id='word_1_249' title='bbox 1047 3628 1439 3709; x_wconf 88' lang='lat' dir='ltr'><strong>spiritualis</strong></span> <span class='ocrx_word' id='word_1_250' title='bbox 1470 3638 1985 3709; x_wconf 84' lang='lat' dir='ltr'><strong>consequutuS,</strong></span> <span class='ocrx_word' id='word_1_251' title='bbox 2030 3627 2297 3692; x_wconf 89' lang='lat' dir='ltr'><strong>relictis</strong></span> <span class='ocrx_word' id='word_1_252' title='bbox 2336 3627 2752 3691; x_wconf 88' lang='lat' dir='ltr'><strong>concubinis</strong></span> <span class='ocrx_word' id='word_1_253' title='bbox 2790 3636 2914 3690; x_wconf 90' lang='lat' dir='ltr'><strong>aut</strong></span> <span class='ocrx_word' id='word_1_254' title='bbox 2951 3626 3021 3689; x_wconf 93' lang='lat' dir='ltr'><strong>in</strong></span> 
     </span>
     <span class='ocr_line' id='line_1_31' title="bbox 549 3732 3022 3817; baseline -0.001 -20"><span class='ocrx_word' id='word_1_255' title='bbox 549 3751 847 3798; x_wconf 85' lang='lat' dir='ltr'><strong>uxorem</strong></span> <span class='ocrx_word' id='word_1_256' title='bbox 886 3735 1141 3815; x_wconf 81' lang='lat' dir='ltr'><strong>ductiS,</strong></span> <span class='ocrx_word' id='word_1_257' title='bbox 1183 3747 1253 3799; x_wconf 91' lang='lat' dir='ltr'><strong>et</strong></span> <span class='ocrx_word' id='word_1_258' title='bbox 1294 3734 1452 3799; x_wconf 89' lang='lat' dir='ltr'><strong>aliis</strong></span> <span class='ocrx_word' id='word_1_259' title='bbox 1492 3736 1732 3800; x_wconf 91' lang='lat' dir='ltr'><strong>multis</strong></span> <span class='ocrx_word' id='word_1_260' title='bbox 1776 3735 2093 3817; x_wconf 89' lang='lat' dir='ltr'><strong>peccatis</strong></span> <span class='ocrx_word' id='word_1_261' title='bbox 2143 3735 2445 3816; x_wconf 87' lang='lat' dir='ltr'><strong>publicis</strong></span> <span class='ocrx_word' id='word_1_262' title='bbox 2485 3734 2771 3797; x_wconf 82' lang='lat' dir='ltr'><strong>relictiS.</strong></span> <span class='ocrx_word' id='word_1_263' title='bbox 2809 3732 3022 3797; x_wconf 90' lang='lat' dir='ltr'><strong>Pater</strong></span> 
     </span>
     <span class='ocr_line' id='line_1_32' title="bbox 549 3840 3022 3923; baseline -0 -19"><span class='ocrx_word' id='word_1_264' title='bbox 549 3851 788 3905; x_wconf 89' lang='lat' dir='ltr'><strong>autem</strong></span> <span class='ocrx_word' id='word_1_265' title='bbox 818 3840 1321 3923; x_wconf 82' lang='lat' dir='ltr'><strong>HieronymuS,</strong></span> <span class='ocrx_word' id='word_1_266' title='bbox 1356 3842 1475 3923; x_wconf 92' lang='lat' dir='ltr'><strong>qui</strong></span> <span class='ocrx_word' id='word_1_267' title='bbox 1499 3843 1635 3906; x_wconf 91' lang='lat' dir='ltr'><strong>hoc</strong></span> <span class='ocrx_word' id='word_1_268' title='bbox 1661 3842 1988 3921; x_wconf 87' lang='lat' dir='ltr'><strong>Pro-regi</strong></span> <span class='ocrx_word' id='word_1_269' title='bbox 2014 3850 2497 3923; x_wconf 83' lang='lat' dir='ltr'><strong>suggesserat,</strong></span> <span class='ocrx_word' id='word_1_270' title='bbox 2531 3843 2622 3905; x_wconf 90' lang='lat' dir='ltr'><strong>ab</strong></span> <span class='ocrx_word' id='word_1_271' title='bbox 2645 3840 2894 3905; x_wconf 88' lang='lat' dir='ltr'><strong>eodem</strong></span> <span class='ocrx_word' id='word_1_272' title='bbox 2914 3841 3022 3904; x_wconf 88' lang='lat' dir='ltr'><strong>lit·</strong></span> 
     </span>
     <span class='ocr_line' id='line_1_33' title="bbox 536 3948 3023 4029; baseline -0 -18"><span class='ocrx_word' id='word_1_273' title='bbox 536 3956 739 4012; x_wconf 82' lang='lat' dir='ltr'><strong>teras</strong></span> <span class='ocrx_word' id='word_1_274' title='bbox 770 3948 861 4012; x_wconf 90' lang='lat' dir='ltr'><strong>ad</strong></span> <span class='ocrx_word' id='word_1_275' title='bbox 893 3949 1428 4013; x_wconf 87' lang='lat' dir='ltr'><strong>Gubernatores</strong></span> <span class='ocrx_word' id='word_1_276' title='bbox 1468 3950 1748 4013; x_wconf 90' lang='lat' dir='ltr'><strong>urbium</strong></span> <span class='ocrx_word' id='word_1_277' title='bbox 1791 3962 1860 4013; x_wconf 89' lang='lat' dir='ltr'><strong>et</strong></span> <span class='ocrx_word' id='word_1_278' title='bbox 1904 3951 2229 4013; x_wconf 90' lang='lat' dir='ltr'><strong>locorum</strong></span> <span class='ocrx_word' id='word_1_279' title='bbox 2270 3948 2717 4029; x_wconf 85' lang='lat' dir='ltr'><strong>procuravit,</strong></span> <span class='ocrx_word' id='word_1_280' title='bbox 2766 3957 2835 4011; x_wconf 94' lang='lat' dir='ltr'><strong>et</strong></span> <span class='ocrx_word' id='word_1_281' title='bbox 2875 3957 3023 4011; x_wconf 89' lang='lat' dir='ltr'><strong>tam</strong></span> 
     </span>
     <span class='ocr_line' id='line_1_34' title="bbox 546 4054 3020 4137; baseline -0 -19"><span class='ocrx_word' id='word_1_282' title='bbox 546 4054 903 4119; x_wconf 86' lang='lat' dir='ltr'><strong>animatus</strong></span> <span class='ocrx_word' id='word_1_283' title='bbox 934 4065 1087 4118; x_wconf 89' lang='lat' dir='ltr'><strong>erat</strong></span> <span class='ocrx_word' id='word_1_284' title='bbox 1117 4055 1417 4119; x_wconf 85' lang='lat' dir='ltr'><strong>Pro-rex</strong></span> <span class='ocrx_word' id='word_1_285' title='bbox 1449 4056 1539 4119; x_wconf 92' lang='lat' dir='ltr'><strong>ad</strong></span> <span class='ocrx_word' id='word_1_286' title='bbox 1568 4056 2145 4137; x_wconf 89' lang='lat' dir='ltr'><strong>prosequendum</strong></span> <span class='ocrx_word' id='word_1_287' title='bbox 2173 4056 2307 4119; x_wconf 91' lang='lat' dir='ltr'><strong>hoc</strong></span> <span class='ocrx_word' id='word_1_288' title='bbox 2337 4072 2516 4136; x_wconf 88' lang='lat' dir='ltr'><strong>opus</strong></span> <span class='ocrx_word' id='word_1_289' title='bbox 2545 4054 2758 4135; x_wconf 90' lang='lat' dir='ltr'><strong>pium,</strong></span> <span class='ocrx_word' id='word_1_290' title='bbox 2787 4064 2860 4118; x_wconf 91' lang='lat' dir='ltr'><strong>ut</strong></span> <span class='ocrx_word' id='word_1_291' title='bbox 2885 4056 3020 4117; x_wconf 90' lang='lat' dir='ltr'><strong>sin-</strong></span> 
     </span>
     <span class='ocr_line' id='line_1_35' title="bbox 548 4162 1936 4240; baseline 0.001 -16"><span class='ocrx_word' id='word_1_292' title='bbox 548 4162 737 4240; x_wconf 88' lang='lat' dir='ltr'><strong>gulis</strong></span> <span class='ocrx_word' id='word_1_293' title='bbox 766 4163 973 4226; x_wconf 89' lang='lat' dir='ltr'><strong>annis</strong></span> <span class='ocrx_word' id='word_1_294' title='bbox 1004 4162 1237 4226; x_wconf 90' lang='lat' dir='ltr'><strong>edicta</strong></span> <span class='ocrx_word' id='word_1_295' title='bbox 1269 4179 1619 4226; x_wconf 89' lang='lat' dir='ltr'><strong>renovare</strong></span> <span class='ocrx_word' id='word_1_296' title='bbox 1650 4164 1861 4226; x_wconf 87' lang='lat' dir='ltr'><strong>vellet</strong></span> <span class='ocrx_word' id='word_1_297' title='bbox 1892 4162 1936 4225; x_wconf 81' lang='lat'><strong>².</strong></span> 
     </span>
    </p>
   </div>
   <div class='ocr_carea' id='block_1_3' title="bbox 560 4340 980 4349">
    <p class='ocr_par' dir='ltr' id='par_1_5' title="bbox 560 4340 980 4349">
     <span class='ocr_line' id='line_1_36' title="bbox 560 4340 980 4349; baseline 0 1043"><span class='ocrx_word' id='word_1_298' title='bbox 560 4340 980 4349; x_wconf 95' lang='lat' dir='ltr'><strong> </strong></span> 
     </span>
    </p>
   </div>
   <div class='ocr_carea' id='block_1_4' title="bbox 542 4439 3022 4785">
    <p class='ocr_par' dir='ltr' id='par_1_6' title="bbox 632 4439 2209 4495">
     <span class='ocr_line' id='line_1_37' title="bbox 632 4439 2209 4495; baseline 0.001 -13"><span class='ocrx_word' id='word_1_299' title='bbox 632 4441 647 4471; x_wconf 75' lang='grc' dir='ltr'>Ι</span> <span class='ocrx_word' id='word_1_300' title='bbox 710 4440 841 4484; x_wconf 82' lang='lat' dir='ltr'><strong>Vide</strong></span> <span class='ocrx_word' id='word_1_301' title='bbox 866 4439 1057 4483; x_wconf 72' lang='lat' dir='ltr'><strong>Canas</strong></span> <span class='ocrx_word' id='word_1_302' title='bbox 1076 4440 1143 4485; x_wconf 78' lang='lat' dir='ltr'><strong>de</strong></span> <span class='ocrx_word' id='word_1_303' title='bbox 1164 4440 1275 4483; x_wconf 83' lang='lat' dir='ltr'><strong>San</strong></span> <span class='ocrx_word' id='word_1_304' title='bbox 1296 4440 1535 4494; x_wconf 71' lang='lat' dir='ltr'><strong>Ignacto,</strong></span> <span class='ocrx_word' id='word_1_305' title='bbox 1555 4448 1591 4485; x_wconf 85' lang='lat' dir='ltr'><strong>t.</strong></span> <span class='ocrx_word' id='word_1_306' title='bbox 1617 4452 1689 4493; x_wconf 77' lang='lat' dir='ltr'><strong>vt,</strong></span> <span class='ocrx_word' id='word_1_307' title='bbox 1710 4452 1831 4495; x_wconf 74' lang='lat' dir='ltr'><strong>pag.</strong></span> <span class='ocrx_word' id='word_1_308' title='bbox 1851 4440 1949 4493; x_wconf 67' lang='lat'><strong>346,</strong></span> <span class='ocrx_word' id='word_1_309' title='bbox 1967 4448 2144 4485; x_wconf 79' lang='lat' dir='ltr'><strong>annot.</strong></span> <span class='ocrx_word' id='word_1_310' title='bbox 2167 4444 2209 4484; x_wconf 93' lang='lat'><strong>7.</strong></span> 
     </span>
    </p>

    <p class='ocr_par' dir='ltr' id='par_1_7' title="bbox 542 4510 3022 4785">
     <span class='ocr_line' id='line_1_38' title="bbox 628 4510 3021 4567; baseline 0.002 -12"><span class='ocrx_word' id='word_1_311' title='bbox 628 4510 651 4542; x_wconf 75' lang='lat'>⁸</span> <span class='ocrx_word' id='word_1_312' title='bbox 708 4512 919 4556; x_wconf 78' lang='lat' dir='ltr'><strong>“Dauno</strong></span> <span class='ocrx_word' id='word_1_313' title='bbox 938 4512 1120 4565; x_wconf 79' lang='lat' dir='ltr'><strong>grand·</strong></span> <span class='ocrx_word' id='word_1_314' title='bbox 1140 4512 1410 4556; x_wconf 72' lang='lat' dir='ltr'><strong>occasione</strong></span> <span class='ocrx_word' id='word_1_315' title='bbox 1432 4512 1481 4555; x_wconf 82' lang='lat' dir='ltr'><strong>di</strong></span> <span class='ocrx_word' id='word_1_316' title='bbox 1502 4514 1792 4567; x_wconf 75' lang='lat' dir='ltr'><strong>ringratiar</strong></span> <span class='ocrx_word' id='word_1_317' title='bbox 1812 4512 1957 4557; x_wconf 82' lang='lat' dir='ltr'><strong>Iddio</strong></span> <span class='ocrx_word' id='word_1_318' title='bbox 1979 4514 2015 4556; x_wconf 82' lang='lat' dir='ltr'><strong>li</strong></span> <span class='ocrx_word' id='word_1_319' title='bbox 2038 4514 2190 4559; x_wconf 82' lang='lat' dir='ltr'><strong>buoni</strong></span> <span class='ocrx_word' id='word_1_320' title='bbox 2211 4514 2378 4558; x_wconf 82' lang='lat' dir='ltr'><strong>ordini</strong></span> <span class='ocrx_word' id='word_1_321' title='bbox 2400 4514 2496 4558; x_wconf 86' lang='lat' dir='ltr'><strong>che</strong></span> <span class='ocrx_word' id='word_1_322' title='bbox 2509 4524 2605 4558; x_wconf 73' lang='lat' dir='ltr'><strong>sun</strong></span> <span class='ocrx_word' id='word_1_323' title='bbox 2619 4512 2931 4559; x_wconf 75' lang='lat' dir='ltr'><strong>Eccellenza</strong></span> <span class='ocrx_word' id='word_1_324' title='bbox 2951 4515 3021 4559; x_wconf 74' lang='lat' dir='ltr'><strong>ha</strong></span> 
     </span>
     <span class='ocr_line' id='line_1_39' title="bbox 542 4580 3022 4639; baseline 0.001 -14"><span class='ocrx_word' id='word_1_325' title='bbox 542 4582 672 4626; x_wconf 69' lang='lat' dir='ltr'><strong>dato</strong></span> <span class='ocrx_word' id='word_1_326' title='bbox 692 4584 775 4627; x_wconf 83' lang='lat' dir='ltr'><strong>nel</strong></span> <span class='ocrx_word' id='word_1_327' title='bbox 798 4580 976 4637; x_wconf 73' lang='lat' dir='ltr'><strong>Regno</strong></span> <span class='ocrx_word' id='word_1_328' title='bbox 997 4583 1046 4627; x_wconf 80' lang='lat' dir='ltr'><strong>di</strong></span> <span class='ocrx_word' id='word_1_329' title='bbox 1069 4580 1265 4627; x_wconf 72' lang='lat' dir='ltr'><strong>Sicilia.</strong></span> <span class='ocrx_word' id='word_1_330' title='bbox 1290 4583 1387 4628; x_wconf 86' lang='lat' dir='ltr'><strong>Dio</strong></span> <span class='ocrx_word' id='word_1_331' title='bbox 1407 4584 1601 4628; x_wconf 80' lang='lat' dir='ltr'><strong>volessi</strong></span> <span class='ocrx_word' id='word_1_332' title='bbox 1623 4584 1719 4627; x_wconf 84' lang='lat' dir='ltr'><strong>che</strong></span> <span class='ocrx_word' id='word_1_333' title='bbox 1739 4584 1886 4628; x_wconf 83' lang='lat' dir='ltr'><strong>molti</strong></span> <span class='ocrx_word' id='word_1_334' title='bbox 1909 4584 1960 4628; x_wconf 84' lang='lat' dir='ltr'><strong>di</strong></span> <span class='ocrx_word' id='word_1_335' title='bbox 1981 4584 2138 4639; x_wconf 83' lang='lat' dir='ltr'><strong>quelli</strong></span> <span class='ocrx_word' id='word_1_336' title='bbox 2171 4586 2266 4629; x_wconf 86' lang='lat' dir='ltr'><strong>che</strong></span> <span class='ocrx_word' id='word_1_337' title='bbox 2302 4596 2604 4639; x_wconf 78' lang='lat' dir='ltr'><strong>governano</strong></span> <span class='ocrx_word' id='word_1_338' title='bbox 2633 4585 2922 4629; x_wconf 65' lang='lat' dir='ltr'><strong>imitansino</strong></span> <span class='ocrx_word' id='word_1_339' title='bbox 2943 4586 3022 4629; x_wconf 82' lang='lat' dir='ltr'><strong>tal</strong></span> 
     </span>
     <span class='ocr_line' id='line_1_40' title="bbox 543 4654 3020 4712; baseline 0.001 -15"><span class='ocrx_word' id='word_1_340' title='bbox 543 4655 658 4698; x_wconf 80' lang='lat' dir='ltr'><strong>zelo</strong></span> <span class='ocrx_word' id='word_1_341' title='bbox 679 4655 830 4711; x_wconf 86' lang='lat' dir='ltr'><strong>peril</strong></span> <span class='ocrx_word' id='word_1_342' title='bbox 860 4656 988 4699; x_wconf 82' lang='lat' dir='ltr'><strong>bene</strong></span> <span class='ocrx_word' id='word_1_343' title='bbox 1010 4656 1305 4699; x_wconf 80' lang='lat' dir='ltr'><strong>universale</strong></span> <span class='ocrx_word' id='word_1_344' title='bbox 1325 4655 1459 4698; x_wconf 86' lang='lat' dir='ltr'><strong>delle</strong></span> <span class='ocrx_word' id='word_1_345' title='bbox 1490 4656 1750 4709; x_wconf 77' lang='lat' dir='ltr'><strong>provintie</strong></span> <span class='ocrx_word' id='word_1_346' title='bbox 1771 4666 1803 4700; x_wconf 74' lang='lat' dir='ltr'><strong>a</strong></span> <span class='ocrx_word' id='word_1_347' title='bbox 1837 4658 1948 4699; x_wconf 84' lang='lat' dir='ltr'><strong>loro</strong></span> <span class='ocrx_word' id='word_1_348' title='bbox 1969 4656 2328 4700; x_wconf 76' lang='lat' dir='ltr'><strong>commendate</strong></span> <span class='ocrx_word' id='word_1_349' title='bbox 2347 4664 2400 4700; x_wconf 91' lang='lat' dir='ltr'><strong>et</strong></span> <span class='ocrx_word' id='word_1_350' title='bbox 2431 4658 2603 4712; x_wconf 69' lang='lat' dir='ltr'><strong>gloria</strong></span> <span class='ocrx_word' id='word_1_351' title='bbox 2621 4656 2668 4700; x_wconf 80' lang='lat' dir='ltr'><strong>d·</strong></span> <span class='ocrx_word' id='word_1_352' title='bbox 2689 4656 2832 4700; x_wconf 86' lang='lat' dir='ltr'><strong>Iddio</strong></span> <span class='ocrx_word' id='word_1_353' title='bbox 2853 4655 2914 4701; x_wconf 87' lang='lat' dir='ltr'><strong>N.</strong></span> <span class='ocrx_word' id='word_1_354' title='bbox 2940 4654 3020 4711; x_wconf 74' lang='lat' dir='ltr'><strong>S...</strong></span> 
     </span>
     <span class='ocr_line' id='line_1_41' title="bbox 549 4726 2418 4785; baseline 0.002 -16"><span class='ocrx_word' id='word_1_355' title='bbox 549 4726 821 4781; x_wconf 71' lang='lat' dir='ltr'><strong>Polaticus,</strong></span> <span class='ocrx_word' id='word_1_356' title='bbox 844 4738 911 4771; x_wconf 81' lang='lat' dir='ltr'><strong>ex</strong></span> <span class='ocrx_word' id='word_1_357' title='bbox 931 4738 1081 4780; x_wconf 68' lang='lat' dir='ltr'><strong>com„</strong></span> <span class='ocrx_word' id='word_1_358' title='bbox 1102 4727 1248 4771; x_wconf 84' lang='lat' dir='ltr'><strong>Patri</strong></span> <span class='ocrx_word' id='word_1_359' title='bbox 1271 4726 1585 4785; x_wconf 84' lang='lat' dir='ltr'><strong>Hieronymo</strong></span> <span class='ocrx_word' id='word_1_360' title='bbox 1608 4727 1905 4771; x_wconf 82' lang='lat' dir='ltr'><strong>Domenech</strong></span> <span class='ocrx_word' id='word_1_361' title='bbox 1922 4762 1932 4779; x_wconf 86' lang='lat'><strong>,</strong></span> <span class='ocrx_word' id='word_1_362' title='bbox 1959 4729 1976 4771; x_wconf 90' lang='lat' dir='ltr'><strong>l</strong></span> <span class='ocrx_word' id='word_1_363' title='bbox 2001 4726 2275 4773; x_wconf 78' lang='lat' dir='ltr'><strong>Februarii</strong></span> <span class='ocrx_word' id='word_1_364' title='bbox 2299 4728 2418 4773; x_wconf 62' lang='lat'>1⁵5³.</span> 
     </span>
    </p>
   </div>
  </div>
 </body>
</html>
