3742 5392
1603 541 1732 601 AN.
1780 542 1919 601 1554
2934 544 3011 601 35

534 687 830 752 rediret.
865 688 954 752 Et
983 706 1146 754 cum
1173 691 1479 769 gravida
1509 699 1719 768 esset,
1752 698 1821 754 et
1849 690 2266 754 facultatem
2298 709 2340 753 a
2370 689 2446 754 P.
2496 679 2775 770 Ignatio
2816 691 2905 752 ad
2936 691 3009 752 id

545 797 979 876 accepisset,
1013 814 1154 860 non
1180 796 1528 876 judicavit
1561 795 1670 878 [P.
1703 796 2029 878 Laynez]
2062 798 2397 878 expedire
2438 806 2515 860 ut
2540 846 2554 875 ,
2603 796 2792 878 quod
2824 795 3009 877 juste

544 903 810 981 alioqui
840 904 928 966 de
956 904 1186 967 reditu
1217 905 1438 984 ipsius
1468 904 1864 983 expetebat,
1886 904 1954 966 ei
1978 913 2386 984 negaretur:
2413 913 2688 967 tantum
2714 903 2788 966 P.
2808 903 3011 982 Igna·

549 1010 726 1073 tium
755 1012 1110 1074 consuluit
1138 1028 1231 1074 an
1261 1012 1672 1091 promittere
1701 1019 1943 1091 posset
1970 1011 2450 1090 genuensibus
2480 1027 2557 1073 se
2595 1010 3011 1088 rediturum;

543 1117 742 1198 quod
771 1116 845 1180 P.
881 1117 1204 1198 ignatius
1225 1117 1539 1199 promitti
1559 1135 1770 1198 posse
1793 1117 2089 1195 censuit,
2117 1117 2179 1180 si
2202 1136 2244 1180 a
2272 1115 2579 1180 Ducissa
2604 1117 3013 1181 facultatem

543 1225 643 1288 ad
673 1224 742 1286 id
773 1225 1146 1304 obtineret,
1179 1243 1322 1288 non
1354 1226 1580 1312 aliter.

673 1331 773 1393 49.
863 1331 1021 1396 Hoc
1072 1341 1390 1412 tempore
1442 1332 1661 1413 aliqui
1709 1333 1905 1396 cives
1957 1331 2526 1395 mediolanenses
2575 1331 3017 1412 scripserunt

555 1439 804 1503 amicis
848 1441 1360 1520 genuensibuS,
1400 1450 1469 1504 et
1511 1440 1794 1521 quidem
1835 1439 2231 1517 ferventer,
2283 1449 2361 1502 ut
2400 1449 2736 1503 curarent
2786 1438 3020 1503 Patris

553 1545 845 1628 Laynez
877 1548 994 1610 vel
1023 1545 1322 1612 duorum
1347 1549 1646 1611 aliorum
1676 1547 1762 1610 de
1793 1545 2152 1611 Societate
2184 1547 2567 1611 adventum
2591 1547 2881 1610 inillam
2909 1563 3019 1608 ur-

560 1653 742 1732 bem,
777 1655 848 1717 in
880 1672 1020 1735 qua
1040 1672 1230 1717 novo
1253 1656 1555 1734 collegio
1577 1655 1850 1718 initium
1875 1653 2031 1718 dari
2052 1655 2452 1736 cupiebant;
2479 1653 2604 1718 sed
2629 1653 2705 1718 P.
2732 1654 3021 1735 Laynez

564 1760 1132 1840 respondendum
1152 1762 1288 1824 illis
1310 1761 1582 1825 censuit
1603 1762 1677 1824 in
1701 1761 1891 1824 aliud
1919 1771 2198 1841 tempus
2221 1761 2408 1824 hanc
2432 1762 2842 1824 missionem
2865 1777 3022 1824 esse

563 1867 1056 1948 differendam;
1090 1886 1221 1932 suo
1248 1879 1487 1932 tamen
1516 1877 1834 1949 tempore
1866 1868 2055 1949 quod
2084 1868 2417 1958 petebant
2446 1868 2741 1932 concedi
2785 1884 3020 1949 posse;

560 1976 753 2055 quod
783 1973 936 2054 ejus
965 1993 1386 2056 responsum
1416 1974 1491 2038 P.
1523 1975 1842 2054 Ignatius
1871 1975 2205 2055 probavit
2240 1975 2280 2037 ¹.

687 2081 788 2145 50.
877 2081 1209 2147 Desierat
1238 2083 1324 2145 de
1355 2082 1654 2161 collegio
1684 2080 1999 2146 familiae
2048 2080 2426 2146 Saulorum
2464 2082 2605 2162 agi.
2659 2080 3025 2160 Significa-

571 2189 676 2252 vit
705 2190 894 2252 enim
923 2198 1168 2269 aperte
1198 2187 1274 2252 P.
1307 2188 1625 2267 Ignatius
1655 2198 1824 2252 tunc
1855 2188 2138 2270 quidem
2169 2197 2545 2269 utrumque
2574 2187 2851 2251 admitti
2881 2205 3027 2250 non

565 2312 799 2376 posse;
827 2306 897 2358 et
921 2296 981 2359 si
1004 2296 1306 2358 alterum
1324 2305 1510 2358 esset
1535 2295 2069 2374 admittendum,
2092 2293 2469 2358 videbatur
2490 2294 2836 2375 praeferri
2859 2294 3027 2357 illud

565 2412 898 2481 oportere
927 2402 1118 2482 quod
1147 2401 1475 2465 devotius
1504 2410 1951 2482 expeteretur
1990 2409 2061 2464 et
2100 2402 2354 2465 melius
2398 2400 2850 2475 fundaretur;
2896 2419 3029 2463 nec

575 2517 808 2572 tamen
842 2509 1315 2572 dissimulavit
1342 2507 1418 2572 P.
1460 2508 1776 2588 Ignatius
1819 2507 2009 2588 quod
2048 2526 2192 2571 non
2231 2509 2329 2571 illi
2378 2508 2802 2588 probaretur
2842 2507 3030 2588 quod

565 2615 708 2679 duo
737 2616 1043 2695 collegia
1073 2615 1324 2679 eadem
1345 2615 1416 2678 in
1442 2615 1730 2678 civitate
1753 2615 2319 2694 admitterentur,
2346 2615 2483 2677 nisi
2504 2614 2685 2677 forte
2708 2615 2779 2676 in
2806 2615 3029 2678 altero

567 2723 844 2786 litteras
873 2722 1350 2800 humaniores,
1384 2723 1456 2784 in
1487 2723 1710 2784 altero
1756 2731 1994 2785 autem
2032 2721 2409 2785 facultates
2447 2722 2851 2800 superiores
2891 2730 3029 2784 tra·

557 2829 946 2908 derentur3
1007 2839 1077 2892 et
1130 2829 1366 2909 potius
1422 2829 1885 2909 probaturum
1943 2845 2019 2892 se
2076 2828 2493 2906 affirmabat,
2548 2829 2608 2891 si
2646 2828 3033 2907 collegium

573 2954 791 2999 unum
821 2937 1335 3012 admitteretur,
1369 2944 1459 3012 et,
1493 2937 1651 2998 loco
1681 2937 1999 3014 alteriuS,
2033 2935 2285 3000 domus
2309 2935 2816 3016 professorum,
2849 2953 3033 3015 quae

569 3061 665 3106 ex
692 3044 1162 3124 eleemosynis
1189 3043 1497 3119 viveret;
1539 3051 1608 3105 et
1647 3043 1746 3106 ita
1785 3042 1873 3106 de
1904 3041 2228 3122 Collegio
2266 3042 2645 3107 Saulorum
2683 3043 2858 3106 nihil
2898 3043 3034 3106 hoc

573 3151 828 3214 saltem
857 3167 1046 3214 anno
1074 3158 1465 3213 tractatum
1492 3149 1622 3212 fuit
1652 3149 1698 3212 ¹.

689 3257 791 3319 51.
881 3255 1177 3320 Decima
1201 3257 1501 3337 septima
1523 3255 1695 3336 Maji
1724 3256 1974 3320 Genua
1998 3256 2431 3320 Florentiam
2466 3275 2718 3320 versus
2745 3256 2823 3320 P.
2850 3258 3031 3337 Lay-

571 3381 704 3426 nez
734 3365 1096 3444 profectus
1134 3374 1270 3440 est,
1319 3381 1480 3427 cum
1517 3381 1939 3444 persuasum
1979 3365 2383 3445 reliquisset
2416 3364 2837 3445 quibusdam
2867 3364 3035 3428 civi-

573 3471 736 3549 buS‚
780 3472 900 3551 qui
939 3471 1361 3535 concionum
1409 3469 1560 3549 eJus
1611 3468 1973 3534 auditores
2024 3470 2336 3549 fuerant,
2392 3481 2467 3534 ut
2506 3489 2547 3534 a
2580 3471 2877 3534 cambiis
2926 3489 3036 3534 su-

573 3580 1054 3658 persedentes,
1099 3577 1366 3641 reditus
1409 3595 1500 3639 ex
1531 3577 1732 3640 bonis
1775 3578 1924 3640 suis
1964 3589 2309 3657 emerent;
2354 3577 2775 3658 quibusdam
2823 3579 3036 3643 etiam

572 3685 1253 3766 congregationibus
1282 3683 1700 3747 interfuerat
1729 3685 2258 3763 theologorum,
2295 3686 2414 3765 qui
2444 3683 2844 3765 hujusmodi
2876 3703 3037 3748 con·

571 3803 847 3856 tractus
878 3792 1378 3870 discutiebant,
1425 3800 1495 3854 et
1530 3808 1573 3853 a
1611 3791 2065 3872 suffraganeo
2106 3803 2403 3872 rogatus
2445 3794 2713 3874 recepit
2751 3811 2829 3856 se
2867 3794 3039 3856 scri-

573 3911 857 3981 pturum
887 3900 1055 3980 quid
1083 3899 1170 3962 de
1199 3908 1348 3962 toto
1377 3899 1497 3961 illo
1524 3914 1788 3978 genere
1819 3899 2258 3961 cambiorum
2300 3908 2512 3980 atque
2542 3908 3038 3963 contractuum

570 4007 898 4087 sentiret,
947 4006 1136 4087 quod
1179 4015 1248 4068 et
1288 4005 1488 4084 fecit,
1537 4015 1606 4068 et
1649 4006 2053 4084 exemplum
2095 4002 2408 4084 ejusdem
2450 4006 2698 4086 scripti
2738 4004 3042 4070 Romam

662 4287 680 4319 ¹
739 4287 970 4340 “Quanto
991 4287 1096 4330 alla
1116 4284 1366 4329 richiesta
1387 4283 1482 4328 che
1503 4283 1658 4328 fanno
1679 4283 1834 4338 quelli
1857 4285 1906 4327 di
1926 4283 2120 4328 Milano
2144 4295 2297 4339 parse
2318 4286 2449 4328 bene
2480 4285 2565 4340 qui
2600 4287 2652 4330 la
2685 4285 2919 4340 risposta
2952 4286 3044 4331 che

579 4359 648 4404 V.
668 4359 733 4402 R.
752 4359 824 4413 gli
844 4358 1006 4402 diede.
1029 4356 1098 4400 Et
1117 4367 1172 4400 se
1193 4359 1318 4400 sara
1337 4367 1432 4399 con
1453 4356 1629 4400 effetto
1650 4357 1819 4410 quello
1847 4356 1945 4399 che
1967 4357 2051 4409 qni
2075 4357 2117 4400 si
2140 4359 2167 4398 e
2190 4357 2351 4410 detto,
2372 4357 2469 4400 che
2491 4357 2528 4402 il
2550 4355 2737 4411 Signor
2760 4356 2967 4402 Giovan
2982 4359 3046 4402 de

585 4431 736 4485 vega
755 4431 944 4474 habbia
965 4431 1012 4473 d’
1031 4430 1198 4473 undar
1217 4440 1310 4483 per
1332 4428 1710 4480 Governatore,
1729 4431 1854 4472 sara
1874 4429 2037 4471 molta
2066 4427 2403 4482 opportunita
2436 4429 2485 4472 di
2520 4431 2753 4474 mettersl
2784 4431 2837 4474 ln
2868 4431 3047 4474 effetto

580 4503 672 4546 tal·
691 4513 867 4557 opera,
888 4500 1132 4545 masnime
1152 4499 1246 4543 che
1268 4511 1322 4543 se
1343 4500 1423 4542 cio
1443 4501 1581 4550 sara.
1605 4497 1712 4550 Sua
1731 4497 1881 4541 Ecc.⁸
1900 4500 2115 4542 menara
2138 4509 2257 4541 seco
2280 4499 2449 4543 alcuni
2474 4499 2631 4543 Padi-i
2660 4502 2797 4545 della
2828 4499 3046 4555 Compa-

587 4575 723 4630 gula,
746 4575 760 4618 l
782 4575 919 4630 quali
941 4573 1240 4616 vederanno
1259 4572 1494 4626 quelche
1513 4572 1556 4615 sl
1579 4573 1731 4625 poti-a
1753 4571 1913 4624 farem
1934 4570 2209 4624 Polaticus,
2231 4581 2297 4614 ex
2328 4583 2440 4615 com
2454 4604 2486 4622 .,
2516 4572 2661 4616 Patri
2682 4572 2877 4626 Jacobo
2913 4574 3048 4630 Lay-

585 4659 696 4702 nez,
719 4647 748 4691 3
765 4645 890 4702 Maji
911 4644 1222 4689 1554.-Vide
1245 4643 1380 4688 infra
1394 4675 1405 4696 ,
1425 4655 1474 4686 n.
1494 4643 1621 4708 ⁷¹!st
1640 4643 1735 4686 488.

665 4719 688 4751 2
741 4719 1029 4772 Desumpta
1049 4723 1168 4760 sunt
1186 4717 1316 4759 haec
1338 4727 1402 4758 ex
1421 4714 1613 4760 litteris
1633 4725 1664 4758 a
1687 4714 1928 4769 Polanco,
1952 4725 2017 4758 ex
2042 4727 2192 4768 com„
2213 4715 2351 4760 datis
2383 4715 2525 4760 Patri
2557 4716 2765 4773 Laynez
2794 4721 2823 4760 ὁ
2855 4717 3047 4770 janua·

589 4791 670 4844 rii,
693 4797 744 4834 et
765 4789 908 4833 Patri
931 4789 1202 4843 Alphonso
1223 4785 1492 4830 Salmeron
1511 4786 1592 4830 die
1612 4787 1857 4841 sequenti,
1876 4791 1929 4830 et
1948 4787 2150 4841 plenius
2170 4787 2317 4832 Patri
2340 4787 2549 4846 Laynez
2568 4789 2619 4832 13
2637 4787 2891 4841 januarii.
