3742 5392
713 472 821 534 624
1638 470 1892 533 Canon.
1937 472 2090 534 Soc.
2131 473 2273 548 Jas.

718 618 991 683 solebat
1017 635 1093 682 se
1124 636 1166 681 a
1196 616 1506 699 quodam
1533 616 1677 681 filio
1705 634 1835 681 suo
1866 618 2274 697 innocente,
2307 618 2427 699 qui
2457 618 2808 700 baptismo
2849 630 3188 703 suscepto

719 726 1012 805 obierat,
1046 724 1297 790 crebro
1326 724 1415 789 de
1448 726 1649 789 coelo
1678 734 2050 804 vocatum,
2079 734 2150 788 et
2179 733 2254 789 ut
2279 726 2372 789 ad
2399 734 2686 790 nostros
2706 728 2986 791 veniret
3013 727 3188 791 inci·

718 842 944 899 tatum
989 831 1240 913 fuisse,
1298 842 1367 897 et
1410 834 1458 895 'a
1508 830 1649 897 filio
1698 848 1776 896 se
1818 832 2199 897 deductum
2250 833 2344 897 ad
2391 842 2676 898 nostros
2725 836 3013 899 minime
3061 836 3186 899 du·

718 940 1013 1006 bitabat.

844 1046 1015 1113 1331.
1104 1045 1309 1111 Alius
1334 1046 1646 1128 quidam,
1667 1047 1836 1110 olim
1858 1046 2291 1111 christianus
2307 1046 2602 1111 effectus
2623 1065 2668 1111 a
2687 1047 3036 1126 lusitaniS,
3063 1048 3190 1129 qui

717 1156 1052 1238 oppidum
1081 1154 1255 1219 illud
1293 1154 1677 1235 aliquando
1716 1154 2195 1234 incoluerant,
2229 1153 2320 1218 ab
2349 1172 2434 1218 eo
2478 1156 2776 1219 recessit
2806 1164 2880 1218 ut
2921 1152 3174 1235 majori

716 1281 880 1329 cum
908 1262 1194 1327 licentia
1224 1260 1581 1341 gentilicis
1610 1261 1926 1325 moribus
1953 1262 2060 1325 uti
2089 1270 2363 1345 posset;
2398 1261 2472 1325 in
2507 1278 2811 1343 gravem
2855 1262 3184 1327 morbum

715 1370 1067 1446 incidenS,
1100 1368 1478 1434 manifesto
1504 1367 1640 1432 Dei
1663 1367 1929 1451 judicio
1959 1377 2370 1433 nostrorum
2399 1386 2620 1451 opera
2651 1368 2812 1447 frui,
2841 1368 3010 1434 dum
3031 1386 3179 1433 mo-

714 1487 1014 1557 reretur,
1031 1494 1175 1540 non
1197 1485 1501 1557 poterat;
1522 1492 1687 1539 cum
1708 1476 1900 1539 enim
1923 1476 2017 1561 ad
2033 1474 2195 1539 eum
2219 1476 2714 1556 accessissent,
2727 1475 2874 1557 jam
2896 1476 3193 1558 linguae

716 1602 925 1650 usum
952 1584 1314 1661 amiserat,
1350 1599 1560 1663 quem
1590 1591 1951 1647 mortuum
1989 1581 2082 1647 ad
2120 1584 2425 1647 aliorum
2463 1593 2812 1648 terrorem
2850 1584 3194 1647 ecclesia-

716 1693 898 1757 stica
945 1693 1309 1772 sepultura
1358 1689 1759 1771 privarunt,
1801 1698 1915 1769 ut,
1959 1690 2080 1771 qui
2117 1690 2454 1771 gentilice
2491 1690 2800 1769 vixerat,
2842 1690 3184 1771 gentilico

716 1799 932 1864 etiam
959 1807 1032 1861 et
1062 1814 1205 1861 non
1236 1796 1791 1861 christianorum
1818 1813 2016 1861 more
2045 1796 2489 1877 sepeliretur.

844 1903 1019 1969 1332.
1104 1903 1269 1967 Fuit
1316 1901 1531 1967 etiam
1572 1902 2071 1967 admirandum
2119 1902 2263 1967 Dei
2291 1902 2636 1984 judicium
2685 1906 2758 1969 in
2798 1904 2958 1984 11115,
3006 1921 3195 1986 quos

716 2012 1084 2092 charigios
1110 2009 1492 2089 vocabant,
1526 2010 1646 2091 qui
1677 2009 1769 2073 ad
1809 2018 2102 2074 nostros
2130 2019 2480 2075 venerant
2507 2020 2578 2075 et
2607 2027 2771 2075 cum
2807 2012 3074 2075 nostris
3099 2026 3186 2075 eo

716 2118 1013 2184 redituri
1063 2126 1299 2196 erant,
1341 2126 1417 2181 ut
1459 2115 1477 2148 ¹
1518 2117 1838 2198 ipsorum
1875 2118 2143 2181 auxilio
2191 2117 2313 2181 alii
2355 2118 2448 2181 ad
2491 2116 2754 2182 Christi
2808 2116 3020 2182 fidem
3066 2119 3188 2182 ad·

716 2226 1178 2305 ducerentur3
1210 2240 1376 2289 nam
1412 2222 1686 2288 subitus
1730 2241 1853 2287 eos
1891 2224 2180 2289 morbus
2223 2224 2518 2301 invasit,
2561 2242 2700 2306 quo
2733 2242 2912 2308 pene
2939 2242 3196 2289 omnes

716 2334 804 2398 de
832 2332 1065 2397 medio
1094 2332 1351 2396 sublati
1379 2342 1565 2395 sunt.
1599 2330 1776 2411 Quis
1802 2333 2004 2395 novit
2031 2348 2319 2396 sensum
2348 2330 2666 2399 Domini?
2693 2330 2740 2393 ·.

841 2438 1018 2505 1333.
1104 2440 1229 2518 Η1,
1272 2438 1691 2520 quibuscum
1728 2438 1954 2502 nostri
1994 2438 2358 2519 vivebant,
2389 2439 2928 2520 antiquissimas
2956 2439 3192 2504 inimi-

715 2546 922 2611 citias
950 2547 1155 2610 malis
1196 2544 1511 2625 eiusdem
1541 2544 1946 2609 nationibus
1985 2545 2330 2626 gerebant
2369 2542 2415 2625 ⁸,
2448 2555 2520 2609 et
2563 2546 2722 2609 ideo
2765 2545 3191 2627 frequentis·

713 2655 889 2718 sime
918 2654 1103 2717 ultro
1134 2652 1457 2733 citroque
1500 2652 1757 2716 bellum
1786 2653 2154 2731 gerebant,
2189 2652 2282 2717 ad
2309 2654 2499 2734 quod
2527 2654 2728 2717 multi
2755 2671 2847 2718 ex
2876 2653 3194 2718 diversis

713 2760 891 2824 locis
918 2758 1459 2823 conveniebant:
1494 2775 1658 2822 cum
1685 2760 1924 2839 itaque
1952 2760 2179 2823 nostri
2208 2759 2390 2824 inter
2419 2778 2543 2824 eos
2586 2770 2904 2841 agerent,
2955 2761 3027 2825 in
3065 2760 3186 2825 ho-

716 2876 861 2931 stes
888 2865 1187 2948 profecti
1212 2874 1399 2944 sunt,
1434 2874 1503 2928 et
1532 2865 1759 2946 pridie
1791 2883 2006 2947 quam
2037 2874 2396 2930 certarnen
2435 2866 2715 2947 inirent,
2749 2867 2869 2949 qui
2899 2885 2990 2931 ex
3027 2868 3196 2931 aliis

714 2974 924 3055 pagis
946 2982 1453 3051 convenerant,
1478 2989 1609 3053 pro
1634 2989 1831 3037 more
1855 2989 2007 3051 suo,
2030 2973 2394 3053 tuguriolo
2420 2974 2728 3055 quodam
2748 2984 3182 3052 construct0,

718 3080 1051 3145 veneficis
1101 3080 1249 3143 suis
1296 3078 1652 3143 sacrificia
1691 3078 1946 3143 offerre
1992 3089 2402 3161 coeperunt,
2457 3081 2910 3146 sciscitantes
2952 3081 3040 3145 ab
3080 3083 3196 3145 eis

716 3187 885 3271 quid
909 3188 982 3251 in
1014 3187 1351 3252 conflictu
1377 3202 1874 3251 successurum
1903 3199 2112 3251 esset.
2146 3186 2436 3251 Invitati
2467 3198 2703 3253 autern
2735 3190 2963 3253 nostri
2992 3200 3186 3253 cate-

714 3295 1046 3360 chumeni
1074 3303 1143 3358 et
1172 3293 1314 3372 alii,
1349 3294 1534 3357 inter
1572 3310 1751 3374 quos
1788 3293 2086 3357 verbum
2128 3293 2264 3358 Dei
2302 3288 2795 3377 pra‘edicatum
2835 3306 3026 3376 erat,
3079 3314 3192 3361 re·-

715 3402 1151 3485 sponderunt
1180 3416 1257 3464 se
1286 3401 1425 3464 illis
1454 3399 1847 3465 mendaciis
1868 3398 2079 3466 fidem
2102 3400 2252 3482 jam
2276 3420 2420 3465 non
2443 3402 2804 3481 adhibere,
2838 3419 3184 3484 suumque

716 3510 949 3575 Deum
974 3510 1047 3573 in
1077 3507 1409 3572 cordibus
1432 3508 1717 3586 habere,
1744 3506 1944 3587 quus
1967 3508 2230 3573 auxilio
2255 3508 2419 3573 freti
2439 3508 2782 3589 maiorem
2803 3510 3184 3574 victoriam

717 3633 932 3699 quam
978 3615 1100 3697 qui
1149 3614 1532 3679 immundis
1570 3614 1707 3678 11115
1749 3613 2122 3679 sacrificiis
2163 3616 2545 3695 vacabant,
2591 3628 2828 3680 essent
2871 3626 3186 3697 reporta·

720 3724 882 3789 turi.

840 3830 1017 3895 1334.
1102 3830 1284 3894 Cum
1312 3846 1487 3911 ergo
1518 3829 1611 3894 ad
1638 3830 1987 3910 praelium
2025 3839 2318 3895 ventum
2357 3838 2579 3907 esset,
2613 3839 2683 3895 et
2713 3830 3026 3895 maxima
3057 3831 3184 3894 ho·

719 3939 932 4003 stium
961 3946 1342 4018 appareret
1364 3936 1760 4015 multitudo,
1787 3936 1885 4015 hi,
1913 3944 2103 4001 metu
2126 3946 2338 4017 atque
2361 3948 2632 4001 terrore
2657 3938 3009 4016 concussi,
3038 3939 3184 4001 ani-

720 4061 915 4109 mum
944 4044 1252 4126 abjicere
1282 4052 1694 4124 coeperunt;
1726 4042 1916 4124 quod
1946 4059 2109 4107 cum
2140 4044 2742 4108 animadverteret
2770 4062 2949 4109 uxor
2982 4045 3188 4110 ducis

720 4148 1229 4229 Piratiningae,
1262 4166 1445 4231 quae
1474 4148 1835 4230 baptizata
1873 4160 2052 4228 erat,
2085 4160 2155 4213 et
2183 4149 2388 4213 simul
2419 4152 2581 4213 cur'n
2611 4151 2770 4215 viro
2801 4149 2893 4214 ad
2923 4151 3186 4215 bellum

801 4357 819 4391 ¹
880 4366 1027 4409 nam,
1050 4354 1243 4409 legitur
1262 4354 1315 4399 in
1336 4365 1447 4409 παις
1470 4356 1529 4397 ut
1548 4364 1731 4399 sentus
1760 4354 2032 4409 postulare
2048 4354 2275 4398 videtur.

802 4430 825 4461 ⁸
880 4427 1011 4473 Rox.
1044 4426 1205 4481 xnffl.

800 4498 825 4532 ⁸
876 4498 959 4543 Ita
980 4498 1031 4543 in
1052 4497 1562 4553 :ns-31egepotiusin
1592 4498 1726 4541 hunc
1746 4498 1855 4541 fere
1877 4498 2098 4541 modum:
2129 4496 2222 4541 “Hi
2262 4498 2564 4553 quibuscum
2596 4496 2760 4542 nostri
2795 4496 3065 4551 vivebant,
3095 4508 3186 4542 an-

720 4570 1041 4627 tiquissimas
1059 4568 1361 4613 inimicitus
1382 4580 1497 4613 cum
1515 4569 1586 4613 all
1596 4568 1637 4612 1:
1656 4569 1886 4625 eJusdem
1907 4568 2134 4613 nationis
2164 4569 2366 4623 populis
2399 4571 2698 4623 gerebant...
2730 4566 3019 4612 Onuumtm
3052 4570 3181 4613 haec

723 4643 799 4687 ita
814 4642 1027 4687 brevius
1045 4640 1281 4697 digessit:
1302 4640 1490 4694 “Bello‚
1514 4640 1607 4695 ait,
1624 4640 1760 4685 inter
1780 4640 1979 4685 incolas
1999 4638 2354 4695 Piratiningae
2377 4642 2695 4697 populosque
2715 4638 2960 4685 finitimos
2991 4640 3184 4685 excita·

723 4720 794 4767 to,
816 4712 1199 4768 Piratlningani
1222 4717 1349 4766 etc.„
1370 4710 1512 4756 Hist.
1538 4710 1649 4756 Soc.
1666 4710 1797 4767 ses..
1820 4712 1918 4755 loc.
1941 4710 2036 4756 cit.
