3742 5392
763 501 874 559 306
1687 500 1941 559 Canos.
1986 500 2136 557 Soc.
2179 500 2318 573 jes,

765 657 902 723 teS,
937 646 1427 709 salutaverant
1459 644 1548 708 D.
1584 645 1826 708 Esium
1855 642 1870 675 ¹
1900 662 1985 707 ac
2011 643 2099 706 D.
2130 643 2559 722 pictaviam,
2586 644 2706 724 qui
2731 661 3009 708 omnem
3034 662 3241 709 suam

764 769 1054 832 operam
1092 753 1356 815 nostris
1396 752 1934 831 pollicebantur.
1981 750 2381 814 Inviserunt
2420 751 2633 814 etiam
2674 768 3067 831 pauperum
3114 753 3237 815 ho-

761 857 1044 938 spitalia
1085 857 1330 921 Leodii
1369 869 1436 921 et
1477 876 1695 921 unum
1733 876 1822 921 ex
1855 856 2189 935 Collegiis
2218 856 2759 933 LeodiensibuS,
2803 857 2920 921 ubi
2952 858 3239 922 ducenti

763 974 832 1029 ct
865 966 1376 1047 quinquaginta
1409 966 1816 1029 scholastici
1847 965 1995 1028 fere
2037 977 2241 1028 erant
2265 1014 2279 1043 ,
2326 964 2417 1027 ad
2459 982 2756 1045 quorum
2784 975 2929 1029 tres
2970 966 3238 1029 classes

764 1072 1132 1136 inferiores
1163 1072 1238 1135 P.
1274 1071 1630 1136 Antonius
1661 1072 2050 1136 Bluchetus
2078 1090 2478 1135 sermonem
2512 1072 2756 1135 habuit
2789 1089 2951 1136 cum
2972 1088 3235 1152 magno

762 1181 1116 1259 applausu
1150 1188 1220 1242 et
1258 1179 1772 1259 approbatione
1818 1179 2225 1241 auditorum
2268 1177 2357 1242 de
2397 1178 2607 1243 rebus
2647 1177 2737 1242 ad
2771 1178 3236 1243 christianam

759 1285 1165 1349 doctrinam
1196 1294 1265 1349 et
1294 1302 1544 1349 eorum
1575 1285 2089 1349 institutionem
2118 1285 2667 1365 pertinentibus:
2710 1285 2864 1365 ipse
2903 1284 2977 1348 P.
3023 1284 3234 1364 Quin-

759 1394 952 1457 tinus
984 1393 1553 1472 provectioribus
1586 1393 2053 1455 concionatus
2084 1402 2191 1455 est
2220 1391 2308 1453 de
2338 1392 2601 1471 pietate
2642 1408 2803 1455 cum
2847 1392 3099 1456 studiis
3128 1392 3235 1455 lit·

763 1510 1078 1563 terarum
1104 1498 1624 1580 conjunge-adm
1645 1510 1714 1563 et
1730 1509 2025 1579 uterque
2047 1508 2192 1562 tam
2215 1510 2467 1578 gratus
2489 1499 2619 1563 suit
2641 1498 2930 1563 Rectori
2953 1508 3023 1563 et
3044 1499 3229 1576 aliiS,

757 1616 834 1670 ut
865 1606 926 1670 si
957 1606 1297 1683 Tornaci,
1332 1623 1472 1687 quo
1501 1605 1999 1683 mittebantur,
2034 1605 2293 1669 ostium
2324 1607 2498 1685 ipsis
2527 1607 3105 1686 praecluderetur
3143 1607 3235 1669 ad

760 1711 1362 1789 fructificandum,
1395 1713 1737 1777 Leodium
1768 1728 1926 1775 esse
1954 1712 2389 1776 redeundum
2420 1721 2831 1792 censerent,
2867 1713 2986 1777 ubi
3024 1713 3233 1777 valde

761 1830 1088 1901 apertum
1117 1818 1516 1882 videbatur.

880 1926 1025 1988 651.
1117 1924 1372 1989 Postea
1402 1924 1832 1997 Lovanium‚
1868 1936 1937 1989 et
1974 1924 2259 1989 demum
2296 1924 2703 1989 Tornacum
2748 1935 3231 2005 accesserunt,

761 2033 878 2097 ubi
933 2031 1361 2096 manendum
1411 2032 1542 2095 sibi
1594 2043 1740 2095 tres
1791 2033 1892 2095 illi
1944 2031 2193 2095 Patres
2242 2041 2689 2096 censuerunt.
2736 2032 3229 2097 Admonuerat

759 2151 998 2203 autem
1030 2140 1105 2204 P.
1141 2139 1462 2219 Ignatius
1492 2149 1569 2202 ut
1599 2138 1937 2220 quidquid
1968 2150 2301 2219 agerent,
2331 2157 2492 2204 cum
2514 2139 3005 2203 benedictione
3029 2158 3228 2219 prae·

758 2250 1071 2310 latorum
1115 2246 1184 2309 id
1225 2262 1440 2325 agere
1477 2256 1811 2310 curarent
1857 2243 1911 2323 ³,
1958 2256 2027 2309 et
2069 2246 2169 2309 ita
2214 2246 2285 2309 id
2323 2246 2849 2326 praestiterunt.
2896 2244 2977 2309 In
3020 2246 3233 2310 domo

759 2352 832 2415 P.
869 2352 1188 2433 Quintini
1217 2353 1588 2417 duodecim
1620 2370 1712 2417 ex
1740 2353 2005 2415 nostris
2036 2352 2361 2416 habitare
2391 2352 2599 2417 facile
2629 2363 2991 2433 poterant,
3026 2363 3095 2416 et
3138 2372 3229 2417 ex

755 2460 1100 2523 reditibus
1142 2460 1607 2523 canonicatus
1646 2459 2155 2536 Tornacensis‚
2203 2476 2413 2539 quem
2457 2460 2771 2523 nondum
2814 2458 3222 2541 reliquerat,

757 2575 920 2630 octo
951 2576 1072 2630 aut
1101 2584 1361 2630 novem
1391 2566 1772 2630 sustentari
1803 2566 2169 2629 commode
2197 2574 2565 2646 poterant:
2598 2567 2923 2646 quamvis
2948 2574 3225 2631 tantum

758 2684 906 2738 tres
936 2672 1079 2747 iam
1109 2674 1283 2737 dicti
1311 2674 1720 2737 sacerdotes
1752 2670 2065 2753 [essent]
2108 2690 2271 2736 cum
2307 2689 2451 2736 uno
2495 2674 2611 2735 vel
2654 2675 2909 2751 altere,
2958 2674 3079 2754 qui
3122 2675 3219 2737 in—

761 2782 1122 2845 serviebat
1152 2781 1223 2844 in
1251 2780 1464 2843 rebus
1494 2780 1839 2858 externiS‚
1874 2779 1995 2859 qui
2022 2796 2099 2842 se
2128 2777 2468 2843 Societati
2498 2778 2669 2843 dare
2700 2781 3067 2862 cupiebat:
3100 2781 3223 2844 ibi·

755 2889 917 2951 dem
949 2898 1188 2951 autem
1218 2894 1287 2949 et
1327 2886 1737 2949 concionari
1777 2895 1846 2949 et
1875 2874 2326 2949 sacramenta
2369 2887 2775 2950 ministrare
2809 2896 3231 2967 coeperunt,¹

755 3004 824 3057 et
853 2994 940 3057 de
973 2993 1240 3057 scholis
1269 2993 1671 3073 aperiendis
1701 2991 2137 3071 cogitabant.

875 3100 1017 3163 652.
1107 3099 1349 3163 Mense
1381 3109 1620 3162 autem
1646 3098 1856 3180 Junio
1889 3099 1978 3161 ab
2009 3098 2262 3161 amicis
2291 3100 2529 3179 rogati
2560 3099 2842 3163 fuerunt
2887 3110 2961 3163 ut
2991 3100 3062 3162 in
3105 3117 3221 3180 op-

755 3207 998 3289 pidum
1028 3206 1418 3287 quoddam,
1453 3222 1636 3286 quae
1665 3208 1903 3286 patria
1932 3214 2087 3268 erat
2109 3204 2185 3267 P.
2215 3203 2507 3269 Antonii
2533 3206 2804 3269 Bucleti
2832 3204 2856 3236 ⁸
2889 3206 2979 3269 ad
3012 3224 3217 3286 quae-

756 3317 920 3379 dam
954 3314 1239 3395 pietatis
1269 3330 1486 3393 opera
1515 3330 1590 3375 se
1631 3310 2059 3375 conferrent.
2095 3311 2271 3375 Tres
2311 3328 2483 3391 ergo
2527 3312 2735 3376 simul
2776 3312 3149 3377 Hauenam
3196 3312 3221 3343 ⁸

753 3440 915 3485 cum
947 3421 1346 3498 venissent,
1381 3429 1449 3482 et
1487 3418 1640 3498 ejus
1682 3419 2105 3498 parochum,
2163 3420 2281 3498 qui
2326 3418 2397 3481 in
2440 3420 2799 3483 exercitiis
2840 3420 3217 3499 spirituali-

838 3663 854 3696 ¹
915 3660 1000 3705 Sic
1023 3662 1072 3704 ln
1095 3672 1172 3703 ms
1210 3659 1315 3704 Vix
1347 3668 1524 3703 tamen
1551 3670 1663 3702 esse
1698 3660 1905 3703 dubium
1938 3663 2110 3713 potest
2140 3658 2262 3711 quin
2292 3668 2465 3702 sermo
2493 3659 2563 3703 eit
2596 3659 2659 3702 de
2688 3658 3010 3703 Theoderico
3042 3658 3217 3705 Hesio.

755 3733 1053 3779 Leodienels
1086 3732 1340 3775 ecclesiae
1373 3731 1681 3785 prodecano,
1715 3741 1864 3785 quem
1900 3737 2077 3775 tamen
2108 3728 2417 3777 Ouinium.
2443 3731 2529 3774 lib.
2552 3741 2624 3781 tv,
2654 3742 2703 3774 u.
2732 3730 2803 3781 50,
2834 3731 2911 3775 ait
2942 3742 3079 3775 anno
3116 3732 3217 3775 15⁴⁴

753 3812 932 3851 aetate
950 3806 1060 3859 jam
1082 3804 1334 3848 inclinata
1355 3802 1529 3847 fuisse.

830 3878 852 3909 ἱ
906 3874 1128 3920 Litteris
1147 3875 1212 3918 ad
1234 3874 1291 3917 P.
1314 3874 1636 3918 Bernardum
1657 3872 1945 3917 oliverium
1966 3874 2104 3919 datis
2122 3874 2177 3917 23
2195 3874 2339 3929 Maii.
2363 3872 2496 3916 Vide
2517 3883 2693 3928 supra,
2716 3884 2765 3917 n.
2782 3874 2879 3926 646,
2904 3880 3083 3918 annot.
3106 3876 3147 3919 2.

830 3948 853 3981 ⁸
909 3948 1138 3992 Antonio
1159 3944 1374 3989 Bouelet
1394 3947 1478 3988 vel
1501 3944 1738 3988 Bouclier
1757 3945 1933 3999 patria
1955 3952 2073 3989 erat
2090 3945 2299 3994 Binche.
2322 3944 2459 3999 quod
2477 3945 2615 3989 infra
2631 3944 2793 3989 latine
2814 3944 3070 3991 Polancun
3092 3946 3212 3991 dicit

751 4020 1044 4065 Vinchium.

823 4093 848 4126 ⁴
901 4090 1196 4135 Emendata
1219 4099 1298 4133 est
1322 4091 1372 4133 in
1391 4100 1486 4133 ms.
1515 4088 1668 4142 hujus
1699 4089 1941 4132 vocabuli
1964 4088 2133 4142 prima
2163 4088 2346 4133 littera
2367 4095 2419 4132 et
2440 4089 2525 4133 hic
2553 4095 2607 4133 et
2627 4090 2781 4139 infra.
2803 4101 2897 4133 nec
2935 4096 3083 4134 certo
3104 4092 3217 4134 erui

743 4168 917 4218 potest
948 4162 1070 4217 quid
1092 4162 1302 4206 tandem
1323 4160 1428 4213 legi
1459 4160 1661 4212 debeat,
1687 4159 1995 4211 Hauenam,
2014 4158 2320 4213 Nauenam,
2351 4166 2442 4205 aut
2471 4160 2733 4204 Auenam.
2767 4160 3060 4216 Datum-z,
3092 4162 3126 4205 1.
3156 4172 3183 4205 c
3206 4194 3216 4208 .

742 4247 864 4290 pag.
885 4236 983 4288 311,
1006 4234 1196 4288 gallice
1220 4232 1390 4276 vertit
1411 4232 1666 4275 avesnes.
1688 4232 1764 4275 “A
1783 4231 1933 4285 peine
1956 4231 2163 4275 arrives
2196 4234 2228 4275 a
2256 4231 2501 4286 Toni-nai,
2533 4234 2609 4277 les
2636 4233 2771 4277 deux
2792 4236 2943 4287 peres
2964 4234 3215 4288 entrepri-

741 4314 857 4352 rent
880 4318 942 4349 en
963 4306 1074 4361 juin
1099 4316 1232 4350 avec
1253 4306 1300 4348 le
1326 4303 1379 4346 P.
1402 4302 1601 4347 Olivier
1630 4314 1728 4347 une
1759 4302 2033 4346 excursion
2053 4303 2391 4358 apostolique.
2424 4302 2526 4348 Par
2553 4304 2810 4358 Avesnes,
2842 4307 2907 4349 ou
2938 4305 2985 4348 le
3018 4304 3074 4347 P.
3111 4302 3212 4348 ou-

743 4377 857 4422 vier
877 4377 1092 4431 precha.
1113 4376 1178 4419 ils
1206 4385 1262 4418 se
1283 4374 1547 4418 rendit-ent
1571 4376 1602 4417 a
1618 4374 1864 4427 Liessies;
1886 4374 1949 4417 ils
1972 4386 2007 4430 y
2030 4373 2202 4417 iurent
2222 4374 2488 4418 accueillis
2508 4387 2637 4419 avec
2669 4376 2723 4419 la
2743 4376 2860 4429 plus
2884 4376 3066 4419 tendi-e
3088 4375 3209 4419 cha-

743 4452 858 4505 rite,
882 4450 1048 4494 l’abbe
1069 4448 1185 4502 pria
1215 4449 1263 4490 le
1297 4446 1354 4489 P.
1383 4445 1606 4499 Quentin
1641 4446 1932 4489 d'adresser
1964 4457 2060 4489 une
2089 4446 2425 4490 exhortation
2458 4448 2617 4491 latine
2656 4450 2689 4491 a
2721 4458 2805 4491 ses
2844 4447 3129 4501 religieux3
3166 4449 3213 4490 le

743 4522 798 4566 P.
821 4521 1020 4566 Olivier
1049 4519 1244 4574 precha
1274 4518 1402 4562 dan«
1425 4518 1620 4571 l'eguse
1649 4518 2061 4570 paroissiale.„-
2080 4516 2195 4571 Ipse
2218 4526 2393 4563 autem
2426 4518 2688 4563 oliverius
2720 4520 2930 4573 scripsit
2964 4520 3211 4565 Auenna.

739 4592 833 4638 ’In
854 4600 1036 4648 questo
1054 4596 1256 4637 mentre
1277 4590 1463 4634 vienne
1485 4589 1566 4633 uu'
1585 4590 1724 4633 altro
1751 4588 2005 4649 „anonlco
2034 4588 2097 4631 de
2128 4588 2347 4633 Auenna
2372 4590 2637 4643 visitaret,
2658 4592 2873 4635 diceudo
2906 4602 2939 4635 ει
2960 4592 2994 4635 1·
3013 4593 3209 4636 abbate

735 4666 830 4711 che
853 4666 904 4709 di
927 4665 1098 4720 quella
1130 4662 1343 4717 predica
1371 4672 1465 4705 era
1495 4666 1642 4705 tanto
1675 4671 1962 4705 commosso
1994 4660 2089 4703 che
2120 4670 2220 4703 uon
2253 4667 2447 4714 poteva
2480 4668 2655 4706 restat
2684 4662 2735 4705 di
2769 4661 3001 4716 venitm„
3034 4662 3089 4707 2⁷7
3124 4660 3215 4714 Ju-

737 4736 808 4781 nll
831 4736 951 4781 155³.
967 4734 1110 4779 *Vide
1134 4734 1290 4787 infra,
1310 4744 1360 4777 n.
1381 4742 1489 4786 seq.
