3742 5392
822 501 900 560 68
1749 501 2004 560 Canon.
2046 499 2199 559 soe.
2242 501 2383 573 JES.

820 647 1040 728 Regis
1069 649 1255 712 illius
1286 665 1634 711 consensu
1666 647 1838 711 nihil
1870 647 2192 728 asperius
2221 656 2473 710 contra
2501 664 2661 711 eam
2700 649 3116 713 tentandum
3142 667 3299 714 esse

821 755 990 818 Dux
1017 754 1369 818 sentiebat
1403 753 1442 817 ¹.
2591 761 2595 764 ’

949 861 1084 926 123.
1172 859 1307 924 Die
1367 870 1607 925 autem
1665 859 2041 924 Dominica
2098 860 2505 925 Palmarum
2562 860 2623 941 ³,
2686 864 3067 927 accersivit
3124 865 3291 928 Dux

821 967 898 1031 P.
930 969 1279 1051 Joannem
1307 967 1758 1032 Pelletarium
1789 977 1859 1031 et
1891 969 2009 1031 diu
2052 985 2213 1031 cum
2242 969 2493 1031 eodem
2541 969 2629 1032 de
2671 969 2810 1033 hoc
2841 972 3090 1034 uxoris
3120 989 3295 1034 suae

818 1076 1110 1156 negotio
1140 1075 1470 1150 contulit;
1507 1084 1577 1138 et
1607 1075 1890 1138 demum
1919 1075 2252 1155 imposuit
2284 1076 2349 1137 ei
2382 1085 2454 1138 ut
2500 1076 2592 1139 ad
2616 1077 2793 1139 duas
2827 1077 3049 1157 ipsius
3077 1077 3287 1158 filiaS,

815 1201 1002 1263 quae
1025 1183 1214 1262 apud
1237 1181 1620 1246 Ducissam
1643 1190 1847 1245 erant
1869 1179 1916 1260 ³,
1944 1181 2317 1245 accederet
2341 1181 2705 1261 postridie,
2732 1193 2802 1246 et
2824 1201 3070 1247 earum
3096 1185 3288 1248 audi·

819 1298 929 1353 ret
953 1289 1470 1368 confessiones;
1504 1287 1690 1369 quod
1720 1289 1888 1352 fecit
1916 1287 1992 1351 P.
2025 1287 2443 1351 Pelletarius
2483 1306 2643 1352 cum
2674 1306 2938 1370 magna
2967 1291 3284 1371 ipsarum

815 1398 1307 1460 consolatione
1337 1405 1406 1460 et
1428 1397 1685 1460 fructu.
1713 1394 2219 1476 significarunt
2242 1404 2479 1459 autem
2503 1397 2664 1460 illae
2688 1395 2897 1473 Daci,
2923 1399 3111 1478 patri
3133 1416 3288 1476 su0,

813 1513 1273 1585 quantopere,
1296 1505 1399 1567 eis
1447 1502 1523 1566 Ρ.
1579 1502 1996 1567 Pelletarius
2044 1504 2431 1582 placuisset
2480 1521 2566 1567 ac
2625 1504 3085 1569 satisfecisset
3136 1505 3287 1568 diu·

817 1611 1048 1674 turnis
1079 1628 1322 1674 eorum
1347 1610 1738 1674 desideriis,

951 1717 1086 1782 124.
1174 1715 1482 1781 Rediens
1512 1726 1750 1780 autem
1780 1717 1871 1780 ad
1900 1715 2179 1780 Ducem
2217 1717 2293 1781 P.
2330 1716 2783 1796 PelletariuS,
2826 1719 3065 1800 aliqua
3104 1717 3287 1783 Duci

815 1825 1172 1906 suggesit,
1209 1842 1392 1906 quae
1422 1833 1821 1905 opportuna
1853 1823 2311 1900 videbantur,
2348 1833 2497 1888 tum
2525 1835 2602 1888 ut
2633 1825 2873 1889 domui
2910 1824 3286 1904 Ducissae,
3322 1910 3329 1919 ἢ

812 1942 968 1996 tum
996 1931 1212 1995 etiam
1251 1931 1527 1994 civitati
1574 1934 1998 2010 consuleret,
2054 1932 2238 1994 inter
2284 1949 2467 2012 quae
2511 1932 2819 2012 primum
2862 1933 2999 1996 hoc
3029 1933 3181 2012 fuit,
3214 1947 3291 1997 ut

819 2048 1192 2120 suspectos
1221 2037 1540 2101 haeresis
1569 2055 1660 2101 ex
1701 2038 1820 2101 illo
1851 2038 2151 2118 palatio,
2194 2039 2369 2101 urbe
2409 2056 2497 2101 ac
2540 2038 2849 2102 dominio
2895 2057 3024 2103 suo
3055 2042 3288 2121 expel-

817 2147 996 2209 leret
1024 2143 1071 2225 ⁴;
1105 2154 1175 2208 et
1204 2156 1512 2226 quatuor
1541 2145 1959 2225 praecipue,
1992 2144 2111 2224 qui
2153 2145 2466 2208 omniurn
2494 2145 3014 2225 corruptissimi
3056 2146 3130 2210 in
3170 2164 3285 2210 ne-

815 2253 1014 2332 gotio
1044 2251 1207 2316 fidei
1235 2269 1392 2316 esse
1428 2252 1876 2330 videbantur,
1908 2251 2178 2315 scilicet
2208 2251 2672 2315 concionator
2705 2250 3080 2333 Ducissae,
3114 2255 3288 2317 elee-

816 2360 1301 2440 mosynariuS,
1357 2369 1426 2422 et
1484 2358 1773 2439 quidam
1809 2357 2114 2421 filiarum
2150 2359 2523 2438 magister,
2578 2368 2648 2422 et
2693 2368 3023 2440 quartuS,
3069 2377 3289 2424 senex

812 2465 1104 2546 quidam
1134 2467 1573 2529 inveteratus
1602 2465 1876 2529 dierum
1905 2466 2253 2528 malorum
2283 2463 2328 2545 ⁸;
2362 2465 2613 2529 deinde
2654 2475 2731 2529 ut
2769 2467 2843 2529 in
2871 2467 2989 2530 illo
3022 2469 3287 2548 palatio

897 2709 913 2742 ¹
977 2705 1110 2752 Vide
1132 2707 1291 2751 Ducis
1315 2705 1595 2750 Feri-ariae
1617 2706 1827 2750 litteras
1849 2705 1917 2748 ad
1936 2704 2143 2748 Galliae
2164 2703 2356 2759 Regem
2380 2705 2535 2749 datas
2564 2705 2645 2749 die
2681 2705 2736 2750 27
2765 2705 2952 2750 Martii·
2975 2707 3128 2762 hujus
3158 2710 3279 2752 anni

814 2782 938 2835 1554,
959 2781 1013 2825 ln
1033 2779 1285 2824 Archivio
1306 2779 1501 2822 stortco
1523 2777 1770 2828 italiano,
1789 2777 1960 2831 prima
1974 2777 2127 2830 nerie,
2148 2781 2186 2820 t.
2202 2787 2295 2826 ιιι.
2310 2787 2434 2831 pag.
2447 2776 2691 2822 aiz—‘L’
2704 2778 2931 2833 original
2946 2779 3009 2822 de
3025 2786 3163 2823 cette
3186 2781 3280 2824 let·

813 2863 896 2896 tre
917 2852 1174 2907 plusieurs
1187 2849 1284 2894 fols
1294 2849 1667 2904 reprodulte...,
1681 2859 1736 2891 se
1755 2853 1940 2892 trouve
1958 2851 1990 2891 a
2010 2848 2063 2892 la
2084 2847 2445 2902 Bibliotheque
2458 2849 2739 2903 nationale,
2753 2849 2901 2894 fonds
2914 2849 3145 2903 franceis
3158 2849 3283 2904 312⁶,

833 2924 920 2968 fol.
948 2923 1003 2968 56
1034 2925 1066 2966 a
1091 2923 1166 2974 60,
1197 2922 1381 2966 ancien
1417 2921 1564 2964 fonds
1584 2919 1820 2964 Bethune
1842 2920 1995 2974 864‘2„
2028 2919 2417 2974 Rooocnmcm,
2439 2922 2472 2964 1.
2497 2932 2558 2974 c.,
2581 2931 2703 2976 cap.
2727 2932 2775 2971 x,
2795 2933 2915 2976 pag.
2935 2922 3032 2977 232,
3050 2930 3225 2967 annot.
3253 2926 3287 2966 1.

894 2995 918 3028 ²
971 2994 1094 3040 Fult
1115 2995 1213 3038 hoc
1233 3004 1368 3038 anno
1389 2993 1470 3036 dle
1492 2992 1544 3036 18
1562 2991 1756 3038 Martii.

893 3068 915 3100 ³
969 3067 1216 3111 Lucretia
1254 3073 1308 3110 et
1342 3066 1620 3119 Eteonon,
1656 3065 1810 3108 Anna
1841 3065 1979 3108 enim
2016 3064 2127 3118 jam
2156 3070 2277 3108 ante
2312 3065 2489 3108 decem
2524 3076 2686 3109 annos
2720 3072 2968 3121 nupserat
3002 3067 3283 3112 Franclsco

812 3139 944 3182 Daci
965 3139 1026 3182 de
1049 3138 1225 3186 Guise.
1247 3145 1300 3182 et
1322 3143 1500 3180 aetate
1519 3137 1766 3191 grandior
1787 3137 1949 3179 multo
1970 3141 2087 3179 erat
2108 3135 2187 3188 lis,
2218 3145 2348 3190 quas
2386 3137 2495 3189 lpse
2538 3135 2656 3180 Dux
2690 3135 2971 3182 Ferrariae
3006 3138 3269 3188 describit.

807 3210 932 3254 dum
952 3210 1044 3254 ait:
1065 3210 1156 3253 “ne
1179 3209 1244 3252 ml
1266 3207 1495 3264 parendo
1516 3207 1853 3251 conveniente
1876 3208 2046 3251 lassat
2066 3206 2161 3250 che
2182 3207 2279 3250 due
2304 3207 2403 3250 mie
2425 3206 2619 3260 flgllole
2649 3209 2739 3263 gia
2768 3204 2951 3263 grandi
2972 3241 2983 3262 .
3018 3220 3122 3254 una
3150 3211 3275 3255 nelli

807 3293 943 3327 xvm
961 3282 994 3327 l·
1013 3284 1153 3326 altra
1175 3280 1296 3342 nelli
1315 3291 1409 3324 xvt
1428 3280 1565 3332 anni,
1586 3279 1625 3322 ε’
1646 3281 1945 3323 αἱονειεεετο
1966 3279 2019 3322 in
2034 3284 2217 3332 questa
2234 3278 2368 3322 falsa
2382 3279 2715 3334 religionem„
2734 3279 2965 3324 Litteris
2980 3281 3054 3324 ad
3070 3281 3276 3335 Regem

813 3355 1026 3398 Galliae
1043 3354 1210 3402 datis.
1229 3359 1285 3396 ut
1307 3363 1481 3406 supra.
1507 3363 1553 3393 n.
1577 3351 1669 3404 122,
1692 3358 1866 3395 annot.
1890 3349 2089 3394 1.-Ubi
2108 3350 2208 3393 hoc
2229 3361 2429 3405 quoque
2464 3352 2743 3396 notandum
2773 3357 2868 3406 est,
2900 3363 2991 3407 ec..
3032 3360 3122 3398 aut
3142 3355 3277 3398 male

807 3426 996 3480 legisse
1017 3424 1206 3469 Momm
1229 3421 1436 3472 XVIII,
1455 3429 1548 3466 aut
1579 3424 1714 3467 male
1747 3423 2000 3475 scriptum
2035 3432 2068 3465 a
2102 3421 2378 3478 Catusotn,
2410 3423 2445 3466 l.
2480 3433 2543 3472 e..
2576 3422 2879 3468 Lucretiam
2916 3428 3097 3469 natam
3136 3435 3278 3468 anno

808 3497 962 3549 153⁴,
981 3503 1035 3540 et
1056 3508 1088 3541 a
1108 3496 1476 3539 Ronocanmcm
1499 3505 1633 3538 anno
1655 3493 1775 3537 1535.
2488 3491 2491 3495 ’
2803 3511 2807 3518 -

888 3571 912 3602 ⁴
967 3567 1190 3613 Videtur
1212 3567 1307 3611 hoc
1329 3567 1595 3610 decretum
1613 3567 1680 3610 ab
1701 3565 1788 3609 illo
1809 3564 2250 3620 distinguendum,
2272 3565 2335 3608 de
2356 3575 2455 3620 quo
2476 3576 2653 3620 snpra,
2674 3577 2723 3608 n.
2756 3564 2849 3610 107.
2876 3565 3009 3611 Illud
3041 3567 3177 3612 enlm
3205 3569 3279 3612 la·

806 3648 920 3685 tum
939 3647 1018 3684 est
1040 3640 1092 3683 18
1111 3639 1300 3692 Μαι-της
1322 3638 1418 3682 hoc
1439 3649 1472 3682 a
1493 3637 1650 3681 Patre
1673 3637 1954 3682 Pelletario
1974 3636 2210 3692 sequenti
2231 3636 2329 3689 die,
2352 3637 2393 3680 it
2412 3637 2471 3680 di
2492 3643 2753 3692 appresso
2772 3637 3047 3692 (ΒΑιτοιι.
3082 3640 3116 3684 l.
3138 3639 3274 3684 intra

807 3723 866 3765 c.,
889 3723 1010 3767 pag.
1033 3711 1144 3767 134),
1163 3711 1417 3756 redeunte
1431 3715 1548 3764 post
1564 3708 1889 3753 Dominicam
1904 3707 2204 3753 Palinurum
2220 3707 2273 3752 18
2286 3707 2461 3753 Martii
2477 3708 2779 3763 (Potamos,
2799 3707 2918 3764 hic),
2936 3709 3069 3755 Ducl
3084 3722 3269 3766 sugge-

805 3792 946 3828 stum
965 3790 1060 3827 est.

885 3855 909 3890 ⁸
961 3855 1153 3900 Nulllbi
1174 3856 1357 3899 horum
1377 3865 1622 3910 expresse
1643 3853 1850 3897 nomina
1869 3853 2182 3906 reperimus;
2203 3852 2295 3896 sed
2316 3852 2453 3896 hand
2477 3851 2703 3897 dubitari
2724 3859 2897 3908 potest
2914 3853 3164 3909 quosdam
3190 3865 3273 3898 eo-

801 3939 919 3972 rum
929 3939 1058 3980 esse.
1075 3937 1202 3982 quos
1216 3928 1268 3972 in
1283 3927 1516 3981 sequenti
1534 3923 1932 3970 domesticorum
1948 3923 2197 3968 Ducissae
2213 3924 2457 3978 catalogo
2472 3923 2683 3968 exhibet
2695 3922 3081 3970 Ronocmacm:
3094 3924 3273 3971 “voici

799 4000 920 4053 quel
939 3999 1068 4043 etait
1089 4010 1212 4043 vers
1230 4004 1370 4042 cette
1391 4001 1586 4052 epoqne
1607 3996 1749 4052 (1552)
1769 3998 1816 4040 le
1839 3995 1972 4039 Rote
1990 3995 2088 4038 des
2106 3993 2567 4048 gentilshommes,
2600 3996 2809 4049 dames,
2840 3997 3181 4042 demoiselles
3217 4000 3271 4041 et

796 4071 1031 4126 officiers
1049 4071 1359 4115 ordinaires
1382 4070 1448 4114 de
1469 4069 1526 4113 la
1545 4071 1757 4113 maison
1779 4069 1845 4112 de
1867 4068 2121 4112 madame
2144 4067 2325 4110 Rende
2343 4067 2411 4110 de
2428 4065 2654 4119 From-e,
2670 4068 2930 4113 duchesse
2941 4070 3009 4112 de
3028 4069 3269 4113 Ferrare

797 4146 852 4186 et
872 4143 938 4186 de
960 4142 1213 4189 chartres
1232 4140 1424 4196 (Funde
1444 4141 1688 4196 franceis,
1707 4139 1850 4192 3902,
1871 4139 1961 4184 fol.
1982 4139 2052 4190 52,
2074 4139 2255 4182 ancien
2276 4137 2425 4182 fonds
2445 4137 2680 4191 Bethune
2699 4139 2842 4194 8.527,
2866 4142 3020 4195 orig.)

1850 4275 2223 4322 CHAPELLE

1069 4393 1256 4437 Maitre
1277 4393 1590 4449 Hieronyme
1611 4391 1673 4434 de
1695 4390 1881 4435 Slenne
1892 4420 2146 4438 ..........
2204 4393 2487 4437 aumonler.

1071 4463 1098 4518 J
1103 4465 1236 4508 ehan
1257 4463 1318 4508 de
1341 4463 1514 4508 Buluc.
1530 4491 2131 4508 .......................
2194 4465 2332 4508 clerc
2352 4464 2415 4508 de
2436 4463 2689 4518 chapelle.

1069 4535 1229 4580 Frere
1251 4535 1470 4578 Etienne
1481 4562 2143 4580 .......................
2203 4535 2499 4580 confesseur
2519 4542 2572 4579 et
2592 4535 2871 4590 preeheur.

1060 4608 1227 4662 Jehan
1247 4607 1309 4650 de
1329 4605 1592 4650 Milleville
1602 4633 2129 4651 ....................
2191 4610 2309 4662 (que
2347 4618 2519 4651 mone
2533 4607 2781 4661 cignea:
2811 4608 2862 4652 le
2896 4607 2993 4652 duc

2189 4690 2373 4723 amena
2394 4679 2456 4722 de
2476 4677 2708 4732 France)
2737 4679 2993 4724 chanteur

2187 4762 2251 4794 en
2270 4761 2331 4795 sa
2350 4751 2601 4806 chapelle.
