3742 5392
1605 508 1729 566 ΑΝ.
1775 507 1917 566 1554
2893 509 3008 566 515

531 651 792 716 blicam
824 652 939 715 vel
968 652 1416 733 disciplinam
1445 654 1518 717 in
1548 654 1968 733 crepusculo
2000 652 2404 733 vespertino
2448 654 2520 715 in
2551 653 2859 733 quadam
2888 671 3001 716 ec·

535 760 775 838 clesia,
811 760 899 823 ad
932 777 1178 841 quam,
1216 761 1337 841 qui
1368 760 1706 840 cognosci
1737 760 2103 838 nolebant,
2140 759 2579 823 dissimulato
2610 760 2854 823 habitu
2882 778 3003 824 ve-

535 868 848 946 niebant;
881 878 950 931 et
980 877 1356 948 coeperunt
1395 867 1622 930 nostri
1652 884 1812 930 curn
1843 867 2091 948 paucis
2121 867 2349 948 primo
2380 867 2492 931 die
2520 867 2838 946 veneris;
2872 868 2999 932 sed

539 975 994 1055 sequentibus
1023 983 1223 1038 tanta
1253 973 1628 1038 multitudo
1659 973 2149 1052 conveniebat,
2183 983 2258 1037 ut
2288 991 2627 1054 magnum
2658 976 2999 1055 templum

538 1100 882 1164 quaerere
926 1083 1373 1164 compulerit,
1417 1091 1486 1146 et
1527 1083 1624 1145 ita
1676 1082 1765 1145 ad
1807 1081 2216 1145 cathedrale
2266 1083 2726 1146 transierunt,
2776 1083 3003 1147 Erant

539 1199 777 1254 autem
805 1190 1066 1271 partim
1095 1189 1388 1268 nobileS‚
1421 1189 1680 1271 partim
1703 1187 1981 1270 plebeji,
2016 1189 2133 1268 qui
2158 1189 2700 1268 conveniebant,
2735 1199 2805 1252 et
2833 1206 2995 1253 curn

537 1297 1105 1360 exhortationem
1155 1295 1538 1376 quamdam
1587 1295 1674 1358 de
1723 1295 1974 1377 primis
2026 1295 2263 1358 verbis
2313 1295 2599 1359 Domini
2649 1296 2721 1360 in
2770 1295 3003 1361 Cruce

536 1403 613 1468 P.
645 1405 1062 1469 Emmanuel
1091 1404 1453 1467 habuisset
1493 1421 1657 1466 cum
1684 1404 1921 1466 multis
1966 1402 2367 1467 auditorum
2398 1405 2769 1484 lacrymiS,
2818 1407 3006 1486 psal·

538 1528 730 1575 mum
770 1512 1118 1574 Miserere
1158 1511 1303 1574 mei
1336 1529 1422 1574 ac
1465 1511 1575 1572 De
1608 1509 2014 1591 profundis
2062 1510 2135 1572 in
2182 1511 2642 1591 consequenti
2688 1510 3008 1592 flagella-

537 1621 726 1684 tione
757 1619 1352 1700 pronunciabant,
1397 1636 1558 1682 cum
1598 1635 1861 1698 magna
1901 1619 2218 1698 ipsorum
2258 1617 2748 1682 aedificatione
2785 1628 2855 1682 et
2884 1637 3005 1699 po-

535 1727 682 1809 puli
714 1727 1117 1790 devotione.

661 1832 837 1896 1090.
926 1832 1180 1897 Omnia
1211 1834 1412 1912 haee,
1446 1842 1522 1896 ut
1550 1851 1764 1912 nova,
1799 1833 2054 1896 civitas
2085 1834 2261 1896 haec
2293 1833 2751 1897 vehementer
2792 1833 3005 1898 mira-

535 1941 785 2019 batur,
821 1949 889 2004 et
918 1941 1245 2004 dicebant
1275 1941 1462 2021 quod
1494 1959 1534 2004 a
1565 1940 1830 2003 nostris
1869 1939 2239 2004 christiani
2286 1957 2443 2003 esse
2481 1940 3004 2019 quodammodo

537 2048 1173 2128 compellebantur,
1207 2057 1275 2111 et
1306 2065 1391 2110 ea
1429 2047 1892 2110 veneratione
1934 2065 2019 2110 ac
2063 2047 2440 2110 devotione
2483 2048 3005 2128 prosequeban-

541 2165 657 2219 tur
687 2165 992 2232 nostros,
1025 2164 1103 2218 ut
1133 2154 1308 2217 nihil
1339 2154 1526 2234 quod
1555 2153 1926 2235 injungere
1958 2154 2062 2217 eis
2090 2155 2303 2217 vellet
2326 2173 2468 2217 non
2498 2154 3013 2235 impetraturus

535 2263 922 2326 videretur.
959 2260 1462 2342 Occupabatur
1494 2271 1728 2325 autem
1759 2260 1836 2323 P.
1871 2261 2289 2324 Emmanuel
2328 2261 2398 2324 in
2438 2262 2733 2342 pacibus
2773 2261 3007 2326 conci-

535 2370 793 2434 liandis
822 2378 890 2432 et
923 2368 1486 2432 confessionibus
1516 2369 1917 2446 audiendiS,
1952 2385 2085 2431 nec
2116 2368 2227 2432 die
2259 2378 2613 2448 noctuque
2642 2369 3009 2432 laboribus

536 2477 877 2558 parcebat
908 2494 1070 2539 cum
1110 2493 1269 2539 eam
1313 2476 1676 2540 civitatem
1715 2473 2089 2555 pacificam
2129 2475 2525 2555 relinquere
2568 2493 3037 2557 magnoperex

538 2592 850 2665 cuperet;
885 2583 1116 2664 coepit
1157 2594 1396 2646 autem
1433 2581 1778 2663 quosdam
1811 2583 2007 2645 viros
2038 2598 2504 2661 congregare,
2548 2583 2672 2662 qui
2709 2583 3009 2662 singulis

537 2691 897 2755 mensibus
947 2689 1488 2769 confiterentur,
1544 2699 1618 2753 ut
1669 2690 1848 2752 haec
1902 2699 2135 2752 turma
2180 2701 2427 2752 contra
2471 2689 2889 2753 daemonem
2934 2699 3005 2752 et

536 2799 1162 2876 murmurationes,
1217 2814 1520 2877 quarum
1562 2797 1714 2877 ipse
1765 2814 1988 2860 causa
2032 2805 2187 2860 erat
2223 2806 2473 2860 contra
2503 2814 2660 2876 eOS,
2695 2797 2817 2876 qui
2859 2813 3007 2860 am·

536 2906 720 2987 plius
760 2922 974 2985 quam
1013 2906 1230 2968 semel
1260 2905 1333 2967 in
1373 2922 1559 2967 anno
1601 2903 1691 2966 ad
1723 2913 2175 2968 sacramenta
2218 2903 2685 2982 accedebant,
2732 2920 3003 2984 pugna·

538 3023 677 3092 ret,
711 3021 779 3076 et
809 3013 1085 3092 aliquos
1115 3011 1489 3076 debiliores
1519 3011 1903 3086 animaret3
1942 3021 2010 3075 et
2047 3011 2148 3074 ita
2176 3011 2297 3074 alii
2335 3011 2635 3074 aliorum
2675 3013 3007 3092 exemplo

538 3121 629 3184 ad
676 3122 1147 3202 frequentiam
1198 3119 1633 3201 hujusmodi,
1688 3117 1965 3198 abjecto
2017 3119 2268 3184 timore
2318 3119 2664 3198 humane,
2714 3120 3001 3183 accede-

537 3231 743 3308 bant,
777 3228 1111 3293 mulieres
1139 3228 1424 3309 quidem
1453 3227 1605 3290 sine
1635 3243 1935 3290 numero
1975 3227 2069 3289 ad
2101 3223 2501 3306 hujusmodi
2533 3226 3007 3307 frequentiam

540 3336 1008 3416 accedebant,
1043 3345 1111 3399 et
1161 3351 1583 3398 accessurae
1634 3334 2093 3412 videbantur,
2148 3332 2274 3396 sed
2319 3333 2392 3396 in
2436 3333 2613 3398 viris
2658 3334 2800 3396 hoc
2851 3344 3009 3398 erat

539 3443 909 3508 difficilius,

665 3550 839 3614 1091.
929 3551 1150 3614 Erant
1173 3551 1244 3614 in
1266 3550 1592 3631 hospitiis
1616 3549 1767 3631 ejus
1796 3549 1995 3613 urbis
2025 3549 2348 3630 publicae
2379 3548 2729 3629 quaedam
2762 3548 3004 3612 mulie·

540 3677 686 3738 reS,
721 3677 810 3722 ex
840 3675 978 3738 quo
1009 3661 1270 3723 multae
1299 3657 1435 3720 Dei
1472 3656 1782 3721 offensae
1821 3659 2334 3738 sequebantur,
2368 3656 2527 3736 sed,
2560 3671 2824 3736 magna
2856 3656 3006 3720 dili·

536 3765 776 3844 gentia
809 3774 880 3830 et
907 3766 1150 3829 labore
1179 3765 1495 3829 adhibito
1525 3783 1568 3826 a
1595 3765 1881 3844 nostriS,
1908 3764 2332 3827 auctoritate
2355 3763 2820 3843 magistratus
2843 3763 3013 3828 inde

538 3874 879 3952 expulsae
928 3872 1213 3936 fuerunt
1267 3871 1310 3934 ¹:
1355 3871 1704 3952 quaedam
1746 3872 1961 3934 etiam
2006 3871 2337 3934 mulieres
2376 3888 2537 3934 cum
2568 3872 2671 3934 eis
2710 3872 2887 3934 viris
2929 3872 3004 3937 in

540 3979 989 4043 matrimonio
1013 3977 1304 4058 J‘unctae
1327 3978 1632 4057 fuerunt,
1661 3995 1824 4042 cum
1847 3979 2102 4058 quibus
2124 3979 2196 4041 in
2220 3987 2515 4059 peccato
2540 3980 2825 4042 mortali
2848 3996 3011 4044 sex·

538 4087 768 4151 decim
789 4095 858 4150 et
879 4089 1119 4168 plures
1149 4102 1377 4149 annos
1409 4085 1771 4164 vixerant;
1805 4085 2007 4148 multi
2036 4097 2105 4148 et
2136 4085 2498 4165 utriusque
2528 4103 2744 4149 sexus
2774 4104 2815 4149 a
2846 4104 3012 4167 pec-

537 4193 717 4256 catis
745 4191 1178 4273 hujusmodi,
1213 4191 1690 4255 concubinatu
1718 4192 1993 4270 relicte,
2020 4201 2490 4272 recesserunt,
2525 4202 2595 4255 et
2624 4194 2715 4256 ab
2746 4193 2850 4257 eis
2879 4193 2999 4256 ali·

537 4301 823 4380 quando
850 4301 1214 4380 precibuS‚
1263 4298 1645 4379 aliquando
1687 4297 2039 4363 infernum
2080 4309 2147 4363 et
2178 4307 2485 4386 mortem⁸
2516 4299 2999 4365 imminentem

539 4407 1039 4472 comminando
1059 4455 1075 4486 ,
1109 4407 1490 4488 aliquando
1522 4406 1682 4470 aliis
1712 4406 2111 4471 rationibus
2138 4407 2213 4470 hi
2242 4405 2493 4470 Patres
2535 4407 2624 4471 ab
2656 4407 2757 4470 eis
2787 4407 3001 4488 impe—

623 4613 640 4647 Ι
699 4611 778 4657 De
799 4613 923 4666 hoc,
945 4613 1078 4668 quod
1109 4612 1282 4657 nonin
1304 4610 1664 4666 Portuganlae
1686 4613 1850 4657 solum
1873 4613 1963 4656 sed
1993 4613 2044 4656 ln
2076 4613 2297 4656 omnium
2328 4613 2437 4657 fere
2467 4614 2734 4667 regionum
2763 4614 3008 4670 hospitiis

535 4685 898 4740 praevaluisse
930 4685 1027 4728 hoc
1060 4691 1289 4740 tempore
1309 4683 1535 4738 videtur,
1558 4685 1662 4737 legi
1697 4691 1913 4738 possunt
1934 4695 2068 4738 quae
2088 4685 2247 4728 habet
2278 4683 2607 4729 San-rrvanssz
2624 4717 2636 4740 ,
2659 4687 2691 4729 1.
2711 4695 2774 4740 c..
2797 4696 2949 4740 parte
2970 4699 3015 4740 ι,

537 4757 625 4802 lib.
647 4767 682 4808 ι,
704 4767 819 4812 cap.
840 4756 894 4800 27
913 4763 966 4801 et
984 4758 1234 4812 pleraque
1254 4756 1574 4809 Itineraria,
1592 4756 1836 4801 Clenardi
1852 4789 1864 4812 ,
1888 4755 2139 4810 stunigae
2155 4789 2166 4810 ,
2188 4762 2289 4800 etc.
2310 4757 2403 4800 illa
2423 4763 2597 4801 aetate
2618 4759 2932 4814 conscripta.
