3742 5392
1694 394 1816 451 ΑΝ.
1869 394 2004 451 1554
2988 392 3092 451 135

616 540 1011 619 republica,
1048 557 1260 619 quam
1292 550 1365 602 ut
1395 540 1663 603 exitum
1696 538 1956 602 ibidem
1985 548 2366 619 expectare
2396 537 2484 601 D.
2535 538 3082 617 Zarateposset.

616 646 895 709 cuidam
927 647 1279 710 advocato
1307 647 1524 709 nobili
1550 658 1837 725 veneto,
1864 648 1985 726 qui
2011 647 2372 725 negotium
2395 644 2522 708 Sti.
2553 643 2924 725 Sepulchri
2953 645 3085 708 fer·

620 762 864 816 venter
896 756 1263 833 amplexus
1294 764 1477 830 erat,
1514 770 1761 816 curam
1791 753 2072 834 reliquit
2101 764 2179 817 ut
2211 752 2381 815 illud
2410 762 2896 832 promoveret;
2927 768 3088 831 age-

618 860 822 922 batur
857 860 1043 923 enim
1088 860 1174 923 de
1218 860 1581 939 republica
1628 861 1745 923 illa
1778 860 1869 923 ad
1918 860 2104 923 hanc
2155 859 2814 922 confraternitatem
2872 859 3084 922 addu-

616 966 862 1030 cenda.
899 967 1055 1047 Ipse
1092 966 1104 997 ⁸
1138 976 1405 1045 autem,
1440 969 1569 1029 sub
1602 967 1767 1029 anni
1794 967 2036 1043 finem,
2066 968 2138 1028 in
2169 965 2527 1046 Illyricum
2558 966 2937 1043 navigans,
2962 966 3085 1029 ibi-

618 1074 777 1137 dem
798 1123 812 1151 ‚
846 1074 1101 1153 emptis
1130 1075 1363 1154 equis,
1402 1075 1493 1137 ad
1521 1090 1729 1153 reges
1751 1072 2115 1152 Ungariae
2133 1122 2146 1153 ,
2167 1073 2586 1150 Bohemiae,
2616 1090 2701 1136 ac
2720 1070 3081 1151 Poloniae,

618 1200 705 1244 ac
734 1179 985 1243 deinde
1014 1180 1107 1243 ad
1134 1180 1405 1259 Regem
1427 1180 1737 1259 Angliae
1771 1181 2169 1261 Philippum
2200 1181 2302 1244 ire
2335 1180 2718 1243 constituit.

742 1288 829 1351 Et
860 1290 1039 1351 haec
1067 1287 1153 1349 dc
1186 1288 1463 1351 Veneto
1494 1286 1817 1365 Collegio
1850 1288 2044 1350 dicta
2082 1288 2242 1349 sint.

1317 1766 1446 1831 DE
1488 1766 1640 1832 HIS
1685 1767 1945 1847 QUAE
1989 1765 2436 1829 MORBENII

1192 2026 1293 2070 ET
1345 2026 1569 2071 ALIIS
1624 2026 1855 2071 LOCIS
1909 2026 2159 2071 CITRA
2219 2027 2506 2073 ROMAM

1634 2133 1864 2178 GESTA
1911 2133 2089 2177 SUNT

738 2461 879 2524 270.
966 2462 1331 2525 Evocatus
1360 2463 1594 2526 fuerat
1624 2462 1992 2526 Morbenio
2031 2461 2105 2524 P.
2141 2461 2476 2525 Andreas
2521 2462 2992 2525 Galvanellus
3021 2462 3090 2525 in

617 2580 959 2632 autumno
989 2569 1479 2648 praecedentis
1511 2569 1677 2632 anni
1706 2579 1783 2631 ut
1815 2569 2159 2632 Venetias
2190 2570 2324 2631 iret
2364 2569 2420 2645 ²;
2465 2569 2793 2647 quamvis
2825 2570 3088 2632 litteru-

618 2680 729 2739 lae
758 2677 1073 2739 inclusae
1096 2676 1379 2740 fuerunt
1404 2676 1561 2739 aliis
1579 2724 1593 2753 ,
1620 2676 1876 2755 quibus
1900 2676 2440 2755 permittebatur
2465 2684 2570 2753 ut,
2597 2676 2826 2739 sinon
2848 2686 3092 2756 posset

616 2784 769 2845 sine
820 2798 1083 2861 magna
1132 2783 1730 2846 morbeniensium
1781 2782 2168 2846 offensione
2220 2784 2591 2861 recedere,
2650 2800 2792 2845 non
2850 2784 3090 2846 statim

619 2889 808 2969 quod
837 2890 903 2952 ei
931 2887 1005 2952 P.
1042 2889 1361 2969 Ignatius
1390 2887 1804 2969 injungebat
1835 2899 2308 2970 exequeretur
2339 2887 2384 2965 ³;
2415 2889 2542 2951 sed
2583 2890 2722 2965 ille,
2768 2889 3090 2953 obedien·

620 2998 717 3059 tia
748 3006 1075 3077 accepta,
1108 2996 1274 3059 dum
1305 3007 1512 3077 parat
1543 3014 1938 3073 recessum,
1971 2996 2310 3060 sacerdos
2341 2996 2661 3076 quidam,
2690 2996 2810 3077 qui
2840 3006 3091 3060 contra

622 3104 863 3185 populi
901 3105 1341 3167 voluntatem
1380 3103 1795 3183 parochiam
1836 3103 2402 3166 morbeniensem
2454 3102 2724 3166 Romae
2781 3104 3090 3167 obtinue-

628 3220 771 3289 rat,
806 3227 968 3272 cum
984 3210 1130 3273 suis
1150 3210 1403 3274 litteris
1418 3209 1853 3290 Apostolicis
1877 3209 2322 3273 Morbenium
2343 3220 2657 3290 venerat,
2679 3218 2748 3273 et
2763 3209 2850 3273 de
2879 3212 3090 3291 impe-

623 3316 831 3379 tratis
860 3316 1112 3379 litteris
1142 3316 1577 3397 Apostolicis
1600 3318 1831 3397 coepit
1856 3334 2253 3380 sermonem
2279 3316 2548 3395 facere;
2577 3328 2645 3379 et
2669 3335 2892 3397 usque
2915 3316 3092 3381 adeo

622 3424 943 3485 irritatus
971 3422 1101 3486 fuit
1130 3426 1461 3504 populuS,
1494 3434 1571 3487 ut
1622 3433 1874 3487 contra
1907 3422 1982 3485 P.
2038 3423 2404 3487 Andream
2463 3424 2598 3486 viri
2627 3434 2697 3486 et
2740 3422 3094 3487 foeminae

622 3531 1111 3609 insurgerent,
1146 3531 1349 3609 quasi
1380 3547 1505 3593 eos
1535 3548 1661 3610 per
1688 3532 1879 3594 hunc
1909 3547 2274 3594 recessum
2298 3531 2659 3610 proderet;
2685 3541 2752 3593 et
2777 3548 2941 3595 cum
2971 3533 3092 3594 ali-

625 3646 794 3716 quot
827 3636 1309 3700 hebdomadas
1336 3648 1815 3717 expectasset,
1850 3636 2176 3717 deposita
2207 3638 2608 3700 animarum
2637 3655 2843 3714 cura,
2879 3654 3092 3717 quam

629 3743 963 3807 Vicarius
991 3754 1439 3822 exercuerat,
1481 3745 1609 3807 sub
1642 3745 1808 3807 anni
1858 3744 2070 3807 finem
2120 3744 2646 3807 morbenienses
2695 3746 3092 3809 rationibus

625 3866 787 3913 eum
809 3852 1350 3930 aggrediuntur-3
1375 3868 1543 3915 nam
1565 3868 1727 3914 cum
1750 3850 1825 3914 P.
1852 3851 2170 3931 Ignatius
2194 3851 2594 3933 scripsisset
2614 3861 2690 3915 ut
2719 3852 2905 3914 bona
2928 3870 3091 3916 cum

623 3957 861 4036 gratia
891 3957 1077 4021 illius
1108 3958 1347 4037 populi
1375 3959 1771 4035 recederet,
1808 3969 1878 4021 et
1908 3959 2230 4021 ordinem
2251 3976 2458 4038 quem
2483 3969 2722 4039 posset
2745 3961 3090 4039 optimum

620 4064 1105 4145 spiritualibus
1128 4064 1201 4128 in
1226 4065 1435 4127 rebus
1450 4065 1900 4146 relinqueret,
1929 4065 1999 4128 id
2022 4083 2166 4128 non
2191 4082 2345 4127 esse
2370 4064 2806 4145 effecturum,
2835 4067 2896 4131 si
2919 4075 3087 4131 tunc

626 4172 1027 4251 recederet,
1062 4172 1137 4235 P.
1173 4172 1535 4236 Andream
1586 4172 2063 4251 affirmabant,
2115 4174 2240 4236 sed
2271 4174 2382 4236 his
2419 4176 2808 4253 contraria,
2845 4185 2913 4238 et
2942 4194 3085 4239 ma-

622 4295 931 4358 gnorum
973 4279 1585 4343 incommodorum
1634 4298 1927 4343 causam
1972 4281 2202 4360 ipsum
2235 4280 2545 4344 futurum
2575 4298 2761 4359 esse,
2797 4294 2866 4345 et
2905 4283 3089 4347 forte

1025 4422 1057 4429 -.

712 4484 725 4512 ¹
783 4482 969 4525 Petrus
988 4483 1050 4525 de
1072 4482 1282 4528 Zarate.

706 4556 729 4584 ²
781 4553 915 4597 Vide
938 4564 1114 4607 supra,
1135 4562 1172 4598 t.
1194 4564 1271 4605 m.
1292 4565 1412 4609 pag.
1438 4556 1532 4607 127,
1554 4566 1600 4598 n.
1621 4556 1717 4601 250.
1740 4564 1790 4599 et
1814 4566 1935 4609 pag.
1961 4556 2050 4605 129.
2075 4567 2156 4599 nn.
2179 4556 2260 4599 256
2280 4565 2331 4600 et
2353 4558 2447 4601 257.

706 4624 728 4649 ⁹·
784 4624 893 4668 Has
912 4627 1119 4669 litteras
1144 4626 1258 4669 vide
1282 4626 1434 4675 infra.
1457 4634 1629 4669 ann'vt.
1654 4627 1717 4670 ad
1738 4638 1786 4669 n.
1810 4628 1906 4670 ¹273.
