3742 5392
1652 453 1779 510 AN.
1827 451 1963 511 1554
3017 455 3056 512 7

707 602 769 662 5.
855 599 1308 663 Laborarunt
1368 599 1516 663 fere
1579 599 2057 680 quadraginta
2118 616 2209 662 ex
2269 599 2533 663 nostris
2591 600 2839 663 morbo
2890 617 3056 682 quo·

587 709 756 771 dam
775 755 790 786 ,
827 707 947 788 qui
976 707 1047 770 in
1077 707 1277 770 Italia
1309 709 1445 771 hoc
1477 725 1662 770 anno
1693 705 1868 770 satis
1899 709 2240 769 molestus
2267 706 2429 779 fuit,
2461 708 2829 786 catarrhO,
2873 709 3051 772 scili-

590 823 736 895 cet,
777 813 1091 878 febribus
1133 815 1450 878 admixto
1475 863 1489 892 ,
1533 815 1716 877 inter
1759 831 1939 894 quos
1977 813 2108 877 fuit
2148 814 2298 893 ipse
2336 813 2411 876 P.
2457 813 2776 893 Ignatius
2822 813 2863 874 ¹.
2916 815 3053 878 Ho-

589 938 748 984 rum
781 921 804 951 ³
833 921 1060 1001 major
1084 939 1253 1001 pars
1275 929 1345 984 et
1368 922 1699 985 selectior
1723 921 1796 984 in
1811 921 2129 1000 Collegio
2146 921 2534 1000 habitabat,
2553 921 2673 984 ubi
2689 921 3059 1000 praedicto

587 1044 832 1092 mense
861 1027 1050 1107 Maj0
1083 1028 1539 1110 septuaginta
1571 1027 1656 1090 de
1686 1028 1951 1091 nostris
1980 1035 2217 1090 erant:
2248 1034 2497 1107 postea
2534 1044 2872 1092 numerus
2913 1045 3057 1092 cre-

589 1135 729 1198 vit:
763 1135 982 1215 aliqui
1009 1135 1082 1198 in
1113 1134 1431 1214 Collegio
1461 1133 1891 1198 Germanico
1930 1134 2442 1213 versabantur,
2490 1143 2567 1198 ut
2604 1152 2727 1198 eos
2760 1133 3063 1214 Juvenes

589 1243 705 1305 vel
755 1250 1089 1322 regerent
1139 1243 1254 1305 vel
1305 1241 1730 1322 adjuvarent
1787 1239 1842 1320 8;
1902 1240 2155 1322 reliqui
2198 1242 2269 1304 in
2314 1240 2524 1304 domo
2574 1241 3059 1321 professorum

588 1359 826 1428 erant;
859 1358 929 1413 et
959 1349 1160 1412 multi
1191 1367 1280 1412 ex
1310 1348 1633 1412 Inferiori
1662 1345 2049 1412 Germania
2068 1396 2083 1426 ,
2117 1347 2442 1411 Lovanio
2472 1348 2834 1412 scilicet'et
2858 1349 3055 1412 Colo-

590 1457 742 1536 nia,
776 1457 1008 1536 missi;
1041 1474 1184 1519 non
1212 1457 1422 1537 pauci
1453 1457 1668 1519 etiam
1696 1473 1788 1519 ex
1819 1454 2197 1535 Hispania,
2232 1461 2309 1517 ut
2349 1464 2496 1518 tam
2538 1455 2778 1518 multis
2819 1473 3057 1520 mune·
3158 1521 3170 1540 ,

591 1563 794 1628 ribus
825 1564 1174 1643 susceptis
1206 1573 1447 1643 posset
1477 1561 1837 1640 satisfieri,
1873 1562 2391 1640 evocabantur;
2437 1561 2688 1642 reliqui
2726 1562 3057 1627 eit-Italia

595 1671 902 1735 Romam
958 1669 1430 1746 accedebant,
1485 1687 1652 1732 nam
1700 1669 2141 1749 probationis
2194 1668 2433 1748 gratia
2487 1668 2634 1732 fere
2689 1687 2832 1732 non
2890 1669 3061 1733 alibi

589 1795 806 1858 quam
831 1777 1102 1840 Romae
1133 1778 1408 1841 admitti
1440 1777 1510 1840 id
1540 1777 1881 1856 temporis
1912 1777 2254 1840 solebant.

709 1884 769 1946 6.
855 1884 1010 1947 Hoc
1043 1903 1229 1948 anno
1261 1901 1422 1948 cum
1451 1883 1528 1947 P.
1563 1881 1810 1947 Simon
1837 1881 1862 1913 ⁴
1890 1882 2160 1946 Romae
2190 1893 2601 1947 versaretur
2640 1893 2709 1946 et
2752 1885 2937 1948 male
2978 1903 3053 1948 se

593 2000 970 2072 acceptum
1007 1991 1224 2055 fuisse
1263 1993 1352 2054 ab
1397 1992 1554 2055 aliis
1598 1992 1684 2055 de
1729 1990 2098 2055 Lusitania
2138 2003 2588 2071 quereretur;
2636 2009 2798 2054 cum
2842 1992 3055 2055 etiam

586 2109 828 2162 essent
856 2097 1127 2162 Romae
1157 2099 1233 2162 P.
1263 2097 1672 2162 Ludovicus
1702 2096 2060 2161 Gonzalez
2090 2106 2157 2160 et
2196 2095 2273 2159 P.
2315 2096 2663 2161 Melchior
2709 2097 3050 2176 Carnem,

585 2205 708 2285 qui
739 2222 1024 2284 eorum,
1068 2223 1248 2286 quae
1293 2214 1495 2284 gesta
1535 2215 1738 2267 erant
1777 2205 1849 2268 in
1888 2222 1973 2267 ea
2012 2204 2417 2284 provincia,
2460 2205 2739 2285 culpam
2780 2206 2855 2268 in
2893 2222 3055 2268 eum

583 2310 1030 2390 rejiciebant,
1071 2313 1308 2376 visum
1345 2321 1453 2375 est
1491 2312 1569 2375 P.
1613 2311 1893 2392 Ignatio
1936 2311 2353 2392 quibusdam
2401 2312 2886 2376 sacerdotibus
2928 2311 3053 2376 So-

585 2420 867 2482 cietatis
896 2419 1268 2500 professiS,
1303 2420 1422 2500 qui
1461 2421 1650 2499 apud
1689 2420 1922 2498 ipsum
1959 2419 2469 2498 versabantur,
2512 2420 2880 2499 negotium
2915 2421 3051 2482 hoc

585 2527 1028 2590 committere
1055 2535 1134 2589 ut
1155 2575 1169 2604 ,
1203 2526 1503 2605 scilicet,
1540 2527 1800 2589 auditis
1834 2509 1978 2602 his,
2013 2543 2195 2606 quae
2234 2527 2561 2606 utrinque
2604 2526 3046 2606 dicebantur,

585 2634 958 2697 definirent
989 2651 1206 2715 penes
1237 2651 1451 2714 quam
1479 2641 1757 2712 partem
1787 2635 1996 2713 culpa
2026 2642 2244 2710 esset,
2276 2644 2353 2695 ut
2382 2632 2457 2695 P.
2502 2633 2823 2712 Ignatius
2858 2633 3049 2696 dein—

581 2742 702 2820 de,
759 2741 947 2822 quod
994 2741 1187 2804 facto
1249 2758 1427 2821 opus
1484 2751 1702 2819 esset,
1762 2739 2248 2803 constitueret.
2313 2738 2587 2803 Placuit
2646 2749 2883 2802 autem
2933 2740 3046 2803 de-

581 2849 893 2928 signatio
917 2850 1172 2912 horum
1195 2848 1669 2927 sacerdotum,
1699 2849 1819 2928 qui
1835 2845 2221 2926 J'udicaturi
2244 2857 2470 2924 erant,
2500 2856 2645 2910 tam
2670 2846 2745 2909 P.
2778 2845 3047 2911 Simoni

582 2973 796 3035 quam
847 2956 1008 3020 aliis
1049 2955 1196 3035 J‘am
1236 2956 1618 3018 nominatis
1655 2951 1716 3034 ις;
1761 2964 1862 3034 et,
1906 2955 2115 3017 rebus
2152 2953 2529 3033 diligenter
2573 2954 2915 3018 discussis
2957 2973 3048 3018 ac·

577 3063 738 3126 Deo
769 3062 1314 3142 commendatiS,
1350 3061 1538 3143 apud
1567 3062 1642 3126 P.
1678 3060 2037 3126 Simonem
2067 3061 2347 3141 culpam
2379 3078 2535 3124 esse
2572 3073 2643 3125 et
2673 3079 2814 3125 non
2856 3063 3045 3142 apud

577 3170 764 3233 alios
795 3170 1386 3250 pronunciarunt;
1423 3179 1490 3233 et
1521 3186 1683 3232 eum
1713 3187 2056 3258 praesens
2085 3180 2273 3231 esset
2302 3169 2452 3249 ipse
2483 3167 2558 3231 P.
2591 3168 2833 3232 Simon
2874 3170 3045 3232 dum

577 3277 718 3340 hoc
747 3277 1375 3356 pronunciaretur,
1407 3277 1795 3354 humiliter,
1829 3276 2131 3354 genibus
2161 3274 2364 3338 flexis
2392 3273 2451 3356 ⁶,
2486 3275 2857 3339 admittere
2886 3294 3038 3340 sen-

657 3481 674 3514 *
733 3481 818 3525 “In
839 3488 1024 3536 questo
1045 3493 1184 3526 mese
1205 3482 1250 3525 d·
1277 3482 1456 3535 Aprile
1479 3485 1620 3532 (cosa
1642 3480 1736 3524 che
1771 3481 1877 3524 mai
1911 3480 1981 3524 ha
2016 3491 2253 3524 soccesso
2287 3480 2394 3524 alla
2429 3479 2752 3534 Compagnia
2782 3487 2963 3526 nostra
2987 3483 3042 3526 in

573 3553 760 3602 Roma)
777 3554 915 3598 nella
937 3564 1062 3596 casa
1080 3561 1260 3597 nostra
1281 3561 1331 3596 et
1353 3552 1584 3606 collegio
1605 3553 1648 3596 si
1672 3553 1844 3596 hanno
1865 3553 2099 3596 amalato
2120 3552 2209 3606 piu
2229 3551 2279 3594 dl
2304 3559 2474 3595 trenta
2495 3553 2615 3596 delli
2638 3553 2803 3596 nostrl
2833 3554 2989 3604 (vero
3011 3559 3038 3598 e

569 3625 670 3669 che
689 3635 784 3680 per
801 3626 979 3680 gratia
999 3625 1082 3668 del
1103 3624 1319 3680 sig-nore
1337 3627 1392 3668 la
1413 3624 1652 3678 maggior
1672 3631 1822 3678 parte
1847 3625 2002 3668 stain
2017 3623 2428 3667 convalescendo
2442 3628 2496 3666 et
2512 3633 2613 3666 non
2629 3635 2755 3666 sono
2778 3625 3041 3670 infermlta

569 3697 894 3752 periculose),
915 3703 1002 3742 tra
1021 3697 1058 3742 li
1079 3697 1218 3752 quali
1241 3696 1298 3739 vi
1317 3707 1441 3740 sono
1463 3695 1654 3740 Nostro
1676 3695 1864 3748 Padre,
1885 3695 1922 3739 il
1942 3695 1999 3738 P.
2020 3694 2172 3739 Mtro.
2195 3695 2419 3738 Polanco
2434 3728 2445 3748 ,
2481 3697 2517 3740 il
2540 3696 2807 3740 licentiato
2837 3696 3040 3741 Madrld

571 3769 656 3812 col
678 3781 770 3813 sno
791 3767 1018 3822 fratello,
1041 3776 1094 3812 et
1116 3769 1212 3812 due
1234 3767 1357 3812 delli
1375 3755 1465 3822 gia
1486 3766 1732 3812 destinati
1750 3778 1841 3821 per
1855 3767 2365 3820 Genova...„—Alius
2379 3779 2411 3810 a
2429 3767 2649 3811 Polanco
2665 3767 2909 3820 (Joannes
2924 3769 3043 3814 Phi-

567 3841 742 3895 lippus
761 3839 930 3891 Vito?)
951 3850 1017 3882 ex
1036 3838 1228 3892 Ignatii
1251 3850 1404 3892 com„
1427 3839 1573 3883 Patri
1594 3838 1788 3891 Jacobo
1809 3838 2021 3894 Laynez
2040 3838 2097 3881 26
2117 3839 2315 3892 Aprilis
2338 3839 2455 3882 155⁴.

655 3911 677 3944 ²
733 3909 929 3957 Horum
951 3917 1157 3955 centum
1177 3918 1230 3954 et
1252 3911 1642 3966 quinquaginta.
1667 3911 1752 3964 qul
1775 3911 1971 3954 Romae
1992 3912 2087 3954 sub
2109 3911 2230 3954 anni
2252 3909 2404 3955 finem
2425 3913 2699 3966 degebant.

653 3985 674 4014 ⁵
729 3983 924 4027 Eorum
947 3993 1075 4027 unus
1096 3989 1214 4028 erat
1233 3982 1290 4026 P.
1311 3983 1551 4026 Andreas
1573 3980 1806 4035 Frusius,
1828 3983 1915 4037 qui
1936 3982 2089 4036 hujus
2110 3981 2230 4026 anui
2254 3982 2403 4026 initio
2424 3983 2613 4036 duplici
2632 3995 2845 4028 munere
2863 3984 3040 4041 funge-

566 4057 744 4108 batur,
764 4055 1002 4099 Rectoris
1022 4055 1268 4098 videlicet
1289 4053 1508 4108 collegii
1529 4053 1825 4098 Germanici
1846 4060 1900 4096 et
1922 4054 2135 4098 lectoris
2156 4053 2460 4108 scripturae
2492 4055 2685 4100 Sacrae
2721 4057 2773 4100 in
2803 4055 3037 4112 eouegio

565 4127 819 4170 Romano.
841 4125 1115 4169 Lectiones
1135 4132 1310 4169 tamen
1331 4125 1382 4168 in
1403 4125 1523 4170 anni
1544 4125 1766 4168 decursu
1787 4125 2081 4179 intermisit,
2103 4131 2160 4168 ut
2181 4127 2267 4169 uni
2289 4137 2353 4168 ex
2376 4126 2571 4170 duobus
2603 4129 2899 4183 theologiae
2932 4137 3039 4174 tra·

562 4197 802 4242 ctatibns
819 4207 911 4240 seu
934 4196 1082 4241 libris
1102 4196 1418 4240 conficiendo
1439 4196 1780 4249 incumberet,
1802 4207 1931 4251 quos
1952 4196 2247 4252 expetierat
2268 4197 2379 4241 Rex
2402 4197 2769 4243 Romanorum.

645 4270 670 4302 ⁴
725 4267 783 4312 P.
808 4267 981 4313 Simon
1003 4267 1310 4322 Rodrlguez.
1994 4305 2007 4314 .

645 4340 672 4373 ⁵
723 4339 1000 4394 Designati
1036 4342 1103 4384 ab
1134 4339 1339 4394 Ignatlo
1367 4340 1566 4394 judices
1599 4339 1742 4383 fuere
1777 4339 1877 4384 PP.
1896 4340 2201 4384 Emmanuel
2236 4341 2425 4396 Miona,
2464 4342 2718 4388 Martinus
2752 4344 2815 4387 de
2847 4342 3032 4396 Olave,

563 4411 794 4465 joannes
814 4412 876 4456 de
899 4411 1125 4456 Polanco
1146 4416 1200 4454 et
1222 4410 1436 4455 Pontius
1459 4411 1814 4466 Cogordanus.

641 4481 667 4516 ⁰
721 4481 896 4527 “Mtrm
921 4482 1113 4538 Simon,
1134 4494 1231 4537 que
1252 4485 1435 4527 estaba
1456 4483 1726 4534 asentado,
1747 4495 1803 4526 se
1825 4484 2096 4528 descubrio
2116 4486 2169 4530 la
2188 4486 2401 4538 cabeza,
2420 4499 2455 4541 y
2472 4497 2525 4530 se
2542 4487 2693 4532 hinco
2710 4487 2771 4530 de
2799 4488 3035 4540 rodinus,

559 4557 625 4598 de
643 4567 774 4612 suyo
791 4554 1017 4609 movido;
1037 4567 1073 4611 y
1092 4555 1378 4598 diciendole
1400 4567 1498 4608 que
1519 4567 1574 4599 se
1595 4556 1869 4600 levantase
1890 4567 1947 4598 se
1968 4560 2175 4615 egcusd.
2198 4557 2495 4601 mostrando
2526 4569 2621 4611 que
2656 4569 2749 4611 por
2778 4571 2841 4602 su
2876 4561 3031 4604 devo-

559 4627 680 4671 cion
700 4629 884 4681 queria
902 4628 982 4672 asi
1001 4627 1080 4670 oir
1099 4627 1150 4670 lo
1171 4637 1268 4679 que
1290 4627 1337 4669 le
1359 4627 1594 4681 quedaba
1615 4627 1678 4670 de
1709 4627 1762 4671 la
1789 4628 2105 4680 sentencia.„
2134 4627 2216 4671 Ita
2245 4627 2297 4671 in
2331 4630 2468 4672 actis
2496 4629 2720 4682 signatis
2748 4643 2780 4674 a
2810 4641 3039 4686 quatuor

557 4697 822 4753 judicibus
841 4703 896 4742 et
917 4709 950 4744 a
970 4697 1072 4740 PP.
1095 4695 1345 4742 Carneiro
1365 4704 1416 4742 et
1437 4697 1712 4750 Gonzalez.
1732 4699 1784 4742 in
1805 4699 2040 4742 Archivo
2062 4699 2175 4743 Soc.
2197 4698 2344 4744 Rom.
