<?xml version="1.0" encoding="UTF-8"?>
<!DOCTYPE html PUBLIC "-//W3C//DTD XHTML 1.0 Transitional//EN"
    "http://www.w3.org/TR/xhtml1/DTD/xhtml1-transitional.dtd">
<html xmlns="http://www.w3.org/1999/xhtml" xml:lang="en" lang="en">
 <head>
  <title>
</title>
<meta http-equiv="Content-Type" content="text/html;charset=utf-8" />
  <meta name='ocr-system' content='tesseract 3.04.00' />
  <meta name='ocr-capabilities' content='ocr_page ocr_carea ocr_par ocr_line ocrx_word'/>
</head>
<body>
  <div class='ocr_page' id='page_1' title='image "./vitaignatiiloio02polagoog_0635.png"; bbox 0 0 3742 5392; ppageno 0'>
   <div class='ocr_carea' id='block_1_1' title="bbox 1596 504 3006 567">
    <p class='ocr_par' dir='ltr' id='par_1_1' title="bbox 1596 504 3006 567">
     <span class='ocr_line' id='line_1_1' title="bbox 1596 504 3006 567; baseline -0.002 -1"><span class='ocrx_word' id='word_1_1' title='bbox 1596 506 1725 567; x_wconf 77' lang='grc' dir='ltr'>ΑΝ.</span> <span class='ocrx_word' id='word_1_2' title='bbox 1771 508 1910 567; x_wconf 80' lang='grc'><strong>1554</strong></span> <span class='ocrx_word' id='word_1_3' title='bbox 2895 504 3006 563; x_wconf 88' lang='grc'>613</span> 
     </span>
    </p>
   </div>
   <div class='ocr_carea' id='block_1_2' title="bbox 508 650 3000 4275">
    <p class='ocr_par' dir='ltr' id='par_1_2' title="bbox 528 650 3000 1274">
     <span class='ocr_line' id='line_1_2' title="bbox 530 650 3000 738; baseline -0.004 -15"><span class='ocrx_word' id='word_1_4' title='bbox 530 674 627 723; x_wconf 83' lang='lat' dir='ltr'>ex</span> <span class='ocrx_word' id='word_1_5' title='bbox 666 657 953 736; x_wconf 80' lang='lat' dir='ltr'>nostriS,</span> <span class='ocrx_word' id='word_1_6' title='bbox 988 657 1171 720; x_wconf 90' lang='lat' dir='ltr'>inter</span> <span class='ocrx_word' id='word_1_7' title='bbox 1190 673 1379 737; x_wconf 37' lang='lat' dir='ltr'>,quos</span> <span class='ocrx_word' id='word_1_8' title='bbox 1407 654 1761 738; x_wconf 74' lang='lat' dir='ltr'>josephus</span> <span class='ocrx_word' id='word_1_9' title='bbox 1790 654 1922 719; x_wconf 88' lang='lat' dir='ltr'>fuit</span> <span class='ocrx_word' id='word_1_10' title='bbox 1949 654 1990 715; x_wconf 85' lang='lat'>¹.</span> <span class='ocrx_word' id='word_1_11' title='bbox 2025 653 2540 733; x_wconf 90' lang='lat' dir='ltr'>Piratiningam</span> <span class='ocrx_word' id='word_1_12' title='bbox 2569 669 2732 715; x_wconf 91' lang='lat' dir='ltr'>cum</span> <span class='ocrx_word' id='word_1_13' title='bbox 2762 650 3000 731; x_wconf 89' lang='lat' dir='ltr'>pueris</span> 
     </span>
     <span class='ocr_line' id='line_1_3' title="bbox 532 758 2998 845; baseline -0.003 -18"><span class='ocrx_word' id='word_1_14' title='bbox 532 763 672 829; x_wconf 88' lang='lat' dir='ltr'>hoc</span> <span class='ocrx_word' id='word_1_15' title='bbox 702 780 891 827; x_wconf 89' lang='lat' dir='ltr'>anno</span> <span class='ocrx_word' id='word_1_16' title='bbox 920 772 1420 844; x_wconf 88' lang='lat' dir='ltr'>pervenerunt,</span> <span class='ocrx_word' id='word_1_17' title='bbox 1452 772 1523 827; x_wconf 90' lang='lat' dir='ltr'>et</span> <span class='ocrx_word' id='word_1_18' title='bbox 1553 764 1626 827; x_wconf 91' lang='lat' dir='ltr'>in</span> <span class='ocrx_word' id='word_1_19' title='bbox 1656 779 1967 845; x_wconf 85' lang='lat' dir='ltr'>paupere</span> <span class='ocrx_word' id='word_1_20' title='bbox 1997 771 2066 826; x_wconf 92' lang='lat' dir='ltr'>et</span> <span class='ocrx_word' id='word_1_21' title='bbox 2097 770 2402 841; x_wconf 89' lang='lat' dir='ltr'>angusta</span> <span class='ocrx_word' id='word_1_22' title='bbox 2432 760 2862 825; x_wconf 85' lang='lat' dir='ltr'><strong>domuncula</strong></span> <span class='ocrx_word' id='word_1_23' title='bbox 2886 758 2998 821; x_wconf 89' lang='lat' dir='ltr'>die</span> 
     </span>
     <span class='ocr_line' id='line_1_4' title="bbox 528 865 2998 952; baseline -0.003 -17"><span class='ocrx_word' id='word_1_24' title='bbox 528 871 1027 935; x_wconf 82' lang='lat' dir='ltr'>conversionis</span> <span class='ocrx_word' id='word_1_25' title='bbox 1067 871 1147 934; x_wconf 93' lang='lat' dir='ltr'>B.</span> <span class='ocrx_word' id='word_1_26' title='bbox 1190 870 1391 935; x_wconf 89' lang='lat' dir='ltr'>Pauli</span> <span class='ocrx_word' id='word_1_27' title='bbox 1428 872 1733 952; x_wconf 85' lang='lat' dir='ltr'>primam</span> <span class='ocrx_word' id='word_1_28' title='bbox 1770 870 2066 935; x_wconf 85' lang='lat' dir='ltr'>Missam</span> <span class='ocrx_word' id='word_1_29' title='bbox 2113 869 2587 948; x_wconf 89' lang='lat' dir='ltr'>celebrarunt,</span> <span class='ocrx_word' id='word_1_30' title='bbox 2631 876 2701 931; x_wconf 91' lang='lat' dir='ltr'>et</span> <span class='ocrx_word' id='word_1_31' title='bbox 2744 865 2903 930; x_wconf 88' lang='lat' dir='ltr'>ideo</span> <span class='ocrx_word' id='word_1_32' title='bbox 2933 866 2998 929; x_wconf 89' lang='lat' dir='ltr'>ei</span> 
     </span>
     <span class='ocr_line' id='line_1_5' title="bbox 534 972 2996 1058; baseline -0.003 -16"><span class='ocrx_word' id='word_1_33' title='bbox 534 978 822 1042; x_wconf 90' lang='lat' dir='ltr'>domum</span> <span class='ocrx_word' id='word_1_34' title='bbox 859 988 1184 1053; x_wconf 88' lang='lat' dir='ltr'>nostram</span> <span class='ocrx_word' id='word_1_35' title='bbox 1218 979 1663 1057; x_wconf 85' lang='lat' dir='ltr'>dedicarunt,</span> <span class='ocrx_word' id='word_1_36' title='bbox 1708 994 1892 1058; x_wconf 88' lang='lat' dir='ltr'>quae</span> <span class='ocrx_word' id='word_1_37' title='bbox 1937 976 2064 1043; x_wconf 87' lang='lat' dir='ltr'>Sti.</span> <span class='ocrx_word' id='word_1_38' title='bbox 2109 976 2312 1041; x_wconf 88' lang='lat' dir='ltr'>Pauli</span> <span class='ocrx_word' id='word_1_39' title='bbox 2353 976 2546 1040; x_wconf 89' lang='lat' dir='ltr'>dicta</span> <span class='ocrx_word' id='word_1_40' title='bbox 2589 973 2743 1053; x_wconf 82' lang='lat' dir='ltr'>fuit3</span> <span class='ocrx_word' id='word_1_41' title='bbox 2787 983 2857 1037; x_wconf 90' lang='lat' dir='ltr'>et</span> <span class='ocrx_word' id='word_1_42' title='bbox 2899 972 2996 1035; x_wconf 95' lang='lat' dir='ltr'>ibi</span> 
     </span>
     <span class='ocr_line' id='line_1_6' title="bbox 532 1080 2992 1167; baseline -0.003 -17"><span class='ocrx_word' id='word_1_43' title='bbox 532 1085 885 1150; x_wconf 87' lang='lat' dir='ltr'>Dominus</span> <span class='ocrx_word' id='word_1_44' title='bbox 912 1104 1002 1149; x_wconf 77' lang='lat' dir='ltr'>ex</span> <span class='ocrx_word' id='word_1_45' title='bbox 1032 1086 1309 1150; x_wconf 89' lang='lat' dir='ltr'>tribulis</span> <span class='ocrx_word' id='word_1_46' title='bbox 1339 1102 1426 1148; x_wconf 89' lang='lat' dir='ltr'>ac</span> <span class='ocrx_word' id='word_1_47' title='bbox 1464 1086 1687 1166; x_wconf 84' lang='lat' dir='ltr'>spinis</span> <span class='ocrx_word' id='word_1_48' title='bbox 1726 1084 2002 1167; x_wconf 88' lang='lat' dir='ltr'>aliquos</span> <span class='ocrx_word' id='word_1_49' title='bbox 2042 1083 2314 1148; x_wconf 87' lang='lat' dir='ltr'>fructus</span> <span class='ocrx_word' id='word_1_50' title='bbox 2343 1083 2680 1162; x_wconf 85' lang='lat' dir='ltr'>colligere</span> <span class='ocrx_word' id='word_1_51' title='bbox 2708 1080 2992 1161; x_wconf 91' lang='lat' dir='ltr'>incipie-</span> 
     </span>
     <span class='ocr_line' id='line_1_7' title="bbox 532 1191 2468 1274; baseline -0.001 -19"><span class='ocrx_word' id='word_1_52' title='bbox 532 1192 681 1272; x_wconf 85' lang='lat' dir='ltr'><strong>bat,</strong></span> <span class='ocrx_word' id='word_1_53' title='bbox 713 1201 783 1256; x_wconf 87' lang='lat' dir='ltr'>et</span> <span class='ocrx_word' id='word_1_54' title='bbox 811 1194 1114 1274; x_wconf 89' lang='lat' dir='ltr'>populus</span> <span class='ocrx_word' id='word_1_55' title='bbox 1144 1191 1302 1272; x_wconf 91' lang='lat' dir='ltr'>Dei,</span> <span class='ocrx_word' id='word_1_56' title='bbox 1336 1193 1499 1257; x_wconf 91' lang='lat' dir='ltr'>licet</span> <span class='ocrx_word' id='word_1_57' title='bbox 1528 1194 1853 1272; x_wconf 81' lang='lat' dir='ltr'>exiguuS,</span> <span class='ocrx_word' id='word_1_58' title='bbox 1888 1191 2042 1256; x_wconf 88' lang='lat' dir='ltr'>fieri</span> <span class='ocrx_word' id='word_1_59' title='bbox 2063 1191 2468 1271; x_wconf 86' lang='lat' dir='ltr'>incipiebat.</span> 
     </span>
    </p>

    <p class='ocr_par' dir='ltr' id='par_1_3' title="bbox 513 1297 2992 2865">
     <span class='ocr_line' id='line_1_8' title="bbox 660 1297 2992 1380; baseline -0.003 -16"><span class='ocrx_word' id='word_1_60' title='bbox 660 1298 833 1363; x_wconf 87' lang='grc'><strong>1300.</strong></span> <span class='ocrx_word' id='word_1_61' title='bbox 922 1300 1451 1378; x_wconf 88' lang='lat' dir='ltr'>Catechumeni,</span> <span class='ocrx_word' id='word_1_62' title='bbox 1473 1317 1637 1364; x_wconf 91' lang='lat' dir='ltr'>cum</span> <span class='ocrx_word' id='word_1_63' title='bbox 1658 1300 1914 1380; x_wconf 89' lang='lat' dir='ltr'>quibus</span> <span class='ocrx_word' id='word_1_64' title='bbox 1944 1298 2312 1379; x_wconf 87' lang='lat' dir='ltr'>negotium</span> <span class='ocrx_word' id='word_1_65' title='bbox 2333 1297 2600 1361; x_wconf 91' lang='lat' dir='ltr'>nostris</span> <span class='ocrx_word' id='word_1_66' title='bbox 2621 1304 2798 1365; x_wconf 78' lang='lat' dir='ltr'>erat,</span> <span class='ocrx_word' id='word_1_67' title='bbox 2825 1312 2992 1359; x_wconf 91' lang='lat' dir='ltr'>non-</span> 
     </span>
     <span class='ocr_line' id='line_1_9' title="bbox 534 1402 2988 1489; baseline -0.002 -18"><span class='ocrx_word' id='word_1_68' title='bbox 534 1408 709 1471; x_wconf 89' lang='lat' dir='ltr'>nihil</span> <span class='ocrx_word' id='word_1_69' title='bbox 747 1426 791 1471; x_wconf 93' lang='lat' dir='ltr'>a</span> <span class='ocrx_word' id='word_1_70' title='bbox 833 1407 1149 1489; x_wconf 88' lang='lat' dir='ltr'>pristinis</span> <span class='ocrx_word' id='word_1_71' title='bbox 1189 1408 1504 1475; x_wconf 86' lang='lat' dir='ltr'>moribus</span> <span class='ocrx_word' id='word_1_72' title='bbox 1544 1407 1994 1486; x_wconf 88' lang='lat' dir='ltr'>recedebant,</span> <span class='ocrx_word' id='word_1_73' title='bbox 2031 1422 2192 1469; x_wconf 90' lang='lat' dir='ltr'>cum</span> <span class='ocrx_word' id='word_1_74' title='bbox 2225 1402 2376 1485; x_wconf 87' lang='lat' dir='ltr'>jam</span> <span class='ocrx_word' id='word_1_75' title='bbox 2417 1420 2584 1485; x_wconf 89' lang='lat' dir='ltr'>raro</span> <span class='ocrx_word' id='word_1_76' title='bbox 2612 1404 2988 1481; x_wconf 79' lang='lat' dir='ltr'>clamoreS,</span> 
     </span>
     <span class='ocr_line' id='line_1_10' title="bbox 528 1509 2990 1595; baseline -0.002 -17"><span class='ocrx_word' id='word_1_77' title='bbox 528 1532 713 1595; x_wconf 88' lang='lat' dir='ltr'>quos</span> <span class='ocrx_word' id='word_1_78' title='bbox 762 1514 835 1579; x_wconf 91' lang='lat' dir='ltr'>in</span> <span class='ocrx_word' id='word_1_79' title='bbox 870 1515 1355 1594; x_wconf 85' lang='lat' dir='ltr'>potationibus</span> <span class='ocrx_word' id='word_1_80' title='bbox 1395 1515 1659 1580; x_wconf 90' lang='lat' dir='ltr'>habere</span> <span class='ocrx_word' id='word_1_81' title='bbox 1698 1513 2044 1593; x_wconf 91' lang='lat' dir='ltr'>solebant,</span> <span class='ocrx_word' id='word_1_82' title='bbox 2087 1512 2522 1590; x_wconf 87' lang='lat' dir='ltr'>audirentur,</span> <span class='ocrx_word' id='word_1_83' title='bbox 2566 1510 2754 1591; x_wconf 91' lang='lat' dir='ltr'>quod</span> <span class='ocrx_word' id='word_1_84' title='bbox 2783 1509 2990 1590; x_wconf 90' lang='lat' dir='ltr'>potis-</span> 
     </span>
     <span class='ocr_line' id='line_1_11' title="bbox 533 1618 2989 1703; baseline -0.003 -18"><span class='ocrx_word' id='word_1_85' title='bbox 533 1622 788 1686; x_wconf 89' lang='lat' dir='ltr'>simum</span> <span class='ocrx_word' id='word_1_86' title='bbox 817 1623 1133 1703; x_wconf 87' lang='lat' dir='ltr'>ipsorum</span> <span class='ocrx_word' id='word_1_87' title='bbox 1154 1624 1421 1687; x_wconf 88' lang='lat' dir='ltr'>malum</span> <span class='ocrx_word' id='word_1_88' title='bbox 1449 1631 1580 1701; x_wconf 89' lang='lat' dir='ltr'>est,</span> <span class='ocrx_word' id='word_1_89' title='bbox 1613 1633 1681 1686; x_wconf 91' lang='lat' dir='ltr'>et</span> <span class='ocrx_word' id='word_1_90' title='bbox 1705 1640 1795 1685; x_wconf 76' lang='lat' dir='ltr'>ex</span> <span class='ocrx_word' id='word_1_91' title='bbox 1822 1638 1964 1701; x_wconf 91' lang='lat' dir='ltr'>quo</span> <span class='ocrx_word' id='word_1_92' title='bbox 1992 1619 2140 1683; x_wconf 87' lang='lat' dir='ltr'>fere</span> <span class='ocrx_word' id='word_1_93' title='bbox 2185 1618 2456 1700; x_wconf 87' lang='lat' dir='ltr'>reliqua</span> <span class='ocrx_word' id='word_1_94' title='bbox 2494 1618 2686 1682; x_wconf 86' lang='lat' dir='ltr'>mala</span> <span class='ocrx_word' id='word_1_95' title='bbox 2714 1632 2989 1697; x_wconf 87' lang='lat' dir='ltr'>proma-</span> 
     </span>
     <span class='ocr_line' id='line_1_12' title="bbox 530 1723 2985 1811; baseline -0.003 -18"><span class='ocrx_word' id='word_1_96' title='bbox 530 1738 728 1793; x_wconf 88' lang='lat' dir='ltr'>nant:</span> <span class='ocrx_word' id='word_1_97' title='bbox 782 1746 944 1793; x_wconf 90' lang='lat' dir='ltr'>cum</span> <span class='ocrx_word' id='word_1_98' title='bbox 988 1731 1176 1793; x_wconf 88' lang='lat' dir='ltr'>enim</span> <span class='ocrx_word' id='word_1_99' title='bbox 1216 1730 1365 1793; x_wconf 88' lang='lat' dir='ltr'>suis</span> <span class='ocrx_word' id='word_1_100' title='bbox 1403 1728 1890 1811; x_wconf 89' lang='lat' dir='ltr'>potationibus</span> <span class='ocrx_word' id='word_1_101' title='bbox 1938 1728 2382 1792; x_wconf 89' lang='lat' dir='ltr'>incalescunt</span> <span class='ocrx_word' id='word_1_102' title='bbox 2417 1735 2486 1789; x_wconf 95' lang='lat' dir='ltr'>et</span> <span class='ocrx_word' id='word_1_103' title='bbox 2525 1723 2985 1801; x_wconf 88' lang='lat' dir='ltr'>inebriantur,</span> 
     </span>
     <span class='ocr_line' id='line_1_13' title="bbox 529 1830 2988 1915; baseline -0.003 -15"><span class='ocrx_word' id='word_1_104' title='bbox 529 1836 1075 1914; x_wconf 89' lang='lat' dir='ltr'>praeteritorum</span> <span class='ocrx_word' id='word_1_105' title='bbox 1110 1838 1459 1903; x_wconf 83' lang='lat' dir='ltr'>malornm</span> <span class='ocrx_word' id='word_1_106' title='bbox 1518 1836 1860 1899; x_wconf 90' lang='lat' dir='ltr'>memoria</span> <span class='ocrx_word' id='word_1_107' title='bbox 1899 1836 2081 1899; x_wconf 87' lang='lat' dir='ltr'>inter</span> <span class='ocrx_word' id='word_1_108' title='bbox 2135 1852 2258 1899; x_wconf 90' lang='lat' dir='ltr'>eos</span> <span class='ocrx_word' id='word_1_109' title='bbox 2301 1836 2677 1909; x_wconf 85' lang='lat' dir='ltr'>excitatur,</span> <span class='ocrx_word' id='word_1_110' title='bbox 2726 1831 2810 1915; x_wconf 7' lang='lat' dir='ltr'>in*</span> <span class='ocrx_word' id='word_1_111' title='bbox 2844 1830 2988 1912; x_wconf 90' lang='lat' dir='ltr'>qui-</span> 
     </span>
     <span class='ocr_line' id='line_1_14' title="bbox 523 1938 2986 2025; baseline -0.002 -20"><span class='ocrx_word' id='word_1_112' title='bbox 523 1943 660 2006; x_wconf 92' lang='lat' dir='ltr'>bus</span> <span class='ocrx_word' id='word_1_113' title='bbox 690 1960 851 2007; x_wconf 88' lang='lat' dir='ltr'>curn</span> <span class='ocrx_word' id='word_1_114' title='bbox 882 1944 1184 2023; x_wconf 90' lang='lat' dir='ltr'>gloriari</span> <span class='ocrx_word' id='word_1_115' title='bbox 1212 1953 1621 2025; x_wconf 85' lang='lat' dir='ltr'>coeperunt,</span> <span class='ocrx_word' id='word_1_116' title='bbox 1649 1942 1986 2007; x_wconf 89' lang='lat' dir='ltr'>continuo</span> <span class='ocrx_word' id='word_1_117' title='bbox 2008 1942 2318 2007; x_wconf 90' lang='lat' dir='ltr'>hostium</span> <span class='ocrx_word' id='word_1_118' title='bbox 2342 1938 2986 2004; x_wconf 88' lang='lat' dir='ltr'>interficiendorum</span> 
     </span>
     <span class='ocr_line' id='line_1_15' title="bbox 522 2023 2980 2125; baseline -0.001 -13"><span class='ocrx_word' id='word_1_119' title='bbox 522 2023 962 2115; x_wconf 75' lang='lat' dir='ltr'>desiderium</span> <span class='ocrx_word' id='word_1_120' title='bbox 1002 2060 1074 2114; x_wconf 88' lang='lat' dir='ltr'>et</span> <span class='ocrx_word' id='word_1_121' title='bbox 1113 2052 1356 2115; x_wconf 89' lang='lat' dir='ltr'>carnis</span> <span class='ocrx_word' id='word_1_122' title='bbox 1383 2052 1739 2116; x_wconf 88' lang='lat' dir='ltr'>humanae</span> <span class='ocrx_word' id='word_1_123' title='bbox 1778 2049 2004 2113; x_wconf 89' lang='lat' dir='ltr'>fames</span> <span class='ocrx_word' id='word_1_124' title='bbox 2044 2048 2116 2113; x_wconf 91' lang='lat' dir='ltr'>in</span> <span class='ocrx_word' id='word_1_125' title='bbox 2158 2049 2260 2112; x_wconf 90' lang='lat' dir='ltr'>eis</span> <span class='ocrx_word' id='word_1_126' title='bbox 2283 2047 2704 2125; x_wconf 84' lang='lat' dir='ltr'>exardescit;</span> <span class='ocrx_word' id='word_1_127' title='bbox 2748 2054 2817 2108; x_wconf 91' lang='lat' dir='ltr'>et</span> <span class='ocrx_word' id='word_1_128' title='bbox 2857 2044 2980 2121; x_wconf 87' lang='lat' dir='ltr'>ita,</span> 
     </span>
     <span class='ocr_line' id='line_1_16' title="bbox 526 2152 2985 2238; baseline -0.002 -19"><span class='ocrx_word' id='word_1_129' title='bbox 526 2157 895 2222; x_wconf 89' lang='lat' dir='ltr'>moderata</span> <span class='ocrx_word' id='word_1_130' title='bbox 940 2159 1327 2238; x_wconf 90' lang='lat' dir='ltr'>potatione,</span> <span class='ocrx_word' id='word_1_131' title='bbox 1375 2157 1516 2222; x_wconf 91' lang='lat' dir='ltr'>alia</span> <span class='ocrx_word' id='word_1_132' title='bbox 1559 2158 1858 2222; x_wconf 89' lang='lat' dir='ltr'>crimina</span> <span class='ocrx_word' id='word_1_133' title='bbox 1903 2156 2302 2235; x_wconf 86' lang='lat' dir='ltr'>cessabant,</span> <span class='ocrx_word' id='word_1_134' title='bbox 2346 2164 2415 2219; x_wconf 92' lang='lat' dir='ltr'>et</span> <span class='ocrx_word' id='word_1_135' title='bbox 2455 2154 2672 2234; x_wconf 89' lang='lat' dir='ltr'>aliqui</span> <span class='ocrx_word' id='word_1_136' title='bbox 2709 2171 2800 2219; x_wconf 88' lang='lat' dir='ltr'>ex</span> <span class='ocrx_word' id='word_1_137' title='bbox 2848 2152 2985 2215; x_wconf 91' lang='lat' dir='ltr'>illis</span> 
     </span>
     <span class='ocr_line' id='line_1_17' title="bbox 524 2260 2982 2345; baseline -0.002 -18"><span class='ocrx_word' id='word_1_138' title='bbox 524 2262 805 2329; x_wconf 89' lang='lat' dir='ltr'>Nostris</span> <span class='ocrx_word' id='word_1_139' title='bbox 845 2282 920 2329; x_wconf 89' lang='lat' dir='ltr'>se</span> <span class='ocrx_word' id='word_1_140' title='bbox 960 2265 1378 2345; x_wconf 87' lang='lat' dir='ltr'>subdebant,</span> <span class='ocrx_word' id='word_1_141' title='bbox 1424 2282 1557 2328; x_wconf 89' lang='lat' dir='ltr'>nec</span> <span class='ocrx_word' id='word_1_142' title='bbox 1586 2265 1739 2329; x_wconf 88' lang='lat' dir='ltr'>sine</span> <span class='ocrx_word' id='word_1_143' title='bbox 1767 2265 2086 2345; x_wconf 89' lang='lat' dir='ltr'>ipsorum</span> <span class='ocrx_word' id='word_1_144' title='bbox 2111 2262 2452 2327; x_wconf 88' lang='lat' dir='ltr'>facultate</span> <span class='ocrx_word' id='word_1_145' title='bbox 2480 2270 2730 2343; x_wconf 86' lang='lat' dir='ltr'>potare</span> <span class='ocrx_word' id='word_1_146' title='bbox 2775 2260 2982 2325; x_wconf 89' lang='lat' dir='ltr'>aude-</span> 
     </span>
     <span class='ocr_line' id='line_1_18' title="bbox 524 2369 2983 2453; baseline -0.002 -19"><span class='ocrx_word' id='word_1_147' title='bbox 524 2371 718 2451; x_wconf 85' lang='lat' dir='ltr'>bant,</span> <span class='ocrx_word' id='word_1_148' title='bbox 756 2372 965 2453; x_wconf 88' lang='lat' dir='ltr'>idque</span> <span class='ocrx_word' id='word_1_149' title='bbox 995 2374 1233 2437; x_wconf 89' lang='lat' dir='ltr'>sobrie</span> <span class='ocrx_word' id='word_1_150' title='bbox 1254 2374 1315 2436; x_wconf 92' lang='lat' dir='ltr'>si</span> <span class='ocrx_word' id='word_1_151' title='bbox 1346 2390 1510 2436; x_wconf 92' lang='lat' dir='ltr'>cum</span> <span class='ocrx_word' id='word_1_152' title='bbox 1552 2371 1853 2453; x_wconf 88' lang='lat' dir='ltr'>pristino</span> <span class='ocrx_word' id='word_1_153' title='bbox 1894 2369 2136 2435; x_wconf 88' lang='lat' dir='ltr'>furore</span> <span class='ocrx_word' id='word_1_154' title='bbox 2175 2384 2572 2450; x_wconf 88' lang='lat' dir='ltr'>compares:</span> <span class='ocrx_word' id='word_1_155' title='bbox 2603 2369 2983 2433; x_wconf 88' lang='lat' dir='ltr'>ecclesiam</span> 
     </span>
     <span class='ocr_line' id='line_1_19' title="bbox 518 2476 2979 2560; baseline -0.001 -19"><span class='ocrx_word' id='word_1_156' title='bbox 518 2478 963 2559; x_wconf 85' lang='lat' dir='ltr'>frequentius</span> <span class='ocrx_word' id='word_1_157' title='bbox 983 2479 1297 2557; x_wconf 89' lang='lat' dir='ltr'>adibant,</span> <span class='ocrx_word' id='word_1_158' title='bbox 1324 2478 1914 2560; x_wconf 81' lang='lat' dir='ltr'>reprehensiones</span> <span class='ocrx_word' id='word_1_159' title='bbox 1935 2476 2321 2559; x_wconf 89' lang='lat' dir='ltr'>patientius</span> <span class='ocrx_word' id='word_1_160' title='bbox 2342 2476 2686 2554; x_wconf 87' lang='lat' dir='ltr'>ferebant,</span> <span class='ocrx_word' id='word_1_161' title='bbox 2713 2485 2783 2539; x_wconf 92' lang='lat' dir='ltr'>et</span> <span class='ocrx_word' id='word_1_162' title='bbox 2810 2491 2979 2538; x_wconf 89' lang='lat' dir='ltr'>non-</span> 
     </span>
     <span class='ocr_line' id='line_1_20' title="bbox 520 2582 2980 2667; baseline -0.001 -18"><span class='ocrx_word' id='word_1_163' title='bbox 520 2586 695 2649; x_wconf 89' lang='lat' dir='ltr'>nulli</span> <span class='ocrx_word' id='word_1_164' title='bbox 716 2586 1014 2650; x_wconf 90' lang='lat' dir='ltr'>sollicite</span> <span class='ocrx_word' id='word_1_165' title='bbox 1039 2587 1374 2667; x_wconf 92' lang='lat' dir='ltr'>petebant</span> <span class='ocrx_word' id='word_1_166' title='bbox 1396 2596 1472 2650; x_wconf 93' lang='lat' dir='ltr'>ut</span> <span class='ocrx_word' id='word_1_167' title='bbox 1495 2586 1809 2666; x_wconf 89' lang='lat' dir='ltr'>legitime</span> <span class='ocrx_word' id='word_1_168' title='bbox 1833 2602 1997 2648; x_wconf 90' lang='lat' dir='ltr'>cum</span> <span class='ocrx_word' id='word_1_169' title='bbox 2019 2584 2358 2647; x_wconf 85' lang='lat' dir='ltr'>uxoribus</span> <span class='ocrx_word' id='word_1_170' title='bbox 2377 2602 2420 2647; x_wconf 90' lang='lat' dir='ltr'>a</span> <span class='ocrx_word' id='word_1_171' title='bbox 2441 2582 2720 2647; x_wconf 89' lang='lat' dir='ltr'>Nostris</span> <span class='ocrx_word' id='word_1_172' title='bbox 2742 2583 2813 2647; x_wconf 90' lang='lat' dir='ltr'>in</span> <span class='ocrx_word' id='word_1_173' title='bbox 2840 2600 2980 2647; x_wconf 90' lang='lat' dir='ltr'>ma·</span> 
     </span>
     <span class='ocr_line' id='line_1_21' title="bbox 513 2689 2982 2774; baseline -0.001 -18"><span class='ocrx_word' id='word_1_174' title='bbox 513 2694 933 2757; x_wconf 86' lang='lat' dir='ltr'>trimonium</span> <span class='ocrx_word' id='word_1_175' title='bbox 993 2693 1594 2774; x_wconf 87' lang='lat' dir='ltr'>conjungerentur</span> <span class='ocrx_word' id='word_1_176' title='bbox 1614 2739 1633 2771; x_wconf 91' lang='lat'>‚</span> <span class='ocrx_word' id='word_1_177' title='bbox 1698 2702 1768 2757; x_wconf 90' lang='lat' dir='ltr'>et</span> <span class='ocrx_word' id='word_1_178' title='bbox 1824 2700 2018 2757; x_wconf 87' lang='lat' dir='ltr'>recte</span> <span class='ocrx_word' id='word_1_179' title='bbox 2069 2692 2361 2759; x_wconf 82' lang='lat' dir='ltr'>vivendi</span> <span class='ocrx_word' id='word_1_180' title='bbox 2418 2691 2720 2756; x_wconf 87' lang='lat' dir='ltr'>form-am</span> <span class='ocrx_word' id='word_1_181' title='bbox 2777 2689 2982 2755; x_wconf 89' lang='lat' dir='ltr'>doce-</span> 
     </span>
     <span class='ocr_line' id='line_1_22' title="bbox 528 2810 797 2865; baseline 0.004 -3"><span class='ocrx_word' id='word_1_182' title='bbox 528 2810 797 2865; x_wconf 88' lang='lat' dir='ltr'>rentur.</span> 
     </span>
    </p>

    <p class='ocr_par' dir='ltr' id='par_1_4' title="bbox 508 2905 2984 4275">
     <span class='ocr_line' id='line_1_23' title="bbox 644 2905 2980 2990; baseline -0 -21"><span class='ocrx_word' id='word_1_183' title='bbox 644 2906 821 2971; x_wconf 90' lang='grc'><strong>1301.</strong></span> <span class='ocrx_word' id='word_1_184' title='bbox 913 2907 1122 2972; x_wconf 89' lang='lat' dir='ltr'>Pueri</span> <span class='ocrx_word' id='word_1_185' title='bbox 1151 2926 1325 2990; x_wconf 92' lang='lat' dir='ltr'>prae</span> <span class='ocrx_word' id='word_1_186' title='bbox 1355 2911 1657 2975; x_wconf 90' lang='lat' dir='ltr'>caeteris</span> <span class='ocrx_word' id='word_1_187' title='bbox 1685 2920 1978 2973; x_wconf 90' lang='lat' dir='ltr'>nostros</span> <span class='ocrx_word' id='word_1_188' title='bbox 2008 2909 2583 2987; x_wconf 88' lang='lat' dir='ltr'>consolabantur,</span> <span class='ocrx_word' id='word_1_189' title='bbox 2618 2905 2737 2989; x_wconf 93' lang='lat' dir='ltr'>qui</span> <span class='ocrx_word' id='word_1_190' title='bbox 2765 2906 2980 2970; x_wconf 84' lang='lat' dir='ltr'>liben-</span> 
     </span>
     <span class='ocr_line' id='line_1_24' title="bbox 523 3011 2982 3097; baseline -0.001 -20"><span class='ocrx_word' id='word_1_191' title='bbox 523 3023 629 3078; x_wconf 90' lang='lat' dir='ltr'>ter</span> <span class='ocrx_word' id='word_1_192' title='bbox 663 3014 757 3078; x_wconf 90' lang='lat' dir='ltr'>ad</span> <span class='ocrx_word' id='word_1_193' title='bbox 789 3014 1110 3079; x_wconf 89' lang='lat' dir='ltr'>scholam</span> <span class='ocrx_word' id='word_1_194' title='bbox 1142 3025 1210 3079; x_wconf 93' lang='lat' dir='ltr'>et</span> <span class='ocrx_word' id='word_1_195' title='bbox 1248 3016 1531 3097; x_wconf 89' lang='lat' dir='ltr'>quidem</span> <span class='ocrx_word' id='word_1_196' title='bbox 1573 3016 1978 3097; x_wconf 87' lang='lat' dir='ltr'>frequentes</span> <span class='ocrx_word' id='word_1_197' title='bbox 2015 3016 2481 3093; x_wconf 88' lang='lat' dir='ltr'>accedebant,</span> <span class='ocrx_word' id='word_1_198' title='bbox 2523 3022 2594 3077; x_wconf 85' lang='lat' dir='ltr'>et</span> <span class='ocrx_word' id='word_1_199' title='bbox 2635 3030 2712 3077; x_wconf 93' lang='lat' dir='ltr'>se</span> <span class='ocrx_word' id='word_1_200' title='bbox 2749 3011 2982 3093; x_wconf 89' lang='lat' dir='ltr'>puniri</span> 
     </span>
     <span class='ocr_line' id='line_1_25' title="bbox 526 3118 2981 3216; baseline -0 -32"><span class='ocrx_word' id='word_1_201' title='bbox 526 3120 1006 3203; x_wconf 87' lang='lat' dir='ltr'>patiebantur,</span> <span class='ocrx_word' id='word_1_202' title='bbox 1040 3133 1111 3187; x_wconf 91' lang='lat' dir='ltr'>et</span> <span class='ocrx_word' id='word_1_203' title='bbox 1140 3122 1261 3187; x_wconf 91' lang='lat' dir='ltr'>alii</span> <span class='ocrx_word' id='word_1_204' title='bbox 1299 3124 1600 3195; x_wconf 86' lang='lat' dir='ltr'>aliorum</span> <span class='ocrx_word' id='word_1_205' title='bbox 1641 3123 2115 3216; x_wconf 77' lang='lat' dir='ltr'>aemulatione</span> <span class='ocrx_word' id='word_1_206' title='bbox 2152 3121 2636 3204; x_wconf 85' lang='lat' dir='ltr'>proficiebant.</span> <span class='ocrx_word' id='word_1_207' title='bbox 2679 3118 2820 3185; x_wconf 89' lang='lat' dir='ltr'>Sed</span> <span class='ocrx_word' id='word_1_208' title='bbox 2859 3120 2981 3183; x_wconf 91' lang='lat' dir='ltr'>mi-</span> 
     </span>
     <span class='ocr_line' id='line_1_26' title="bbox 516 3228 2981 3313; baseline -0.001 -21"><span class='ocrx_word' id='word_1_209' title='bbox 516 3230 783 3293; x_wconf 90' lang='lat' dir='ltr'>nuebat</span> <span class='ocrx_word' id='word_1_210' title='bbox 806 3229 942 3294; x_wconf 91' lang='lat' dir='ltr'>hoc</span> <span class='ocrx_word' id='word_1_211' title='bbox 964 3231 1299 3296; x_wconf 88' lang='lat' dir='ltr'>solatium</span> <span class='ocrx_word' id='word_1_212' title='bbox 1321 3241 1695 3313; x_wconf 90' lang='lat' dir='ltr'>parentum</span> <span class='ocrx_word' id='word_1_213' title='bbox 1724 3231 2130 3310; x_wconf 87' lang='lat' dir='ltr'>obstinati0,</span> <span class='ocrx_word' id='word_1_214' title='bbox 2165 3232 2307 3311; x_wconf 90' lang='lat' dir='ltr'>qui,</span> <span class='ocrx_word' id='word_1_215' title='bbox 2343 3229 2662 3311; x_wconf 85' lang='lat' dir='ltr'>exceptis</span> <span class='ocrx_word' id='word_1_216' title='bbox 2688 3228 2981 3292; x_wconf 87' lang='lat' dir='ltr'>nonnul-</span> 
     </span>
     <span class='ocr_line' id='line_1_27' title="bbox 516 3336 2984 3418; baseline 0 -20"><span class='ocrx_word' id='word_1_217' title='bbox 516 3336 626 3416; x_wconf 81' lang='lat' dir='ltr'>liS,</span> <span class='ocrx_word' id='word_1_218' title='bbox 660 3337 753 3400; x_wconf 94' lang='lat' dir='ltr'>ad</span> <span class='ocrx_word' id='word_1_219' title='bbox 784 3354 1078 3402; x_wconf 89' lang='lat' dir='ltr'>suorum</span> <span class='ocrx_word' id='word_1_220' title='bbox 1109 3348 1432 3403; x_wconf 89' lang='lat' dir='ltr'>veterum</span> <span class='ocrx_word' id='word_1_221' title='bbox 1462 3356 1733 3401; x_wconf 91' lang='lat' dir='ltr'>morem</span> <span class='ocrx_word' id='word_1_222' title='bbox 1762 3338 1995 3401; x_wconf 89' lang='lat' dir='ltr'>redire</span> <span class='ocrx_word' id='word_1_223' title='bbox 2024 3337 2422 3418; x_wconf 85' lang='lat' dir='ltr'>cupiebant,</span> <span class='ocrx_word' id='word_1_224' title='bbox 2458 3346 2527 3401; x_wconf 92' lang='lat' dir='ltr'>et</span> <span class='ocrx_word' id='word_1_225' title='bbox 2555 3336 2626 3400; x_wconf 90' lang='lat' dir='ltr'>in</span> <span class='ocrx_word' id='word_1_226' title='bbox 2665 3336 2984 3400; x_wconf 86' lang='lat' dir='ltr'>vicinum</span> 
     </span>
     <span class='ocr_line' id='line_1_28' title="bbox 512 3442 2980 3525; baseline -0.001 -18"><span class='ocrx_word' id='word_1_227' title='bbox 512 3442 901 3525; x_wconf 90' lang='lat' dir='ltr'>quemdam</span> <span class='ocrx_word' id='word_1_228' title='bbox 931 3460 1196 3525; x_wconf 89' lang='lat' dir='ltr'>pagum</span> <span class='ocrx_word' id='word_1_229' title='bbox 1225 3463 1302 3509; x_wconf 88' lang='lat' dir='ltr'>se</span> <span class='ocrx_word' id='word_1_230' title='bbox 1332 3446 1533 3509; x_wconf 89' lang='lat' dir='ltr'>multi</span> <span class='ocrx_word' id='word_1_231' title='bbox 1555 3462 1800 3509; x_wconf 88' lang='lat' dir='ltr'>eorum</span> <span class='ocrx_word' id='word_1_232' title='bbox 1823 3445 2295 3523; x_wconf 85' lang='lat' dir='ltr'>contulerunt,</span> <span class='ocrx_word' id='word_1_233' title='bbox 2320 3454 2399 3508; x_wconf 91' lang='lat' dir='ltr'>ut</span> <span class='ocrx_word' id='word_1_234' title='bbox 2421 3444 2846 3508; x_wconf 90' lang='lat' dir='ltr'>interessent</span> <span class='ocrx_word' id='word_1_235' title='bbox 2868 3459 2980 3506; x_wconf 92' lang='lat' dir='ltr'>cu-</span> 
     </span>
     <span class='ocr_line' id='line_1_29' title="bbox 508 3549 2983 3631; baseline -0.001 -16"><span class='ocrx_word' id='word_1_236' title='bbox 508 3549 797 3629; x_wconf 89' lang='lat' dir='ltr'>jusdam</span> <span class='ocrx_word' id='word_1_237' title='bbox 849 3550 1320 3617; x_wconf 90' lang='lat' dir='ltr'>interficiendi</span> <span class='ocrx_word' id='word_1_238' title='bbox 1371 3552 1635 3618; x_wconf 86' lang='lat' dir='ltr'>infelici</span> <span class='ocrx_word' id='word_1_239' title='bbox 1684 3551 2146 3630; x_wconf 90' lang='lat' dir='ltr'>solemnitati,</span> <span class='ocrx_word' id='word_1_240' title='bbox 2195 3551 2386 3631; x_wconf 92' lang='lat' dir='ltr'>quod</span> <span class='ocrx_word' id='word_1_241' title='bbox 2430 3568 2572 3615; x_wconf 93' lang='lat' dir='ltr'>non</span> <span class='ocrx_word' id='word_1_242' title='bbox 2615 3551 2828 3630; x_wconf 90' lang='lat' dir='ltr'>longe</span> <span class='ocrx_word' id='word_1_243' title='bbox 2865 3550 2983 3613; x_wconf 90' lang='lat' dir='ltr'>ab·</span> 
     </span>
     <span class='ocr_line' id='line_1_30' title="bbox 517 3658 2982 3741; baseline -0.001 -19"><span class='ocrx_word' id='word_1_244' title='bbox 517 3668 671 3722; x_wconf 90' lang='lat' dir='ltr'>erat</span> <span class='ocrx_word' id='word_1_245' title='bbox 702 3658 792 3721; x_wconf 92' lang='lat' dir='ltr'>ab</span> <span class='ocrx_word' id='word_1_246' title='bbox 823 3659 1049 3739; x_wconf 90' lang='lat' dir='ltr'>epulis</span> <span class='ocrx_word' id='word_1_247' title='bbox 1077 3659 1431 3724; x_wconf 88' lang='lat' dir='ltr'>humanae</span> <span class='ocrx_word' id='word_1_248' title='bbox 1458 3659 1720 3739; x_wconf 82' lang='lat' dir='ltr'>carniS,</span> <span class='ocrx_word' id='word_1_249' title='bbox 1754 3660 2085 3741; x_wconf 87' lang='lat' dir='ltr'>quamvis</span> <span class='ocrx_word' id='word_1_250' title='bbox 2111 3659 2248 3740; x_wconf 93' lang='lat' dir='ltr'>ipsi</span> <span class='ocrx_word' id='word_1_251' title='bbox 2277 3659 2737 3737; x_wconf 87' lang='lat' dir='ltr'>abstinerent,</span> <span class='ocrx_word' id='word_1_252' title='bbox 2771 3666 2842 3721; x_wconf 90' lang='lat' dir='ltr'>et</span> <span class='ocrx_word' id='word_1_253' title='bbox 2883 3658 2982 3721; x_wconf 89' lang='lat' dir='ltr'>ita</span> 
     </span>
     <span class='ocr_line' id='line_1_31' title="bbox 516 3765 2982 3848; baseline 0 -20"><span class='ocrx_word' id='word_1_254' title='bbox 516 3767 869 3830; x_wconf 87' lang='lat' dir='ltr'>malorum</span> <span class='ocrx_word' id='word_1_255' title='bbox 900 3769 1225 3847; x_wconf 83' lang='lat' dir='ltr'>exemplo</span> <span class='ocrx_word' id='word_1_256' title='bbox 1254 3765 1533 3848; x_wconf 89' lang='lat' dir='ltr'>pejores</span> <span class='ocrx_word' id='word_1_257' title='bbox 1562 3767 1794 3832; x_wconf 87' lang='lat' dir='ltr'>effecti</span> <span class='ocrx_word' id='word_1_258' title='bbox 1830 3776 2018 3847; x_wconf 88' lang='lat' dir='ltr'>sunt;</span> <span class='ocrx_word' id='word_1_259' title='bbox 2065 3783 2197 3831; x_wconf 92' lang='lat' dir='ltr'>nec</span> <span class='ocrx_word' id='word_1_260' title='bbox 2236 3766 2524 3843; x_wconf 90' lang='lat' dir='ltr'>mirum,</span> <span class='ocrx_word' id='word_1_261' title='bbox 2561 3782 2720 3830; x_wconf 91' lang='lat' dir='ltr'>cum</span> <span class='ocrx_word' id='word_1_262' title='bbox 2763 3766 2982 3830; x_wconf 85' lang='lat' dir='ltr'>etiam</span> 
     </span>
     <span class='ocr_line' id='line_1_32' title="bbox 512 3872 2979 3955; baseline 0 -20"><span class='ocrx_word' id='word_1_263' title='bbox 512 3872 887 3937; x_wconf 89' lang='lat' dir='ltr'>christiani</span> <span class='ocrx_word' id='word_1_264' title='bbox 912 3873 1199 3954; x_wconf 89' lang='lat' dir='ltr'>quidam</span> <span class='ocrx_word' id='word_1_265' title='bbox 1221 3872 1267 3951; x_wconf 83' lang='lat'>⁸,</span> <span class='ocrx_word' id='word_1_266' title='bbox 1294 3892 1385 3939; x_wconf 85' lang='lat' dir='ltr'>ex</span> <span class='ocrx_word' id='word_1_267' title='bbox 1406 3885 1609 3955; x_wconf 88' lang='lat' dir='ltr'>patre</span> <span class='ocrx_word' id='word_1_268' title='bbox 1632 3874 1940 3945; x_wconf 90' lang='lat' dir='ltr'>lusitano</span> <span class='ocrx_word' id='word_1_269' title='bbox 1959 3883 2030 3938; x_wconf 92' lang='lat' dir='ltr'>et</span> <span class='ocrx_word' id='word_1_270' title='bbox 2052 3882 2280 3937; x_wconf 89' lang='lat' dir='ltr'>matre</span> <span class='ocrx_word' id='word_1_271' title='bbox 2310 3873 2648 3938; x_wconf 89' lang='lat' dir='ltr'>brasilica</span> <span class='ocrx_word' id='word_1_272' title='bbox 2670 3874 2842 3953; x_wconf 90' lang='lat' dir='ltr'>nati,</span> <span class='ocrx_word' id='word_1_273' title='bbox 2877 3873 2979 3935; x_wconf 92' lang='lat' dir='ltr'>sic</span> 
     </span>
     <span class='ocr_line' id='line_1_33' title="bbox 516 3979 2977 4063; baseline 0 -20"><span class='ocrx_word' id='word_1_274' title='bbox 516 3979 961 4045; x_wconf 86' lang='lat' dir='ltr'>obtenebrati</span> <span class='ocrx_word' id='word_1_275' title='bbox 990 3992 1259 4061; x_wconf 88' lang='lat' dir='ltr'>essent,</span> <span class='ocrx_word' id='word_1_276' title='bbox 1294 3991 1371 4046; x_wconf 93' lang='lat' dir='ltr'>ut</span> <span class='ocrx_word' id='word_1_277' title='bbox 1401 3982 1637 4046; x_wconf 88' lang='lat' dir='ltr'>acrius</span> <span class='ocrx_word' id='word_1_278' title='bbox 1666 3998 1882 4063; x_wconf 90' lang='lat' dir='ltr'>quam</span> <span class='ocrx_word' id='word_1_279' title='bbox 1921 3982 2042 4045; x_wconf 88' lang='lat' dir='ltr'>alii</span> <span class='ocrx_word' id='word_1_280' title='bbox 2079 3981 2154 4047; x_wconf 89' lang='lat' dir='ltr'>in</span> <span class='ocrx_word' id='word_1_281' title='bbox 2182 3990 2466 4045; x_wconf 89' lang='lat' dir='ltr'>nostros</span> <span class='ocrx_word' id='word_1_282' title='bbox 2504 3980 2743 4045; x_wconf 89' lang='lat' dir='ltr'>odium</span> <span class='ocrx_word' id='word_1_283' title='bbox 2779 3996 2977 4060; x_wconf 91' lang='lat' dir='ltr'>gere-</span> 
     </span>
     <span class='ocr_line' id='line_1_34' title="bbox 512 4087 2978 4170; baseline 0 -21"><span class='ocrx_word' id='word_1_284' title='bbox 512 4095 694 4166; x_wconf 88' lang='lat' dir='ltr'>rent,</span> <span class='ocrx_word' id='word_1_285' title='bbox 728 4087 919 4169; x_wconf 89' lang='lat' dir='ltr'>quod</span> <span class='ocrx_word' id='word_1_286' title='bbox 947 4090 1113 4170; x_wconf 93' lang='lat' dir='ltr'>quia</span> <span class='ocrx_word' id='word_1_287' title='bbox 1144 4106 1481 4153; x_wconf 88' lang='lat' dir='ltr'>exercere</span> <span class='ocrx_word' id='word_1_288' title='bbox 1513 4090 1587 4154; x_wconf 93' lang='lat' dir='ltr'>in</span> <span class='ocrx_word' id='word_1_289' title='bbox 1624 4098 1911 4153; x_wconf 89' lang='lat' dir='ltr'>nostros</span> <span class='ocrx_word' id='word_1_290' title='bbox 1947 4104 2094 4152; x_wconf 89' lang='lat' dir='ltr'>non</span> <span class='ocrx_word' id='word_1_291' title='bbox 2131 4096 2494 4169; x_wconf 87' lang='lat' dir='ltr'>poterant,</span> <span class='ocrx_word' id='word_1_292' title='bbox 2537 4087 2610 4151; x_wconf 93' lang='lat' dir='ltr'>in</span> <span class='ocrx_word' id='word_1_293' title='bbox 2649 4087 2978 4151; x_wconf 89' lang='lat' dir='ltr'>indorum</span> 
     </span>
     <span class='ocr_line' id='line_1_35' title="bbox 509 4192 2977 4275; baseline -0.001 -17"><span class='ocrx_word' id='word_1_294' title='bbox 509 4195 899 4274; x_wconf 88' lang='lat' dir='ltr'>perniciem</span> <span class='ocrx_word' id='word_1_295' title='bbox 933 4196 1005 4260; x_wconf 94' lang='lat' dir='ltr'>id</span> <span class='ocrx_word' id='word_1_296' title='bbox 1035 4206 1563 4272; x_wconf 84' lang='lat' dir='ltr'>converterunt,</span> <span class='ocrx_word' id='word_1_297' title='bbox 1597 4197 1697 4259; x_wconf 90' lang='lat' dir='ltr'>ita</span> <span class='ocrx_word' id='word_1_298' title='bbox 1727 4204 1803 4259; x_wconf 91' lang='lat' dir='ltr'>ut</span> <span class='ocrx_word' id='word_1_299' title='bbox 1831 4195 2344 4260; x_wconf 88' lang='lat' dir='ltr'>habitationem</span> <span class='ocrx_word' id='word_1_300' title='bbox 2374 4194 2756 4275; x_wconf 87' lang='lat' dir='ltr'>quamdam</span> <span class='ocrx_word' id='word_1_301' title='bbox 2785 4192 2831 4271; x_wconf 77' lang='lat'>³,</span> <span class='ocrx_word' id='word_1_302' title='bbox 2859 4193 2977 4257; x_wconf 91' lang='lat' dir='ltr'>ubi</span> 
     </span>
    </p>
   </div>
   <div class='ocr_carea' id='block_1_3' title="bbox 518 4363 945 4375">
    <p class='ocr_par' dir='ltr' id='par_1_5' title="bbox 518 4363 945 4375">
     <span class='ocr_line' id='line_1_36' title="bbox 518 4363 945 4375; baseline 0 1017"><span class='ocrx_word' id='word_1_303' title='bbox 518 4363 945 4375; x_wconf 95' lang='lat' dir='ltr'> </span> 
     </span>
    </p>
   </div>
   <div class='ocr_carea' id='block_1_4' title="bbox 510 4472 2974 4818">
    <p class='ocr_par' dir='ltr' id='par_1_6' title="bbox 594 4472 1309 4527">
     <span class='ocr_line' id='line_1_37' title="bbox 594 4472 1309 4527; baseline 0.001 -11"><span class='ocrx_word' id='word_1_304' title='bbox 594 4474 613 4507; x_wconf 82' lang='lat'>¹</span> <span class='ocrx_word' id='word_1_305' title='bbox 670 4472 927 4527; x_wconf 70' lang='lat' dir='ltr'>josephus</span> <span class='ocrx_word' id='word_1_306' title='bbox 947 4473 1009 4516; x_wconf 82' lang='lat' dir='ltr'>de</span> <span class='ocrx_word' id='word_1_307' title='bbox 1033 4473 1309 4517; x_wconf 77' lang='lat' dir='ltr'>Anchieta.</span> 
     </span>
    </p>

    <p class='ocr_par' dir='ltr' id='par_1_7' title="bbox 512 4543 2970 4673">
     <span class='ocr_line' id='line_1_38' title="bbox 588 4543 2970 4601; baseline -0 -13"><span class='ocrx_word' id='word_1_308' title='bbox 588 4544 611 4577; x_wconf 77' lang='lat'>²</span> <span class='ocrx_word' id='word_1_309' title='bbox 666 4543 877 4589; x_wconf 81' lang='lat' dir='ltr'>Scilicet</span> <span class='ocrx_word' id='word_1_310' title='bbox 914 4546 1186 4589; x_wconf 78' lang='lat' dir='ltr'>mameluci</span> <span class='ocrx_word' id='word_1_311' title='bbox 1218 4543 1569 4597; x_wconf 73' lang='lat' dir='ltr'>Ramalhlani.</span> <span class='ocrx_word' id='word_1_312' title='bbox 1592 4545 1645 4590; x_wconf 84' lang='lat' dir='ltr'>ln</span> <span class='ocrx_word' id='word_1_313' title='bbox 1664 4546 1852 4601; x_wconf 79' lang='lat' dir='ltr'>oppido</span> <span class='ocrx_word' id='word_1_314' title='bbox 1873 4544 1968 4591; x_wconf 81' lang='lat' dir='ltr'>Sti.</span> <span class='ocrx_word' id='word_1_315' title='bbox 1991 4546 2235 4591; x_wconf 77' lang='lat' dir='ltr'>Andreae</span> <span class='ocrx_word' id='word_1_316' title='bbox 2265 4548 2512 4601; x_wconf 70' lang='lat' dir='ltr'>degentes</span> <span class='ocrx_word' id='word_1_317' title='bbox 2531 4578 2542 4599; x_wconf 83' lang='grc'>,</span> <span class='ocrx_word' id='word_1_318' title='bbox 2563 4546 2731 4589; x_wconf 75' lang='lat' dir='ltr'>tribus</span> <span class='ocrx_word' id='word_1_319' title='bbox 2750 4544 2913 4589; x_wconf 78' lang='lat' dir='ltr'>ferme</span> <span class='ocrx_word' id='word_1_320' title='bbox 2939 4556 2970 4587; x_wconf 84' lang='lat' dir='ltr'>a</span> 
     </span>
     <span class='ocr_line' id='line_1_39' title="bbox 512 4614 2446 4673; baseline 0.001 -14"><span class='ocrx_word' id='word_1_321' title='bbox 512 4614 841 4670; x_wconf 63' lang='lat' dir='ltr'>Pii-annius·</span> <span class='ocrx_word' id='word_1_322' title='bbox 863 4616 1025 4661; x_wconf 73' lang='lat' dir='ltr'>leucis</span> <span class='ocrx_word' id='word_1_323' title='bbox 1046 4617 1241 4662; x_wconf 70' lang='lat' dir='ltr'>dissito.</span> <span class='ocrx_word' id='word_1_324' title='bbox 1265 4616 1399 4660; x_wconf 84' lang='lat' dir='ltr'>Vide</span> <span class='ocrx_word' id='word_1_325' title='bbox 1416 4616 1831 4669; x_wconf 52' lang='lat' dir='ltr'>Vasconcntoffi</span> <span class='ocrx_word' id='word_1_326' title='bbox 1855 4623 1940 4673; x_wconf 81' lang='lat' dir='ltr'>op.</span> <span class='ocrx_word' id='word_1_327' title='bbox 1970 4619 2088 4669; x_wconf 76' lang='lat' dir='ltr'>cit..</span> <span class='ocrx_word' id='word_1_328' title='bbox 2105 4619 2197 4662; x_wconf 84' lang='lat' dir='ltr'>lib.</span> <span class='ocrx_word' id='word_1_329' title='bbox 2223 4630 2260 4671; x_wconf 84' lang='lat'>1,</span> <span class='ocrx_word' id='word_1_330' title='bbox 2279 4630 2330 4662; x_wconf 85' lang='lat' dir='ltr'>n.</span> <span class='ocrx_word' id='word_1_331' title='bbox 2353 4618 2446 4662; x_wconf 82' lang='lat'><strong>163.</strong></span> 
     </span>
    </p>

    <p class='ocr_par' dir='ltr' id='par_1_8' title="bbox 510 4686 2974 4818">
     <span class='ocr_line' id='line_1_40' title="bbox 590 4686 2972 4745; baseline 0.001 -14"><span class='ocrx_word' id='word_1_332' title='bbox 590 4686 615 4721; x_wconf 80' lang='lat'>⁸</span> <span class='ocrx_word' id='word_1_333' title='bbox 668 4687 933 4740; x_wconf 81' lang='lat' dir='ltr'>Quaenam</span> <span class='ocrx_word' id='word_1_334' title='bbox 953 4688 1110 4733; x_wconf 77' lang='lat' dir='ltr'>fuerit</span> <span class='ocrx_word' id='word_1_335' title='bbox 1144 4689 1275 4734; x_wconf 85' lang='lat' dir='ltr'>haec</span> <span class='ocrx_word' id='word_1_336' title='bbox 1295 4700 1434 4734; x_wconf 80' lang='lat' dir='ltr'>nova</span> <span class='ocrx_word' id='word_1_337' title='bbox 1448 4696 1745 4735; x_wconf 79' lang='lat' dir='ltr'>nostrorum</span> <span class='ocrx_word' id='word_1_338' title='bbox 1766 4689 2054 4745; x_wconf 77' lang='lat' dir='ltr'>habitatio,</span> <span class='ocrx_word' id='word_1_339' title='bbox 2084 4689 2246 4735; x_wconf 73' lang='lat' dir='ltr'>habes</span> <span class='ocrx_word' id='word_1_340' title='bbox 2277 4692 2433 4745; x_wconf 73' lang='lat' dir='ltr'>paulo</span> <span class='ocrx_word' id='word_1_341' title='bbox 2455 4690 2619 4734; x_wconf 75' lang='lat' dir='ltr'>fusius</span> <span class='ocrx_word' id='word_1_342' title='bbox 2650 4690 2704 4734; x_wconf 87' lang='lat' dir='ltr'>ln</span> <span class='ocrx_word' id='word_1_343' title='bbox 2723 4690 2972 4741; x_wconf 68' lang='lat' dir='ltr'>Historia</span> 
     </span>
     <span class='ocr_line' id='line_1_41' title="bbox 510 4758 2974 4818; baseline 0 -15"><span class='ocrx_word' id='word_1_344' title='bbox 510 4758 817 4813; x_wconf 68' lang='lat' dir='ltr'>societatis,</span> <span class='ocrx_word' id='word_1_345' title='bbox 836 4767 1051 4805; x_wconf 84' lang='lat' dir='ltr'>auctore</span> <span class='ocrx_word' id='word_1_346' title='bbox 1074 4760 1129 4803; x_wconf 90' lang='lat' dir='ltr'>P.</span> <span class='ocrx_word' id='word_1_347' title='bbox 1154 4759 1463 4816; x_wconf 62' lang='lat' dir='ltr'>Ouramma,</span> <span class='ocrx_word' id='word_1_348' title='bbox 1486 4768 1636 4816; x_wconf 72' lang='lat' dir='ltr'>parte</span> <span class='ocrx_word' id='word_1_349' title='bbox 1660 4762 1743 4811; x_wconf 77' lang='lat'><strong>¹.⁸.</strong></span> <span class='ocrx_word' id='word_1_350' title='bbox 1765 4760 1853 4806; x_wconf 84' lang='lat' dir='ltr'>lib.</span> <span class='ocrx_word' id='word_1_351' title='bbox 1875 4772 1982 4811; x_wconf 76' lang='lat' dir='ltr'>xxv.</span> <span class='ocrx_word' id='word_1_352' title='bbox 2004 4772 2058 4805; x_wconf 85' lang='lat' dir='ltr'>n.</span> <span class='ocrx_word' id='word_1_353' title='bbox 2087 4761 2179 4813; x_wconf 79' lang='lat'>118,</span> <span class='ocrx_word' id='word_1_354' title='bbox 2201 4763 2345 4807; x_wconf 75' lang='lat' dir='ltr'>hisee</span> <span class='ocrx_word' id='word_1_355' title='bbox 2367 4763 2559 4807; x_wconf 80' lang='lat' dir='ltr'>verbis:</span> <span class='ocrx_word' id='word_1_356' title='bbox 2588 4761 2775 4818; x_wconf 72' lang='lat' dir='ltr'>“Et-go,</span> <span class='ocrx_word' id='word_1_357' title='bbox 2792 4760 2974 4817; x_wconf 77' lang='lat' dir='ltr'>paucis</span> 
     </span>
    </p>
   </div>
  </div>
 </body>
</html>
