3742 5392
1602 464 1731 523 ΑΝ.
1776 466 1920 525 1554
2893 466 3013 527 -253

535 610 743 687 ferta)
778 608 819 687 ¹,
852 608 1363 689 strigoniensis
1390 611 1609 674 etiam
1636 610 2242 692 Archiepiscopus
2263 614 2286 645 ²
2303 610 2712 691 Tyrnaviae
2735 622 3012 677 nostro·

542 733 700 779 rum
748 716 1127 796 collegium
1182 716 1455 781 institui
1491 717 1902 798 postulavit.
1955 716 2396 781 Invitaverat
2441 718 2673 798 primo
2723 718 3012 798 quidem

542 822 618 883 Ρ.
652 822 1016 887 canisium
1046 840 1132 887 ac
1161 821 1237 886 P.
1271 823 1642 904 Lanoyum
1672 834 1751 887 ut
1780 824 1916 887 sibi
1944 824 2278 888 adessent
2305 824 2380 889 in
2410 823 2698 905 Synodo
2737 824 3011 906 Tyrna-

536 930 703 993 viae
742 929 1069 994 habenda
1108 928 1132 959 ⁸
1164 932 1387 1009 (nam,
1442 938 1654 1011 capta
1694 928 2054 1011 Strigonia
2095 948 2140 993 a
2175 931 2458 1010 TurciS,
2501 932 2598 995 ibi
2633 931 2842 997 sedes
2879 932 3009 997 Ca-

538 1036 885 1100 thedralis
934 1035 1146 1115 erat);
1198 1038 1325 1101 sed
1377 1053 1541 1099 cum
1585 1036 1661 1099 id
1706 1036 1957 1101 fuisset
2002 1037 2415 1119 impeditum
2460 1037 2882 1119 quibusdam
2923 1057 3013 1103 ex

536 1142 801 1222 causis,
829 1142 1077 1206 decem
1106 1162 1197 1207 ex
1224 1144 1487 1206 nostris
1509 1144 1603 1207 ad
1631 1142 2080 1224 praedictum
2101 1144 2478 1225 collegium
2499 1146 3008 1209 instituendum

540 1249 677 1313 sibi
714 1249 871 1313 dari
912 1250 1269 1331 cupiebat,
1312 1259 1382 1312 et
1421 1250 1869 1314 necessarios
1908 1250 2178 1314 reditus
2215 1250 2307 1313 ad
2350 1252 2620 1317 victum
2659 1270 2802 1316 non
2842 1251 3008 1317 diffi-

536 1357 675 1419 cile
725 1356 883 1420 dari
932 1366 1263 1437 poterant
1312 1374 1356 1419 a
1408 1357 1805 1438 praedivite
1852 1357 1974 1421 illo
2017 1360 2373 1438 praelat0‚
2421 1369 2490 1422 et
2537 1359 2608 1422 in
2659 1360 2833 1423 urbe
2893 1360 3011 1423 ubi

537 1463 781 1526 omnia
818 1462 1219 1543 huJusmodi
1263 1464 1440 1527 satis
1490 1464 1659 1527 vilia
1702 1474 1927 1527 erant.
1973 1463 2152 1529 Cum
2187 1476 2422 1528 autem
2463 1464 2768 1529 Romam
2797 1484 2878 1529 ea
2920 1467 3010 1530 de

542 1588 619 1632 re
668 1570 1013 1651 scriptum
1062 1581 1281 1650 esset,
1334 1571 1601 1652 placuit
1650 1569 1725 1635 P.
1780 1570 2058 1651 Ignatio
2109 1570 2551 1651 Ungaricum
2601 1574 2737 1637 hoc
2788 1571 3008 1637 Colle-

534 1678 737 1756 gium
769 1678 1095 1742 inchoari
1122 1689 1193 1740 et
1221 1695 1297 1741 se
1328 1678 1719 1741 subsidium
1758 1678 2250 1759 operariorum
2278 1679 2658 1743 missurum
2695 1681 3006 1760 scripsit,

541 1802 709 1847 cum
759 1802 875 1848 res
917 1782 1069 1863 Jam
1116 1793 1415 1865 paratae
1468 1784 1725 1849 ibidem
1782 1793 2052 1862 essent,
2108 1786 2170 1849 si
2224 1794 2463 1849 tamen
2519 1787 2859 1851 viaticum
2917 1788 3014 1851 ad

544 1900 830 1955 nostros
878 1890 1107 1955 Roma
1155 1891 1538 1955 mittendos
1586 1892 2180 1972 praemitteretur.
2235 1891 2375 1956 Sed
2425 1894 2726 1973 collegia
2776 1892 3010 1974 hujus-

548 1997 739 2061 modi
767 1998 841 2061 in
868 1998 1187 2077 Polonia,
1218 1997 1494 2077 Prusia,
1527 1998 1867 2061 Bohemia
1907 2007 1978 2062 et
2013 1999 2336 2079 Ungaria
2377 2000 2638 2079 oblata,
2686 2000 3011 2065 dubitare

540 2122 619 2166 se
668 2122 838 2167 num
872 2105 1375 2169 mathematica
1421 2123 1515 2168 an
1571 2106 1794 2168 realia
1834 2105 2073 2169 sutura
2115 2117 2352 2171 essent
2390 2105 2620 2171 Roma
2658 2107 3009 2187 significa-

538 2223 693 2273 tum
718 2219 857 2291 est,
891 2228 1053 2275 cum
1082 2211 1364 2291 ipsimet
1402 2211 1768 2292 Episcopi,
1801 2213 1918 2275 vel
1956 2229 2258 2292 quorum
2297 2213 2668 2289 intererat,
2699 2213 3004 2279 Romam

538 2335 685 2381 non
712 2319 1109 2381 scriberent
1138 2316 1187 2377 ⁴.

660 2425 801 2487 551.
890 2424 1159 2489 Eodem
1200 2424 1347 2487 fere
1394 2433 1748 2505 tempore,
1793 2424 2280 2489 Vratislaviae
2319 2425 2716 2508 Episcopus
2745 2425 2790 2509 ³,
2825 2446 3010 2509 quae

526 2531 794 2595 civitas
823 2532 895 2595 in
927 2529 1178 2594 Silesia
1208 2529 1232 2561 ⁰
1260 2531 1565 2611 insignis
1594 2539 1723 2610 est,
1756 2542 1829 2595 et
1856 2531 2245 2612 Moraviae‚
2273 2532 2654 2597 Bohemiae
2685 2552 2771 2598 ac
2801 2534 3003 2600 Polo-

616 2772 633 2804 Ι
696 2770 830 2815 Vide
851 2782 1027 2826 supra.
1049 2783 1101 2815 n.
1122 2771 1223 2815 532.

612 2845 635 2877 Ξ
688 2842 760 2887 “N
765 2845 960 2887 icolaus
981 2842 1333 2895 Olaus<01ah)
1354 2842 1773 2898 archiepiscopus
1794 2844 2154 2897 strigoniensis
2175 2844 2278 2889 iam
2301 2852 2421 2889 tunc
2443 2845 2758 2890 Societatem
2777 2846 2830 2890 in
2862 2845 3011 2892 Hun-

532 2918 736 2970 gariam
757 2915 1005 2959 invitasse
1028 2914 1250 2958 videtur.
1270 2914 1403 2958 Vide
1425 2914 1577 2961 infra.
1594 2916 1869 2969 epistulam
1893 2914 2088 2959 Canisii
2105 2916 2133 2958 8
2151 2914 2286 2967 Junii
2313 2916 2414 2959 155⁴
2437 2918 2500 2960 ad
2523 2917 2803 2961 Polancum
2824 2919 3008 2963 datam

534 2995 587 3033 et
608 2987 820 3040 socher,
838 2988 873 3031 1.
895 2998 957 3039 c.,
980 2998 1027 3041 p.
1050 2986 1224 3037 88-90...
1246 2986 1327 3030 ita
1348 2986 1776 3035 Bnaumssaanau.
1798 2988 1831 3030 l.
1856 2997 1920 3035 c..
1943 2997 2062 3041 pag.
2083 2987 2184 3040 467,
2201 2996 2376 3031 annot.
2398 2988 2441 3031 5.

613 3058 637 3091 ³
691 3059 819 3101 “Per
839 3060 873 3102 il
897 3058 1085 3102 Sinodo
1122 3059 1205 3101 dei
1227 3057 1467 3101 Vescovo
1499 3057 1869 3111 strigoniense,
1899 3070 1955 3101 se
1984 3058 2028 3101 si
2050 3066 2257 3112 aspetta
2291 3059 2510 3103 servitio
2539 3060 2588 3104 di
2621 3060 2718 3103 Dio
2747 3061 2899 3105 Ntro.
2931 3060 3009 3106 Si-

532 3142 711 3185 gnore,
732 3143 833 3175 non
853 3141 979 3185 pare
998 3141 1157 3173 senon
1179 3132 1303 3173 bene
1325 3130 1368 3173 si
1390 3129 1575 3173 ritrovi
1598 3129 1739 3172 detto
1762 3129 1818 3172 P.
1841 3128 2067 3184 canisio,
2087 3131 2304 3174 essendo
2323 3130 2574 3175 richiesto
2604 3133 2690 3176 dal
2725 3131 2800 3176 Re
2829 3133 2896 3177 ad
2933 3134 3004 3177 in-

532 3204 728 3247 stantia
749 3204 832 3247 del
854 3203 1139 3255 vescovo...
1162 3202 1433 3251 Polancus,
1456 3213 1523 3243 ex
1542 3212 1693 3254 com„
1718 3201 1864 3245 Patri
1887 3200 2103 3245 Nicolao
2126 3202 2187 3245 de
2208 3202 2408 3259 Lanoy,
2425 3204 2480 3246 26
2493 3203 2628 3255 Junii
2653 3204 2902 3249 ¹55³.·—Et
2915 3204 3012 3249 Ca·

532 3276 693 3320 nisius
714 3275 939 3318 Polanco
958 3273 985 3316 8
1004 3273 1165 3325 Junii:
1188 3272 1293 3316 “De
1314 3272 1633 3327 profect10ne
1658 3272 1718 3315 R.
1741 3272 1797 3315 P.
1822 3272 2008 3329 Lanoy
2023 3280 2077 3317 et
2108 3284 2223 3317 mea
2243 3273 2295 3317 in
2317 3273 2641 3325 Hungariam
2671 3284 2884 3330 propter
2905 3274 3001 3333 Sy·

534 3346 719 3391 nodum
742 3346 869 3390 nihil
891 3346 1068 3389 dubito
1090 3345 1209 3399 quin
1232 3344 1519 3388 audieritis.
1542 3343 1791 3388 Dominus
1812 3344 1960 3387 illam
1993 3346 2116 3388 hene
2137 3347 2361 3396 vertat!,.
2384 3345 2576 3397 Quibus
2607 3348 2874 3402 subiungit
2894 3348 2976 3391 edi
2993 3370 3008 3379 ·

534 3428 615 3463 tor
634 3418 1061 3471 Bnauxssnaoan,
1074 3418 1108 3460 l.
1125 3428 1191 3469 c.,
1210 3428 1330 3471 pag.
1352 3414 1449 3466 1176.
1466 3422 1641 3459 annot.
1662 3417 1699 3459 1:
1718 3417 1809 3459 “A.
1832 3416 1937 3459 1553
1956 3416 2377 3471 archiepiscopus
2396 3418 2757 3471 strigoniensis
2777 3418 3006 3469 (Enter-

530 3502 667 3545 gom,
690 3488 855 3547 Gran)
879 3495 930 3532 et
948 3489 1145 3543 primas
1168 3486 1467 3541 Hungariae
1490 3477 1694 3531 creatus
1714 3497 1831 3531 erat
1861 3488 2079 3531 eximius
2110 3488 2192 3532 vir
2223 3488 2467 3533 Nicolaus
2497 3490 2656 3533 olaus
2675 3490 2879 3543 (Olah);
2915 3491 3004 3544 qui

528 3562 854 3615 disciplinam
875 3560 1300 3612 ecclesiasticam,
1322 3559 1542 3613 quinque
1562 3560 1771 3611 synodis
1804 3558 2016 3611 habitis,
2046 3560 2278 3603 restituit
2311 3568 2364 3604 et
2397 3560 2676 3605 Societatis
2706 3561 2826 3613 Jesu
2847 3562 3010 3605 colle·

530 3634 673 3685 arium
692 3644 825 3677 anno
860 3630 1279 3687 1561Tyrnaviae
1318 3631 1603 3675 constituit.
1636 3630 1828 3685 Synodi
1861 3643 1924 3675 ex
1955 3633 2254 3685 proceribus
2289 3633 2660 3677 ecclesiasticis
2681 3640 2732 3677 et
2762 3633 3005 3677 civilibus

533 3708 723 3749 mixtae
743 3738 753 3757 ,
788 3715 917 3759 quas
960 3704 1189 3757 “regias„
1222 3704 1553 3757 appellarunt
1570 3734 1582 3755 ,
1618 3702 1870 3746 Posoniae
1913 3703 1965 3745 in
2001 3702 2270 3757 Hungaria.
2306 3704 2519 3747 habitae
2557 3712 2678 3749 sunt
2713 3704 2862 3747 annis
2899 3704 3010 3747 1554

528 3785 584 3820 et
608 3777 725 3821 1555.
748 3776 823 3819 De
847 3776 1029 3829 quibus
1050 3774 1301 3827 ignatius
1319 3784 1490 3817 comes
1510 3774 1571 3817 de
1596 3774 1880 3829 Batthyan.
1901 3774 2110 3828 episcop
2120 3786 2175 3817 us
2193 3774 2637 3830 Transsilvaniae,
2659 3776 2710 3819 in
2745 3774 3006 3830 “Legibus

532 3848 921 3893 Ecclesiasticis
944 3846 1090 3900 regni
1112 3845 1459 3899 Hunni-iae...
1480 3844 1714 3895 1(A1bae
1735 3844 2030 3898 carolinae,
2051 3846 2187 3900 1785),
2207 3847 2434 3901 622-62i.„
2966 3881 2973 3890 .

612 3921 637 3953 ⁴
690 3918 1078 3963 Mathematica
1102 3918 1504 3972 appellabantur
1525 3918 1591 3960 ab
1611 3916 1817 3970 Ignatio
1846 3924 1900 3959 et
1923 3917 2146 3961 Polanco
2168 3928 2220 3961 et
2247 3918 2364 3961 aliis
2399 3919 2488 3961 illa
2510 3916 2760 3973 Collegia,
2783 3929 3003 3973 quorum

524 3991 964 4036 instituendorum
983 3991 1125 4034 nulla
1144 4001 1281 4045 spes.
1300 3990 1441 4033 nulla
1464 3988 1721 4043 cupiditas
1750 3994 1867 4033 erat
1900 3996 2270 4045 praeterquam
2291 3990 2342 4033 in
2362 3992 2554 4034 nostris
2589 3997 2641 4034 et
2677 3992 2726 4035 in
2749 3992 2885 4041 aliis.
2908 3994 2994 4048 qui

534 4064 833 4107 necessaria
862 4062 927 4105 ad
958 4073 1135 4106 eorum
1172 4060 1553 4105 institutionem
1584 4060 1859 4114 providere
1893 4072 1992 4104 non
2027 4063 2302 4113 valebant,
2335 4062 2617 4116 cujusmodi
2653 4062 2796 4107 fuere
2826 4064 3004 4109 omnia

532 4138 640 4179 fere
661 4136 779 4189 illa,
800 4146 957 4189 quae,
986 4135 1287 4187 ubicumque
1320 4132 1499 4186 pedem
1536 4130 1756 4186 figebat,
1796 4133 1926 4179 erici
1958 4134 2200 4187 cupiebat
2233 4133 2287 4176 P.
2323 4132 2566 4177 Nicolaus
2595 4133 2889 4179 Bobadilla.
2921 4135 3004 4179 Ita

522 4208 734 4251 eruitur
753 4218 817 4249 ex
840 4206 1071 4259 pluribus
1091 4203 1281 4259 Ignatii
1301 4204 1496 4247 litteris
1517 4210 1571 4246 et
1592 4203 1768 4246 Patris
1788 4203 2016 4259 Laynez.

608 4279 633 4312 ὃ
686 4276 1002 4321 “Dioecesim
1064 4276 1522 4319 vratislaviensem
1568 4275 1844 4330 (Breslau)
1885 4282 2008 4319 tunc
2057 4278 2274 4331 regebat
2329 4278 2612 4322 Baithasar
2662 4288 2697 4322 a
2737 4277 3005 4323 Promnitz

520 4348 827 4402 *<1539-1562);
860 4350 921 4391 de
954 4360 1051 4401 quo
1080 4346 1241 4391 Mtch.
1272 4345 1386 4400 Jos.
1424 4346 1644 4400 Fiosger
1670 4345 1809 4389 (Das
1841 4346 1894 4389 in
1929 4346 2198 4391 Schlesien
2229 4349 2598 4403 gewaltthatlg
2636 4350 2994 4403 singerissene

530 4420 897 4469 Lutherthum.
919 4420 947 4463 2
965 4418 1065 4463 Th.
1092 4418 1345 4473 [Breslau,
1370 4419 1507 4472 1723J.
1526 4430 1575 4473 p.
1599 4417 1809 4466 1⁴6-219).
1832 4418 1972 4471 Aug.
1998 4418 2242 4463 Kastner
2271 4420 2536 4474 <Beitrilge
2567 4432 2660 4464 zur
2679 4419 3000 4464 Geschichte

520 4493 621 4537 des
642 4491 905 4537 Bisthums
928 4491 1145 4535 Breslau
1166 4502 1267 4535 von
1290 4490 1395 4533 1500
1428 4492 1507 4534 bis
1542 4490 1661 4542 1635,
1692 4490 1743 4533 in
1778 4490 2010 4535 “Archiv
2041 4491 2123 4534 sur
2155 4492 2235 4535 die
2267 4492 2580 4535 Geschichte
2611 4493 2700 4535 des
2723 4490 2992 4535 Bisthums

526 4565 773 4616 Breslau„
794 4563 815 4608 1
836 4563 1052 4616 [Neisse,
1076 4562 1212 4615 18:³81.
1234 4562 1401 4613 76-90).
1420 4562 1541 4617 Joh.
1564 4562 1787 4617 Sosfner
1804 4562 2136 4615 (Geschichtc
2159 4564 2252 4605 der
2274 4563 2634 4607 Reformation
2657 4563 2707 4607 in
2729 4562 3002 4607 Schlesien

529 4636 791 4692 [Breslau.
815 4636 953 4689 18371,
974 4646 1023 4690 p.
1044 4633 1293 4689 374-380>.„
1314 4635 1738 4685 Baauxssanossn.
1762 4635 1795 4678 l.
1819 4648 1882 4688 c.,
1905 4646 2025 4690 pag.
2047 4636 2142 4689 483,
2170 4645 2345 4679 annot.
2369 4636 2410 4679 5.

617 4706 643 4741 ὅ
696 4708 873 4754 Slesia
901 4708 1061 4753 etiam
1081 4708 1241 4753 dicta.
