3742 5392
44 5302 361 5355 ᾼ--μ

690 446 799 506 232
1620 448 1873 510 Cmtox.
1916 448 2068 508 Soc·
2109 448 2246 557 Jsss.

1272 940 1399 1005 DE
1441 940 1907 1007 COLLEGIO
1951 942 2452 1007 VIENNENSI
2501 943 2539 1005 ¹.

810 1340 955 1406 517.
1040 1341 1245 1405 Initio
1269 1340 1479 1421 hujus
1502 1342 1671 1405 anni
1702 1361 1787 1406 ac
1810 1343 2058 1423 primis
2091 1344 2241 1425 ejus
2271 1345 2664 1423 mensibuS,
2708 1345 2932 1407 nostri
2961 1345 3153 1408 vien-

689 1466 944 1511 nenses
967 1496 981 1521 ,
1031 1448 1343 1529 hospites
1395 1448 1627 1515 adhuc
1675 1448 1968 1513 Patrum
2023 1450 2662 1515 Dominicanorum
2713 1462 2938 1514 erant.
2991 1451 3152 1533 Jam

686 1555 973 1635 quidem
1005 1553 1487 1619 Romanorum
1515 1555 1673 1619 Rex
1708 1556 2130 1621 decreverat
2161 1567 2237 1621 ut
2267 1559 2779 1623 monasterium
2818 1556 3152 1621 Carmeli-

688 1672 925 1725 tarum
969 1663 1197 1725 nostri
1247 1672 1323 1725 ut
1370 1664 1737 1744 proprium
1785 1663 2160 1744 haberent,
2214 1666 2286 1728 in
2329 1682 2467 1747 quo
2520 1682 2685 1728 cum
2724 1667 2917 1727 solus
2948 1663 3152 1728 Prior

688 1780 757 1831 et
797 1770 1189 1833 monachus
1227 1770 1515 1851 quidam
1563 1771 1825 1850 laicuS,
1880 1770 2030 1846 eius
2080 1773 2347 1847 sociuS‚
2410 1772 2792 1851 habitaret,
2848 1783 2917 1835 et
2948 1790 3150 1853 paro·
3200 1802 3206 1809 ·

688 1876 920 1940 chiam
948 1876 1045 1940 illi
1070 1876 1224 1940 Rex
1248 1877 1644 1956 obtulisset,
1671 1878 1946 1942 duabus
1974 1878 2406 1958 germanicis
2436 1879 2852 1943 milliaribus
2869 1878 3149 1942 Vienna

685 1984 1097 2062 distantem,
1134 1984 1611 2047 conditionem
1639 1984 1833 2048 illam
1857 1986 2157 2049 libenter
2174 1988 2542 2066 amplexus
2563 1995 2692 2049 est.
2722 1985 2883 2049 Duo
2916 1996 3147 2049 tamen

684 2099 967 2154 nostros
1010 2092 1418 2171 aliquandiu
1468 2093 1909 2156 retinuerunt
1960 2110 2047 2156 ne
2097 2093 2189 2156 ad
2241 2095 2552 2173 amplum
2603 2092 3148 2157 Carmelitarum

687 2198 1202 2261 monasterium
1229 2206 1297 2260 et
1327 2199 1619 2277 egregio
1660 2199 1920 2279 templo
1964 2199 2386 2263 instructum
2437 2199 2680 2262 statim
2730 2200 3145 2279 migrarent.

684 2303 1013 2368 Alterum
1042 2313 1196 2367 erat
1226 2305 1415 2385 quod
1443 2305 1643 2384 regia
1670 2303 2031 2385 majestaS,
2060 2306 2264 2387 quasi
2293 2323 2422 2386 pro
2440 2305 2598 2386 jnre
2621 2324 2774 2383 su0,
2801 2316 3150 2369 monaste-

684 2410 869 2472 rium
892 2410 1029 2473 hoc
1054 2410 1142 2472 ab
1166 2407 1430 2473 Ordine
1453 2410 1997 2475 Carmelitarum
2022 2391 2632 2490 auferre'volebat,
2657 2413 2846 2493 quod
2856 2410 3006 2491 jam
3028 2430 3154 2494 per

684 2516 1061 2580 triennium
1092 2517 1180 2580 ab
1211 2536 1293 2580 eo
1326 2518 1573 2581 moniti
1613 2527 1685 2582 ut
1715 2519 2090 2598 religiosos
2129 2519 2198 2583 in
2241 2520 2412 2582 illud
2454 2520 2842 2599 mitterent,
2892 2537 3151 2601 nequa·

680 2641 893 2703 quam
923 2625 993 2688 id
1022 2623 1337 2688 fecerant
1366 2622 1411 2703 ’ς
1445 2625 1785 2688 timebant
1815 2635 2052 2689 autem
2083 2627 2309 2689 nostri
2337 2644 2426 2689 ne
2457 2625 2880 2690 Carmelitae
2910 2625 3148 2691 Socie-

674 2834 943 2883 porrecta,
968 2840 1031 2874 ea
1051 2830 1227 2883 vergit
1250 2830 1316 2873 ad
1338 2830 1653 2873 occidentem
1674 2829 1869 2883 Solem,
1893 2836 1946 2871 et
1965 2830 2031 2873 ab
2052 2830 2303 2874 extremis
2324 2830 2488 2884 portis
2523 2840 2687 2884 aeque
2708 2829 2909 2873 distans
2939 2838 3144 2885 spectat

678 2901 893 2956 majoris
913 2902 1159 2945 ambitum
1180 2910 1380 2955 portus,
1404 2913 1553 2955 quem
1574 2902 1938 2945 amoenissima
1958 2901 2152 2945 claudit
2173 2901 2433 2955 planities,
2456 2902 2623 2945 vineis
2652 2910 2706 2944 et
2737 2902 3010 2946 arboribus
3033 2913 3151 2946 con-

678 2973 801 3016 sita.
824 2972 994 3024 Quare
1012 2972 1353 3016 suavissimus
1371 2974 1639 3027 consurgit
1660 2984 1725 3015 ex
1755 2974 1886 3017 mari
1907 2979 1959 3016 et
1983 2980 2126 3016 terra
2147 2979 2476 3028 prospectus,
2500 2984 2598 3027 quo
2620 2972 2886 3017 Ciceronis
2906 2975 3038 3018 oculi
3061 2976 3152 3017 mi-

677 3044 819 3087 rifice
852 3045 991 3097 capti
1016 3051 1161 3087 sunt:
1185 3045 1261 3087 ait
1291 3044 1450 3097 enim,
1472 3044 1625 3087 Nihil
1638 3044 1927 3099 pulchrius
1956 3054 2118 3097 quam
2141 3042 2609 3099 Syracusanorum
2629 3049 2836 3099 portus,
2862 3048 2914 3088 et
2937 3046 3148 3089 moenia

678 3116 858 3159 videri
874 3117 1135 3169 potuisse.
1158 3114 1510 3160 Ducentorum
1528 3126 1807 3170 praeterea
1838 3126 2110 3159 aureorum
2134 3127 2343 3159 censum
2365 3114 2588 3159 Senatus
2609 3127 2836 3159 annuum
2856 3117 3148 3165 constituit.

677 3188 761 3241 qui
796 3198 891 3242 pro
929 3188 1187 3241 praesenti
1223 3189 1371 3242 copia
1405 3188 1634 3241 collegio
1668 3188 1954 3231 inchoando
1994 3189 2123 3231 satis
2157 3196 2311 3231 esset.
2337 3187 2557 3231 Vinkius
2589 3188 2822 3232 vicissim
2853 3190 3148 3241 pollicetur.

678 3260 857 3304 Socios
876 3270 936 3303 eo
958 3265 1204 3303 venturos
1239 3260 1305 3303 ad
1337 3260 1486 3314 diem,
1518 3271 1668 3314 quem
1701 3261 1827 3315 ipsi.
1848 3258 2204 3303 aedificatione
2241 3260 2508 3312 absoluta,
2530 3258 2910 3313 praefinissent.
2945 3260 3039 3304 His
3072 3260 3148 3304 ita

673 3332 920 3385 peractis,
934 3330 1223 3375 Messanam
1234 3332 1372 3375 illico
1384 3343 1438 3375 se
1455 3332 1667 3385 recepit.
1681 3330 1909 3386 Septimo
1922 3338 2096 3375 autem
2114 3342 2302 3383 mense,
2317 3332 2470 3385 paulo
2487 3338 2608 3375 ante
2624 3332 2712 3387 huj
2719 3343 2777 3375 us
2792 3332 2912 3375 anni
2930 3333 3146 3385 exitum,

674 3406 905 3446 Assuero
928 3403 1215 3457 flagitante,
1239 3402 1505 3458 Philippus
1526 3401 1770 3447 Cassinus
1791 3404 1970 3446 eodem
1998 3413 2053 3446 se
2075 3404 2274 3446 confert
2289 3435 2300 3454 ,
2325 3404 2490 3446 tribus
2519 3403 2845 3457 potissimum
2865 3404 2926 3447 de
2960 3404 3146 3455 causis.

676 3486 805 3529 quas
827 3474 1082 3519 Codretus
1110 3474 1333 3519 indicat:
1357 3476 1495 3517 Ante
1525 3475 1785 3518 natalitia
1809 3474 1964 3529 festa
1987 3474 2292 3523 Salvatoris
2312 3474 2370 3518 P.
2394 3474 2686 3529 Philippus
2711 3474 2966 3518 cassinus
2988 3476 3147 3530 Syra-

672 3556 833 3589 cusas
855 3545 1013 3597 adt't't,
1034 3548 1091 3587 ut
1112 3544 1363 3597 Assueri,
1384 3544 1637 3599 Proregis
1652 3546 1756 3597 filit
1778 3546 2170 3601 consessionem
2193 3546 2436 3595 audiret:
2455 3556 2554 3599 quo
2577 3548 2631 3589 in
2653 3549 2802 3588 statu
2826 3550 2966 3590 esset
2987 3546 3146 3590 Colle·

674 3620 853 3669 gium,
877 3618 1014 3670 quod
1044 3618 1157 3660 illic
1180 3617 1447 3659 Assuerus
1470 3618 1612 3660 idem
1646 3619 1827 3661 extrui
1866 3617 2123 3667 curabat,
2143 3618 2460 3672 inspicerem·
2481 3620 2848 3671 statueretque
2875 3628 2996 3661 cum
3019 3620 3148 3661 civi-

674 3690 775 3731 bus
792 3700 893 3741 quo
907 3691 1148 3742 tempore
1164 3688 1386 3731 lectores
1406 3689 1552 3731 mitti
1564 3692 1848 3742 oporteret.
1868 3688 2011 3740 Quae
2027 3699 2140 3731 cum
2158 3694 2403 3731 accurate
2421 3689 2793 3743 praestitisset,
2813 3698 2928 3741 post
2946 3689 3144 3733 initium

676 3762 941 3814 sequentis
960 3762 1083 3804 anni
1108 3760 1397 3803 Messanam
1414 3761 1613 3815 rediit.„
1628 3760 1689 3803 L.
1706 3772 1768 3812 c..
1787 3765 1940 3815 parte
1959 3760 2148 3814 prima,
2166 3770 2280 3814 cap.
2295 3770 2368 3811 ιν,
2389 3771 2473 3803 nn.
2501 3771 2642 3813 xxxv,
2666 3772 2773 3803 xxv
2793 3767 2844 3804 et
2867 3770 3011 3803 xxvt.

756 3833 771 3863 ί
836 3832 931 3883 Qui
954 3830 1228 3876 societatis
1246 3842 1329 3875 res
1350 3833 1401 3875 in
1418 3831 1699 3877 Germania
1721 3833 1930 3876 saeculo
1949 3843 2039 3875 xvi
2057 3838 2235 3885 gestas
2251 3837 2394 3874 recte
2415 3833 2664 3886 pleneque
2687 3833 2980 3887 intelligere
2999 3834 3142 3885 velit,

672 3906 816 3957 legat
856 3902 1059 3947 omnino
1091 3910 1297 3957 oportet
1332 3905 1573 3947 eximium
1609 3916 1735 3958 opus
1771 3904 1979 3948 Canisii
2008 3902 2294 3957 Epistulae
2329 3908 2379 3947 et
2401 3903 2550 3954 Acta,
2572 3904 2703 3958 quod
2735 3915 2868 3948 nune
2899 3904 3141 3959 Friburgi

680 3975 1037 4018 Helvetiorum
1058 3974 1211 4017 edere
1242 3976 1422 4029 incipit
1444 3975 1500 4018 P.
1524 3974 1582 4019 Ο.
1605 3975 2034 4027 Baausssnasea,
2059 3974 2110 4018 S.
2132 3973 2177 4027 J.
2200 3974 2282 4017 Ex
2302 3986 2363 4019 eo
2383 3986 2475 4019 nos
2506 3976 2760 4029 quaedam
2791 3988 3142 4030 excerpemus,

671 4056 802 4098 quae
822 4075 832 4096 ,
852 4053 909 4087 ut
931 4045 981 4087 in
1000 4043 1369 4099 Prae-satione,
1390 4054 1426 4088 t.
1448 4057 1481 4097 1,
1502 4057 1621 4099 pag.
1641 4046 1682 4096 8,
1706 4045 1901 4089 dictum
1921 4054 2023 4099 est,
2047 4046 2111 4089 ad
2143 4045 2584 4100 amplificandam,
2607 4045 3010 4090 confirmandam
3051 4052 3139 4089 aut

672 4118 725 4160 in
744 4117 1049 4171 quibusdam
1068 4118 1442 4161 emendandam
1462 4118 1671 4162 Polanci
1694 4118 2046 4162 narrationem
2077 4118 2266 4172 juvare
2296 4124 2568 4173 poterunt;
2590 4120 2815 4173 plurima
2837 4126 3012 4163 tamen
3045 4131 3142 4162 non

671 4189 1003 4242 attingemus,
1026 4200 1157 4243 quae
1178 4200 1271 4231 nec
1294 4188 1545 4233 Polaticus
1564 4190 1673 4243 ipse
1695 4189 1890 4243 attigit.
1915 4200 2146 4243 quaeque
2167 4197 2341 4234 tamen
2361 4190 2498 4234 scitu
2517 4199 2637 4235 sunt
2660 4191 2979 4245 dignissima.

751 4262 772 4293 ⁵¹
828 4260 913 4304 “In
949 4261 1261 4304 monasterio
1291 4262 1631 4304 carmelitano
1668 4260 1863 4304 Beatae
1900 4260 2096 4305 Mariae
2119 4260 2353 4315 Virginis
2387 4264 2410 4283 ‘⁶
2429 4274 2513 4306 am
2541 4261 2647 4306 Hos
2655 4294 2678 4317 „
2709 4274 2842 4306 anno
2876 4263 2981 4305 1544
2999 4263 3140 4316 prior

669 4340 721 4377 et
740 4334 767 4375 -2
788 4333 981 4377 fratres
1003 4334 1286 4386 degebant,
1310 4344 1443 4377 anno
1468 4333 1571 4377 1554
1591 4344 1721 4377 unus
1750 4339 2024 4387 supererat
2059 4332 2249 4387 prior...
2273 4332 2632 4377 Ferdinandus
2663 4345 2798 4377 anno
2823 4336 2922 4377 1551
2947 4335 3140 4378 ordinis

668 4406 1027 4449 moderatores
1049 4405 1109 4447 de
1130 4404 1278 4448 novis
1300 4405 1565 4449 monachis
1588 4405 1851 4449 mittendis
1873 4405 2240 4457 admonuerat;
2263 4405 2354 4448 sed
2375 4405 2564 4448 horum
2596 4405 2992 4459 plaevoluntati
3013 4414 3140 4449 tem-

666 4477 811 4532 poris
840 4476 1087 4531 iniquitas
1109 4479 1353 4520 obstabat
1386 4476 1683 4529 (Buchom,
1705 4476 2022 4520 Geschiehte
2044 4477 2137 4519 der
2157 4475 2457 4531 Regierung
2493 4476 2788 4521 Ferdinand
2817 4477 2908 4521 des
2929 4478 3138 4529 Ersten,

670 4559 781 4601 vm,
806 4548 897 4593 187.
932 4548 1295 4600 W‘edemann,
1330 4548 1643 4592 Geschichte
1678 4550 1770 4592 der
1800 4548 2156 4592 Reformation
2193 4547 2294 4591 und
2326 4548 2845 4602 Gegenreformation
2877 4550 2930 4593 in
2958 4548 3137 4593 Laude

668 4627 821 4665 unter
841 4620 933 4664 der
954 4620 1110 4675 Enns,
1132 4631 1170 4664 11
1189 4620 1363 4674 (prag.
1386 4620 1523 4673 1879),
1544 4620 1614 4673 33;
1637 4619 1803 4671 Kink,
1824 4620 2152 4665 Universititt
2175 4633 2234 4662 zu
2257 4620 2408 4663 &vien
2429 4620 2513 4674 1.‘·,
2533 4619 2630 4671 ³05.
2664 4621 2874 4674 socher,
2905 4621 3140 4665 Historia

666 4692 783 4737 Soc.
805 4692 911 4746 Jes.
930 4690 1091 4737 Prov.
1114 4691 1383 4745 Austrlae,
1406 4693 1491 4735 lib.
1515 4704 1549 4745 1,
1570 4704 1619 4735 n.
1640 4693 2266 4745 47-48).„Bnauussssnosn,
2291 4694 2324 4735 l.
2349 4704 2409 4743 ε..
2428 4702 2548 4746 pag.
2569 4692 2664 4747 446,
2687 4698 2862 4737 annot.
2883 4692 2926 4737 3.
