<?xml version="1.0" encoding="UTF-8"?>
<!DOCTYPE html PUBLIC "-//W3C//DTD XHTML 1.0 Transitional//EN"
    "http://www.w3.org/TR/xhtml1/DTD/xhtml1-transitional.dtd">
<html xmlns="http://www.w3.org/1999/xhtml" xml:lang="en" lang="en">
 <head>
  <title>
</title>
<meta http-equiv="Content-Type" content="text/html;charset=utf-8" />
  <meta name='ocr-system' content='tesseract 3.04.00' />
  <meta name='ocr-capabilities' content='ocr_page ocr_carea ocr_par ocr_line ocrx_word'/>
</head>
<body>
  <div class='ocr_page' id='page_1' title='image "./vitaignatiiloio02polagoog_0478.png"; bbox 0 0 3742 5392; ppageno 0'>
   <div class='ocr_carea' id='block_1_1' title="bbox 755 440 2317 514">
    <p class='ocr_par' dir='ltr' id='par_1_1' title="bbox 755 440 2317 514">
     <span class='ocr_line' id='line_1_1' title="bbox 755 440 2317 514; baseline -0.004 -12"><span class='ocrx_word' id='word_1_1' title='bbox 755 442 865 502; x_wconf 70' lang='lat'>466</span> <span class='ocrx_word' id='word_1_2' title='bbox 1685 441 1940 501; x_wconf 69' lang='lat' dir='ltr'>Canon.</span> <span class='ocrx_word' id='word_1_3' title='bbox 1982 440 2135 501; x_wconf 76' lang='lat' dir='ltr'>Soc·</span> <span class='ocrx_word' id='word_1_4' title='bbox 2177 442 2317 514; x_wconf 74' lang='lat' dir='ltr'>Jsss.</span> 
     </span>
    </p>
   </div>
   <div class='ocr_carea' id='block_1_2' title="bbox 755 585 3229 1310">
    <p class='ocr_par' dir='ltr' id='par_1_2' title="bbox 755 585 3229 1310">
     <span class='ocr_line' id='line_1_2' title="bbox 877 585 3229 667; baseline 0 -15"><span class='ocrx_word' id='word_1_5' title='bbox 877 589 1020 652; x_wconf 88' lang='lat'>995.</span> <span class='ocrx_word' id='word_1_6' title='bbox 1107 588 1425 653; x_wconf 78' lang='lat' dir='ltr'>Excitati</span> <span class='ocrx_word' id='word_1_7' title='bbox 1453 596 1692 651; x_wconf 87' lang='lat' dir='ltr'>autem</span> <span class='ocrx_word' id='word_1_8' title='bbox 1721 586 1919 651; x_wconf 86' lang='lat' dir='ltr'>fuere</span> <span class='ocrx_word' id='word_1_9' title='bbox 1950 606 1995 651; x_wconf 91' lang='lat' dir='ltr'>a</span> <span class='ocrx_word' id='word_1_10' title='bbox 2022 585 2329 651; x_wconf 91' lang='lat' dir='ltr'>Domino</span> <span class='ocrx_word' id='word_1_11' title='bbox 2358 604 2521 665; x_wconf 82' lang='lat' dir='ltr'>sex,</span> <span class='ocrx_word' id='word_1_12' title='bbox 2549 587 2673 667; x_wconf 88' lang='lat' dir='ltr'>qui</span> <span class='ocrx_word' id='word_1_13' title='bbox 2710 585 3089 651; x_wconf 87' lang='lat' dir='ltr'>Societatis</span> <span class='ocrx_word' id='word_1_14' title='bbox 3122 586 3229 652; x_wconf 92' lang='lat' dir='ltr'>In-</span> 
     </span>
     <span class='ocr_line' id='line_1_3' title="bbox 761 693 3229 775; baseline -0.001 -14"><span class='ocrx_word' id='word_1_15' title='bbox 761 697 1087 761; x_wconf 91' lang='lat' dir='ltr'>stitutum</span> <span class='ocrx_word' id='word_1_16' title='bbox 1108 696 1312 775; x_wconf 86' lang='lat' dir='ltr'>sequi</span> <span class='ocrx_word' id='word_1_17' title='bbox 1335 696 1598 759; x_wconf 85' lang='lat' dir='ltr'>vellent</span> <span class='ocrx_word' id='word_1_18' title='bbox 1625 743 1639 773; x_wconf 95' lang='lat'>,</span> <span class='ocrx_word' id='word_1_19' title='bbox 1665 695 1850 759; x_wconf 88' lang='lat' dir='ltr'>inter</span> <span class='ocrx_word' id='word_1_20' title='bbox 1871 710 2051 775; x_wconf 89' lang='lat' dir='ltr'>quos</span> <span class='ocrx_word' id='word_1_21' title='bbox 2073 704 2229 757; x_wconf 91' lang='lat' dir='ltr'>erat</span> <span class='ocrx_word' id='word_1_22' title='bbox 2252 694 2615 771; x_wconf 81' lang='lat' dir='ltr'>sacerdoS,</span> <span class='ocrx_word' id='word_1_23' title='bbox 2639 694 2761 774; x_wconf 85' lang='lat' dir='ltr'>qui</span> <span class='ocrx_word' id='word_1_24' title='bbox 2782 693 2973 774; x_wconf 90' lang='lat' dir='ltr'>apud</span> <span class='ocrx_word' id='word_1_25' title='bbox 2996 695 3229 775; x_wconf 90' lang='lat' dir='ltr'>ipsum</span> 
     </span>
     <span class='ocr_line' id='line_1_4' title="bbox 761 800 3226 882; baseline 0 -17"><span class='ocrx_word' id='word_1_26' title='bbox 761 803 1133 868; x_wconf 89' lang='lat' dir='ltr'>Vicarium</span> <span class='ocrx_word' id='word_1_27' title='bbox 1162 803 1624 881; x_wconf 82' lang='lat' dir='ltr'>versabatur,</span> <span class='ocrx_word' id='word_1_28' title='bbox 1656 802 1774 866; x_wconf 93' lang='lat' dir='ltr'>cui</span> <span class='ocrx_word' id='word_1_29' title='bbox 1802 800 2329 882; x_wconf 88' lang='lat' dir='ltr'>quodammodo</span> <span class='ocrx_word' id='word_1_30' title='bbox 2367 800 2687 864; x_wconf 84' lang='lat' dir='ltr'>invidere</span> <span class='ocrx_word' id='word_1_31' title='bbox 2720 800 2908 863; x_wconf 89' lang='lat' dir='ltr'>hanc</span> <span class='ocrx_word' id='word_1_32' title='bbox 2948 802 3226 865; x_wconf 91' lang='lat' dir='ltr'>electio-</span> 
     </span>
     <span class='ocr_line' id='line_1_5' title="bbox 758 906 3227 989; baseline -0.001 -14"><span class='ocrx_word' id='word_1_33' title='bbox 758 928 922 975; x_wconf 89' lang='lat' dir='ltr'>nem</span> <span class='ocrx_word' id='word_1_34' title='bbox 970 908 1308 974; x_wconf 89' lang='lat' dir='ltr'>Vicarius</span> <span class='ocrx_word' id='word_1_35' title='bbox 1361 926 1534 989; x_wconf 91' lang='lat' dir='ltr'>prae</span> <span class='ocrx_word' id='word_1_36' title='bbox 1586 926 1662 972; x_wconf 92' lang='lat' dir='ltr'>se</span> <span class='ocrx_word' id='word_1_37' title='bbox 1711 908 1985 972; x_wconf 86' lang='lat' dir='ltr'>serebat</span> <span class='ocrx_word' id='word_1_38' title='bbox 2008 956 2023 987; x_wconf 95' lang='lat'>,</span> <span class='ocrx_word' id='word_1_39' title='bbox 2075 908 2284 989; x_wconf 83' lang='lat' dir='ltr'>quasi</span> <span class='ocrx_word' id='word_1_40' title='bbox 2318 906 2761 971; x_wconf 84' lang='lat' dir='ltr'><strong>tantumdem</strong></span> <span class='ocrx_word' id='word_1_41' title='bbox 2798 907 2951 987; x_wconf 91' lang='lat' dir='ltr'>ipse</span> <span class='ocrx_word' id='word_1_42' title='bbox 2990 907 3227 973; x_wconf 87' lang='lat' dir='ltr'>facere</span> 
     </span>
     <span class='ocr_line' id='line_1_6' title="bbox 759 1014 3225 1099; baseline -0.001 -18"><span class='ocrx_word' id='word_1_43' title='bbox 759 1027 1074 1099; x_wconf 90' lang='lat' dir='ltr'>optaret:</span> <span class='ocrx_word' id='word_1_44' title='bbox 1107 1016 1246 1081; x_wconf 91' lang='lat' dir='ltr'>duo</span> <span class='ocrx_word' id='word_1_45' title='bbox 1287 1016 1503 1080; x_wconf 90' lang='lat' dir='ltr'>etiam</span> <span class='ocrx_word' id='word_1_46' title='bbox 1547 1016 1668 1080; x_wconf 91' lang='lat' dir='ltr'>alii</span> <span class='ocrx_word' id='word_1_47' title='bbox 1709 1015 2121 1079; x_wconf 86' lang='lat' dir='ltr'>sacerdotes</span> <span class='ocrx_word' id='word_1_48' title='bbox 2140 1063 2155 1093; x_wconf 95' lang='lat'>,</span> <span class='ocrx_word' id='word_1_49' title='bbox 2198 1015 2319 1095; x_wconf 91' lang='lat' dir='ltr'>qui</span> <span class='ocrx_word' id='word_1_50' title='bbox 2356 1015 2905 1093; x_wconf 85' lang='lat' dir='ltr'>grammaticam</span> <span class='ocrx_word' id='word_1_51' title='bbox 2948 1014 3225 1096; x_wconf 88' lang='lat' dir='ltr'>Hispali</span> 
     </span>
     <span class='ocr_line' id='line_1_7' title="bbox 757 1120 3223 1206; baseline -0.001 -17"><span class='ocrx_word' id='word_1_52' title='bbox 757 1124 1271 1206; x_wconf 89' lang='lat' dir='ltr'>profitebantur</span> <span class='ocrx_word' id='word_1_53' title='bbox 1301 1122 1694 1203; x_wconf 86' lang='lat' dir='ltr'>(Infantas</span> <span class='ocrx_word' id='word_1_54' title='bbox 1738 1122 2165 1203; x_wconf 86' lang='lat' dir='ltr'>cognomine</span> <span class='ocrx_word' id='word_1_55' title='bbox 2194 1121 2617 1199; x_wconf 82' lang='lat' dir='ltr'>vocabant),</span> <span class='ocrx_word' id='word_1_56' title='bbox 2657 1122 2778 1201; x_wconf 93' lang='lat' dir='ltr'>qui</span> <span class='ocrx_word' id='word_1_57' title='bbox 2819 1120 3223 1187; x_wconf 89' lang='lat' dir='ltr'>Cordubam</span> 
     </span>
     <span class='ocr_line' id='line_1_8' title="bbox 755 1228 3225 1310; baseline -0.001 -15"><span class='ocrx_word' id='word_1_58' title='bbox 755 1232 1002 1296; x_wconf 89' lang='lat' dir='ltr'>venire</span> <span class='ocrx_word' id='word_1_59' title='bbox 1031 1240 1109 1295; x_wconf 91' lang='lat' dir='ltr'>ut</span> <span class='ocrx_word' id='word_1_60' title='bbox 1140 1231 1212 1295; x_wconf 91' lang='lat' dir='ltr'>in</span> <span class='ocrx_word' id='word_1_61' title='bbox 1242 1228 1680 1295; x_wconf 89' lang='lat' dir='ltr'>Societatem</span> <span class='ocrx_word' id='word_1_62' title='bbox 1709 1228 2253 1309; x_wconf 84' lang='lat' dir='ltr'>ingrederentur</span> <span class='ocrx_word' id='word_1_63' title='bbox 2284 1228 2659 1310; x_wconf 89' lang='lat' dir='ltr'>optabant,</span> <span class='ocrx_word' id='word_1_64' title='bbox 2692 1240 2765 1293; x_wconf 90' lang='lat' dir='ltr'>et</span> <span class='ocrx_word' id='word_1_65' title='bbox 2790 1228 3095 1293; x_wconf 86' lang='lat' dir='ltr'>facultas</span> <span class='ocrx_word' id='word_1_66' title='bbox 3118 1231 3225 1293; x_wconf 87' lang='lat' dir='ltr'>eis</span> 
     </span>
    </p>
   </div>
   <div class='ocr_carea' id='block_1_3' title="bbox 748 1334 3221 2167">
    <p class='ocr_par' dir='ltr' id='par_1_3' title="bbox 748 1334 3221 2167">
     <span class='ocr_line' id='line_1_9' title="bbox 753 1334 3219 1415; baseline -0.002 -10"><span class='ocrx_word' id='word_1_67' title='bbox 753 1358 800 1404; x_wconf 87' lang='lat' dir='ltr'>a</span> <span class='ocrx_word' id='word_1_68' title='bbox 819 1338 899 1405; x_wconf 89' lang='lat' dir='ltr'>P.</span> <span class='ocrx_word' id='word_1_69' title='bbox 924 1337 1264 1403; x_wconf 90' lang='lat' dir='ltr'>Torrensi</span> <span class='ocrx_word' id='word_1_70' title='bbox 1287 1337 1482 1401; x_wconf 89' lang='lat' dir='ltr'>facta</span> <span class='ocrx_word' id='word_1_71' title='bbox 1504 1347 1613 1401; x_wconf 91' lang='lat' dir='ltr'>est</span> <span class='ocrx_word' id='word_1_72' title='bbox 1635 1354 1722 1401; x_wconf 91' lang='lat' dir='ltr'>eo</span> <span class='ocrx_word' id='word_1_73' title='bbox 1743 1336 2079 1401; x_wconf 86' lang='lat' dir='ltr'>veniendi</span> <span class='ocrx_word' id='word_1_74' title='bbox 2106 1334 2149 1401; x_wconf 83' lang='lat'>¹.</span> <span class='ocrx_word' id='word_1_75' title='bbox 2173 1334 2354 1399; x_wconf 92' lang='lat' dir='ltr'>Cum</span> <span class='ocrx_word' id='word_1_76' title='bbox 2375 1343 2613 1401; x_wconf 89' lang='lat' dir='ltr'>autem</span> <span class='ocrx_word' id='word_1_77' title='bbox 2632 1336 2923 1415; x_wconf 82' lang='lat' dir='ltr'>egregie</span> <span class='ocrx_word' id='word_1_78' title='bbox 2946 1334 3023 1399; x_wconf 90' lang='lat' dir='ltr'>P.</span> <span class='ocrx_word' id='word_1_79' title='bbox 3046 1336 3219 1400; x_wconf 87' lang='lat' dir='ltr'>Avi-</span> 
     </span>
     <span class='ocr_line' id='line_1_10' title="bbox 748 1442 3217 1525; baseline -0.001 -16"><span class='ocrx_word' id='word_1_80' title='bbox 748 1447 820 1510; x_wconf 92' lang='lat' dir='ltr'>la</span> <span class='ocrx_word' id='word_1_81' title='bbox 846 1442 872 1475; x_wconf 75' lang='lat'>²</span> <span class='ocrx_word' id='word_1_82' title='bbox 899 1446 1368 1511; x_wconf 86' lang='lat' dir='ltr'>concionatus</span> <span class='ocrx_word' id='word_1_83' title='bbox 1397 1454 1586 1508; x_wconf 90' lang='lat' dir='ltr'>esset</span> <span class='ocrx_word' id='word_1_84' title='bbox 1607 1442 1923 1525; x_wconf 88' lang='lat' dir='ltr'>Hispali,</span> <span class='ocrx_word' id='word_1_85' title='bbox 1950 1442 2282 1507; x_wconf 88' lang='lat' dir='ltr'>dicebant</span> <span class='ocrx_word' id='word_1_86' title='bbox 2306 1442 2667 1505; x_wconf 88' lang='lat' dir='ltr'>auditores</span> <span class='ocrx_word' id='word_1_87' title='bbox 2689 1443 3009 1506; x_wconf 89' lang='lat' dir='ltr'>nonnulli</span> <span class='ocrx_word' id='word_1_88' title='bbox 3029 1443 3217 1523; x_wconf 92' lang='lat' dir='ltr'>quod</span> 
     </span>
     <span class='ocr_line' id='line_1_11' title="bbox 751 1547 3221 1631; baseline -0 -16"><span class='ocrx_word' id='word_1_89' title='bbox 751 1554 868 1619; x_wconf 84' lang='lat' dir='ltr'>ille</span> <span class='ocrx_word' id='word_1_90' title='bbox 893 1554 1080 1617; x_wconf 91' lang='lat' dir='ltr'>inter</span> <span class='ocrx_word' id='word_1_91' title='bbox 1108 1552 1291 1616; x_wconf 92' lang='lat' dir='ltr'>duos</span> <span class='ocrx_word' id='word_1_92' title='bbox 1329 1553 1590 1616; x_wconf 88' lang='lat' dir='ltr'>choros</span> <span class='ocrx_word' id='word_1_93' title='bbox 1630 1550 2081 1615; x_wconf 88' lang='lat' dir='ltr'>Cathedralis</span> <span class='ocrx_word' id='word_1_94' title='bbox 2120 1550 2465 1613; x_wconf 90' lang='lat' dir='ltr'>ecclesiae</span> <span class='ocrx_word' id='word_1_95' title='bbox 2515 1547 2539 1579; x_wconf 83' lang='lat'>⁸</span> <span class='ocrx_word' id='word_1_96' title='bbox 2578 1550 2988 1613; x_wconf 89' lang='lat' dir='ltr'>concionari</span> <span class='ocrx_word' id='word_1_97' title='bbox 3027 1560 3221 1631; x_wconf 89' lang='lat' dir='ltr'>pote-</span> 
     </span>
     <span class='ocr_line' id='line_1_12' title="bbox 752 1656 3217 1738; baseline -0.002 -13"><span class='ocrx_word' id='word_1_98' title='bbox 752 1672 898 1738; x_wconf 88' lang='lat' dir='ltr'>rat,</span> <span class='ocrx_word' id='word_1_99' title='bbox 957 1660 1078 1725; x_wconf 91' lang='lat' dir='ltr'>ubi</span> <span class='ocrx_word' id='word_1_100' title='bbox 1135 1667 1410 1723; x_wconf 86' lang='lat' dir='ltr'>tanturn</span> <span class='ocrx_word' id='word_1_101' title='bbox 1467 1656 1787 1737; x_wconf 90' lang='lat' dir='ltr'>insignes</span> <span class='ocrx_word' id='word_1_102' title='bbox 1843 1657 2390 1723; x_wconf 88' lang='lat' dir='ltr'>concionatores</span> <span class='ocrx_word' id='word_1_103' title='bbox 2445 1656 2935 1721; x_wconf 88' lang='lat' dir='ltr'>admittuntur.</span> <span class='ocrx_word' id='word_1_104' title='bbox 2994 1656 3217 1721; x_wconf 88' lang='lat' dir='ltr'>Erant</span> 
     </span>
     <span class='ocr_line' id='line_1_13' title="bbox 751 1761 3219 1847; baseline -0.002 -15"><span class='ocrx_word' id='word_1_105' title='bbox 751 1769 967 1832; x_wconf 89' lang='lat' dir='ltr'>etiam</span> <span class='ocrx_word' id='word_1_106' title='bbox 995 1767 1250 1847; x_wconf 89' lang='lat' dir='ltr'>aliqui,</span> <span class='ocrx_word' id='word_1_107' title='bbox 1285 1766 1405 1847; x_wconf 92' lang='lat' dir='ltr'>qui</span> <span class='ocrx_word' id='word_1_108' title='bbox 1435 1765 1522 1829; x_wconf 90' lang='lat' dir='ltr'>de</span> <span class='ocrx_word' id='word_1_109' title='bbox 1549 1765 1996 1829; x_wconf 90' lang='lat' dir='ltr'>institutione</span> <span class='ocrx_word' id='word_1_110' title='bbox 2024 1762 2325 1843; x_wconf 90' lang='lat' dir='ltr'>Collegii</span> <span class='ocrx_word' id='word_1_111' title='bbox 2339 1761 2487 1842; x_wconf 66' lang='lat' dir='ltr'>‚iam</span> <span class='ocrx_word' id='word_1_112' title='bbox 2509 1772 2679 1825; x_wconf 91' lang='lat' dir='ltr'>tunc</span> <span class='ocrx_word' id='word_1_113' title='bbox 2702 1771 3119 1843; x_wconf 87' lang='lat' dir='ltr'>tractarent,</span> <span class='ocrx_word' id='word_1_114' title='bbox 3146 1774 3219 1827; x_wconf 90' lang='lat' dir='ltr'>et</span> 
     </span>
     <span class='ocr_line' id='line_1_14' title="bbox 751 1868 3217 1953; baseline -0.002 -15"><span class='ocrx_word' id='word_1_115' title='bbox 751 1874 1200 1953; x_wconf 87' lang='lat' dir='ltr'>octingentos</span> <span class='ocrx_word' id='word_1_116' title='bbox 1229 1888 1486 1935; x_wconf 89' lang='lat' dir='ltr'>aureos</span> <span class='ocrx_word' id='word_1_117' title='bbox 1514 1880 1889 1934; x_wconf 90' lang='lat' dir='ltr'>numerata</span> <span class='ocrx_word' id='word_1_118' title='bbox 1914 1869 2215 1951; x_wconf 91' lang='lat' dir='ltr'>pecunia</span> <span class='ocrx_word' id='word_1_119' title='bbox 2238 1869 2457 1950; x_wconf 89' lang='lat' dir='ltr'>aliqui</span> <span class='ocrx_word' id='word_1_120' title='bbox 2478 1868 2835 1932; x_wconf 87' lang='lat' dir='ltr'>habebant</span> <span class='ocrx_word' id='word_1_121' title='bbox 2859 1879 2934 1933; x_wconf 92' lang='lat' dir='ltr'>ut</span> <span class='ocrx_word' id='word_1_122' title='bbox 2958 1887 3217 1951; x_wconf 83' lang='lat' dir='ltr'>expen-</span> 
     </span>
     <span class='ocr_line' id='line_1_15' title="bbox 751 1975 3210 2069; baseline -0 -27"><span class='ocrx_word' id='word_1_123' title='bbox 751 1980 916 2045; x_wconf 89' lang='lat' dir='ltr'>dere</span> <span class='ocrx_word' id='word_1_124' title='bbox 947 1981 1372 2069; x_wconf 86' lang='lat' dir='ltr'>inciperent:</span> <span class='ocrx_word' id='word_1_125' title='bbox 1405 1977 1693 2058; x_wconf 90' lang='lat' dir='ltr'>scripsit</span> <span class='ocrx_word' id='word_1_126' title='bbox 1723 1978 1940 2040; x_wconf 90' lang='lat' dir='ltr'>etiam</span> <span class='ocrx_word' id='word_1_127' title='bbox 1970 1977 2309 2041; x_wconf 88' lang='lat' dir='ltr'>Vicarius</span> <span class='ocrx_word' id='word_1_128' title='bbox 2338 1977 2603 2039; x_wconf 89' lang='lat' dir='ltr'>nostris</span> <span class='ocrx_word' id='word_1_129' title='bbox 2627 1975 3210 2056; x_wconf 83' lang='lat' dir='ltr'>cordubensibuS,</span> 
     </span>
     <span class='ocr_line' id='line_1_16' title="bbox 749 2083 3211 2167; baseline -0.002 -16"><span class='ocrx_word' id='word_1_130' title='bbox 749 2089 1026 2167; x_wconf 85' lang='lat' dir='ltr'>aliquos</span> <span class='ocrx_word' id='word_1_131' title='bbox 1074 2086 1161 2150; x_wconf 92' lang='lat' dir='ltr'>de</span> <span class='ocrx_word' id='word_1_132' title='bbox 1219 2084 1576 2149; x_wconf 89' lang='lat' dir='ltr'>Societate</span> <span class='ocrx_word' id='word_1_133' title='bbox 1632 2085 2036 2165; x_wconf 81' lang='lat' dir='ltr'>postulanS,</span> <span class='ocrx_word' id='word_1_134' title='bbox 2097 2084 2221 2164; x_wconf 91' lang='lat' dir='ltr'>qui</span> <span class='ocrx_word' id='word_1_135' title='bbox 2267 2083 2581 2147; x_wconf 90' lang='lat' dir='ltr'>residere</span> <span class='ocrx_word' id='word_1_136' title='bbox 2624 2084 2903 2164; x_wconf 92' lang='lat' dir='ltr'>Hispali</span> <span class='ocrx_word' id='word_1_137' title='bbox 2954 2086 3211 2165; x_wconf 89' lang='lat' dir='ltr'>incipe-</span> 
     </span>
    </p>
   </div>
   <div class='ocr_carea' id='block_1_4' title="bbox 747 2204 3215 2379">
    <p class='ocr_par' dir='ltr' id='par_1_4' title="bbox 747 2204 3215 2379">
     <span class='ocr_line' id='line_1_17' title="bbox 747 2204 929 2259; baseline -0.027 -2"><span class='ocrx_word' id='word_1_138' title='bbox 747 2204 929 2259; x_wconf 89' lang='lat' dir='ltr'>rent.</span> 
     </span>
     <span class='ocr_line' id='line_1_18' title="bbox 871 2296 3215 2379; baseline 0 -16"><span class='ocrx_word' id='word_1_139' title='bbox 871 2299 1013 2365; x_wconf 88' lang='lat'><strong>996.</strong></span> <span class='ocrx_word' id='word_1_140' title='bbox 1101 2298 1307 2379; x_wconf 89' lang='lat' dir='ltr'>Quod</span> <span class='ocrx_word' id='word_1_141' title='bbox 1335 2298 1586 2363; x_wconf 89' lang='lat' dir='ltr'>attinet</span> <span class='ocrx_word' id='word_1_142' title='bbox 1617 2299 1707 2362; x_wconf 91' lang='lat' dir='ltr'>ad</span> <span class='ocrx_word' id='word_1_143' title='bbox 1737 2298 2133 2377; x_wconf 87' lang='lat' dir='ltr'>Collegium</span> <span class='ocrx_word' id='word_1_144' title='bbox 2176 2298 2366 2377; x_wconf 92' lang='lat' dir='ltr'>apud</span> <span class='ocrx_word' id='word_1_145' title='bbox 2405 2296 2478 2361; x_wconf 90' lang='lat' dir='ltr'>S.</span> <span class='ocrx_word' id='word_1_146' title='bbox 2530 2298 2801 2361; x_wconf 90' lang='lat' dir='ltr'>Lucam</span> <span class='ocrx_word' id='word_1_147' title='bbox 2851 2300 3215 2363; x_wconf 90' lang='lat' dir='ltr'>instituen-</span> 
     </span>
    </p>
   </div>
   <div class='ocr_carea' id='block_1_5' title="bbox 737 2404 3213 3235">
    <p class='ocr_par' dir='ltr' id='par_1_5' title="bbox 737 2404 3213 3235">
     <span class='ocr_line' id='line_1_19' title="bbox 748 2404 3213 2487; baseline -0 -15"><span class='ocrx_word' id='word_1_148' title='bbox 748 2409 948 2485; x_wconf 89' lang='lat' dir='ltr'>dum,</span> <span class='ocrx_word' id='word_1_149' title='bbox 982 2407 1210 2471; x_wconf 86' lang='lat' dir='ltr'>nostri</span> <span class='ocrx_word' id='word_1_150' title='bbox 1240 2405 1553 2486; x_wconf 89' lang='lat' dir='ltr'>quidem,</span> <span class='ocrx_word' id='word_1_151' title='bbox 1583 2406 1787 2487; x_wconf 85' lang='lat' dir='ltr'>J&#39;uxta</span> <span class='ocrx_word' id='word_1_152' title='bbox 1817 2405 1894 2469; x_wconf 94' lang='lat' dir='ltr'>P.</span> <span class='ocrx_word' id='word_1_153' title='bbox 1941 2404 2313 2469; x_wconf 87' lang='lat' dir='ltr'>Francisci</span> <span class='ocrx_word' id='word_1_154' title='bbox 2355 2406 2911 2487; x_wconf 90' lang='lat' dir='ltr'>praescriptum,</span> <span class='ocrx_word' id='word_1_155' title='bbox 2961 2407 3054 2471; x_wconf 89' lang='lat' dir='ltr'>ad</span> <span class='ocrx_word' id='word_1_156' title='bbox 3096 2408 3213 2471; x_wconf 91' lang='lat' dir='ltr'>ho·</span> 
     </span>
     <span class='ocr_line' id='line_1_20' title="bbox 749 2510 3211 2595; baseline -0 -16"><span class='ocrx_word' id='word_1_157' title='bbox 749 2516 1003 2595; x_wconf 89' lang='lat' dir='ltr'>spitale</span> <span class='ocrx_word' id='word_1_158' title='bbox 1054 2512 1207 2593; x_wconf 86' lang='lat' dir='ltr'>ejus</span> <span class='ocrx_word' id='word_1_159' title='bbox 1259 2512 1502 2594; x_wconf 91' lang='lat' dir='ltr'>oppidi</span> <span class='ocrx_word' id='word_1_160' title='bbox 1541 2510 1566 2543; x_wconf 77' lang='lat'><strong>⁴</strong></span> <span class='ocrx_word' id='word_1_161' title='bbox 1605 2514 2081 2591; x_wconf 87' lang='lat' dir='ltr'>diverterunt,</span> <span class='ocrx_word' id='word_1_162' title='bbox 2131 2513 2457 2593; x_wconf 88' lang='lat' dir='ltr'>quamvis</span> <span class='ocrx_word' id='word_1_163' title='bbox 2498 2512 2753 2577; x_wconf 89' lang='lat' dir='ltr'>deinde</span> <span class='ocrx_word' id='word_1_164' title='bbox 2793 2513 2883 2577; x_wconf 90' lang='lat' dir='ltr'>ad</span> <span class='ocrx_word' id='word_1_165' title='bbox 2923 2512 3211 2579; x_wconf 89' lang='lat' dir='ltr'>domum</span> 
     </span>
     <span class='ocr_line' id='line_1_21' title="bbox 747 2618 3206 2709; baseline -0.001 -24"><span class='ocrx_word' id='word_1_166' title='bbox 747 2622 1131 2703; x_wconf 88' lang='lat' dir='ltr'>quamdam</span> <span class='ocrx_word' id='word_1_167' title='bbox 1186 2618 1698 2699; x_wconf 87' lang='lat' dir='ltr'>transferendi,</span> <span class='ocrx_word' id='word_1_168' title='bbox 1760 2620 1988 2683; x_wconf 91' lang='lat' dir='ltr'>donec</span> <span class='ocrx_word' id='word_1_169' title='bbox 2037 2619 2331 2700; x_wconf 91' lang='lat' dir='ltr'>propria</span> <span class='ocrx_word' id='word_1_170' title='bbox 2387 2620 2640 2684; x_wconf 91' lang='lat' dir='ltr'>domus</span> <span class='ocrx_word' id='word_1_171' title='bbox 2690 2620 3206 2709; x_wconf 28' lang='lat' dir='ltr'>aedificaretur..</span> 
     </span>
     <span class='ocr_line' id='line_1_22' title="bbox 747 2725 3209 2807; baseline -0.001 -14"><span class='ocrx_word' id='word_1_172' title='bbox 747 2727 1014 2793; x_wconf 90' lang='lat' dir='ltr'>Omnes</span> <span class='ocrx_word' id='word_1_173' title='bbox 1045 2728 1232 2792; x_wconf 90' lang='lat' dir='ltr'>illius</span> <span class='ocrx_word' id='word_1_174' title='bbox 1261 2726 1741 2791; x_wconf 88' lang='lat' dir='ltr'>nobilissimae</span> <span class='ocrx_word' id='word_1_175' title='bbox 1769 2726 2085 2791; x_wconf 86' lang='lat' dir='ltr'>familiae</span> <span class='ocrx_word' id='word_1_176' title='bbox 2117 2725 2141 2758; x_wconf 79' lang='lat'>³</span> <span class='ocrx_word' id='word_1_177' title='bbox 2170 2726 2491 2790; x_wconf 88' lang='lat' dir='ltr'>homines</span> <span class='ocrx_word' id='word_1_178' title='bbox 2522 2742 2861 2807; x_wconf 89' lang='lat' dir='ltr'>magnum</span> <span class='ocrx_word' id='word_1_179' title='bbox 2901 2728 3209 2793; x_wconf 89' lang='lat' dir='ltr'>dilectio·</span> 
     </span>
     <span class='ocr_line' id='line_1_23' title="bbox 738 2833 3212 2909; baseline -0 -9"><span class='ocrx_word' id='word_1_180' title='bbox 738 2836 850 2901; x_wconf 92' lang='lat' dir='ltr'>nis</span> <span class='ocrx_word' id='word_1_181' title='bbox 885 2834 1214 2899; x_wconf 88' lang='lat' dir='ltr'>affectum</span> <span class='ocrx_word' id='word_1_182' title='bbox 1247 2834 1512 2898; x_wconf 89' lang='lat' dir='ltr'>nostris</span> <span class='ocrx_word' id='word_1_183' title='bbox 1541 2833 2006 2909; x_wconf 87' lang='lat' dir='ltr'>exhibebant;</span> <span class='ocrx_word' id='word_1_184' title='bbox 2043 2849 2290 2897; x_wconf 90' lang='lat' dir='ltr'>omnes</span> <span class='ocrx_word' id='word_1_185' title='bbox 2319 2833 2412 2896; x_wconf 93' lang='lat' dir='ltr'>ad</span> <span class='ocrx_word' id='word_1_186' title='bbox 2443 2833 2909 2897; x_wconf 89' lang='lat' dir='ltr'>christianam</span> <span class='ocrx_word' id='word_1_187' title='bbox 2951 2835 3212 2899; x_wconf 89' lang='lat' dir='ltr'>doctri-</span> 
     </span>
     <span class='ocr_line' id='line_1_24' title="bbox 737 2939 3207 3022; baseline -0.001 -16"><span class='ocrx_word' id='word_1_188' title='bbox 737 2959 905 3007; x_wconf 92' lang='lat' dir='ltr'>nam</span> <span class='ocrx_word' id='word_1_189' title='bbox 933 2942 1315 3005; x_wconf 84' lang='lat' dir='ltr'>veniebant</span> <span class='ocrx_word' id='word_1_190' title='bbox 1339 2989 1354 3019; x_wconf 89' lang='lat'>,</span> <span class='ocrx_word' id='word_1_191' title='bbox 1389 2958 1572 3022; x_wconf 90' lang='lat' dir='ltr'>quae</span> <span class='ocrx_word' id='word_1_192' title='bbox 1602 2940 1980 3004; x_wconf 87' lang='lat' dir='ltr'>dominicis</span> <span class='ocrx_word' id='word_1_193' title='bbox 2010 2939 2259 3004; x_wconf 92' lang='lat' dir='ltr'>diebus</span> <span class='ocrx_word' id='word_1_194' title='bbox 2289 2940 2361 3003; x_wconf 91' lang='lat' dir='ltr'>in</span> <span class='ocrx_word' id='word_1_195' title='bbox 2392 2956 2670 3003; x_wconf 88' lang='lat' dir='ltr'>summo</span> <span class='ocrx_word' id='word_1_196' title='bbox 2700 2942 2961 3021; x_wconf 90' lang='lat' dir='ltr'>templo</span> <span class='ocrx_word' id='word_1_197' title='bbox 2990 2942 3207 3021; x_wconf 83' lang='lat' dir='ltr'>expli-</span> 
     </span>
     <span class='ocr_line' id='line_1_25' title="bbox 737 3047 3207 3129; baseline -0 -17"><span class='ocrx_word' id='word_1_198' title='bbox 737 3049 1074 3128; x_wconf 89' lang='lat' dir='ltr'>cabatur,</span> <span class='ocrx_word' id='word_1_199' title='bbox 1108 3058 1177 3111; x_wconf 90' lang='lat' dir='ltr'>et</span> <span class='ocrx_word' id='word_1_200' title='bbox 1205 3047 1292 3110; x_wconf 91' lang='lat' dir='ltr'>de</span> <span class='ocrx_word' id='word_1_201' title='bbox 1322 3047 1610 3127; x_wconf 89' lang='lat' dir='ltr'>negotio</span> <span class='ocrx_word' id='word_1_202' title='bbox 1639 3048 1971 3129; x_wconf 89' lang='lat' dir='ltr'>propriae</span> <span class='ocrx_word' id='word_1_203' title='bbox 2001 3047 2481 3111; x_wconf 89' lang='lat' dir='ltr'>conscientiae</span> <span class='ocrx_word' id='word_1_204' title='bbox 2512 3063 2598 3109; x_wconf 91' lang='lat' dir='ltr'>ac</span> <span class='ocrx_word' id='word_1_205' title='bbox 2638 3056 2971 3111; x_wconf 89' lang='lat' dir='ltr'>aeternae</span> <span class='ocrx_word' id='word_1_206' title='bbox 3014 3050 3207 3112; x_wconf 85' lang='lat' dir='ltr'>vitae</span> 
     </span>
     <span class='ocr_line' id='line_1_26' title="bbox 737 3151 3207 3235; baseline -0.001 -14"><span class='ocrx_word' id='word_1_207' title='bbox 737 3158 1040 3223; x_wconf 85' lang='lat' dir='ltr'>libenter</span> <span class='ocrx_word' id='word_1_208' title='bbox 1079 3155 1518 3234; x_wconf 89' lang='lat' dir='ltr'>tractabant;</span> <span class='ocrx_word' id='word_1_209' title='bbox 1563 3155 1820 3220; x_wconf 91' lang='lat' dir='ltr'>Comes</span> <span class='ocrx_word' id='word_1_210' title='bbox 1851 3156 2003 3235; x_wconf 89' lang='lat' dir='ltr'>ipse</span> <span class='ocrx_word' id='word_1_211' title='bbox 2030 3152 2325 3219; x_wconf 86' lang='lat' dir='ltr'>Nieblae</span> <span class='ocrx_word' id='word_1_212' title='bbox 2358 3151 2383 3185; x_wconf 80' lang='lat'><strong>⁶</strong></span> <span class='ocrx_word' id='word_1_213' title='bbox 2413 3153 2608 3217; x_wconf 90' lang='lat' dir='ltr'>Patri</span> <span class='ocrx_word' id='word_1_214' title='bbox 2637 3154 2955 3219; x_wconf 89' lang='lat' dir='ltr'>Gonzalo</span> <span class='ocrx_word' id='word_1_215' title='bbox 2986 3152 3009 3184; x_wconf 72' lang='lat'>³</span> <span class='ocrx_word' id='word_1_216' title='bbox 3044 3172 3207 3219; x_wconf 93' lang='lat' dir='ltr'>con-</span> 
     </span>
    </p>
   </div>
   <div class='ocr_carea' id='block_1_6' title="bbox 719 3322 3208 4727">
    <p class='ocr_par' dir='ltr' id='par_1_6' title="bbox 734 3322 3208 3516">
     <span class='ocr_line' id='line_1_27' title="bbox 819 3322 3208 3377; baseline -0.002 -5"><span class='ocrx_word' id='word_1_217' title='bbox 819 3328 836 3361; x_wconf 80' lang='lat'><strong>¹</strong></span> <span class='ocrx_word' id='word_1_218' title='bbox 895 3326 1089 3371; x_wconf 79' lang='lat' dir='ltr'>Horum</span> <span class='ocrx_word' id='word_1_219' title='bbox 1110 3337 1211 3371; x_wconf 91' lang='lat' dir='ltr'>non</span> <span class='ocrx_word' id='word_1_220' title='bbox 1231 3324 1508 3369; x_wconf 78' lang='lat' dir='ltr'>meminere</span> <span class='ocrx_word' id='word_1_221' title='bbox 1531 3336 1623 3369; x_wconf 88' lang='lat' dir='ltr'>nec</span> <span class='ocrx_word' id='word_1_222' title='bbox 1643 3324 1756 3369; x_wconf 70' lang='lat' dir='ltr'>Roa</span> <span class='ocrx_word' id='word_1_223' title='bbox 1777 3336 1873 3367; x_wconf 87' lang='lat' dir='ltr'>nec</span> <span class='ocrx_word' id='word_1_224' title='bbox 1895 3323 2219 3369; x_wconf 58' lang='lat' dir='ltr'>Sam-walin</span> <span class='ocrx_word' id='word_1_225' title='bbox 2240 3322 2291 3367; x_wconf 91' lang='lat' dir='ltr'>in</span> <span class='ocrx_word' id='word_1_226' title='bbox 2306 3334 2403 3367; x_wconf 79' lang='lat' dir='ltr'>aua</span> <span class='ocrx_word' id='word_1_227' title='bbox 2424 3322 2669 3377; x_wconf 77' lang='lat' dir='ltr'>cuiusque</span> <span class='ocrx_word' id='word_1_228' title='bbox 2684 3322 2929 3367; x_wconf 78' lang='lat' dir='ltr'>Historia</span> <span class='ocrx_word' id='word_1_229' title='bbox 2949 3334 3042 3368; x_wconf 84' lang='lat' dir='ltr'>ms.</span> <span class='ocrx_word' id='word_1_230' title='bbox 3064 3324 3131 3367; x_wconf 76' lang='lat' dir='ltr'>de</span> <span class='ocrx_word' id='word_1_231' title='bbox 3152 3324 3208 3367; x_wconf 84' lang='lat' dir='ltr'>la</span> 
     </span>
     <span class='ocr_line' id='line_1_28' title="bbox 735 3394 3207 3450; baseline -0.002 -6"><span class='ocrx_word' id='word_1_232' title='bbox 735 3400 1027 3445; x_wconf 76' lang='lat' dir='ltr'>Provincia</span> <span class='ocrx_word' id='word_1_233' title='bbox 1048 3400 1115 3443; x_wconf 85' lang='lat' dir='ltr'>de</span> <span class='ocrx_word' id='word_1_234' title='bbox 1133 3396 1465 3449; x_wconf 77' lang='lat' dir='ltr'>Andalucia,</span> <span class='ocrx_word' id='word_1_235' title='bbox 1484 3406 1578 3440; x_wconf 90' lang='lat' dir='ltr'>nec</span> <span class='ocrx_word' id='word_1_236' title='bbox 1609 3394 1762 3440; x_wconf 81' lang='lat' dir='ltr'>Sous</span> <span class='ocrx_word' id='word_1_237' title='bbox 1795 3395 1848 3439; x_wconf 89' lang='lat' dir='ltr'>in</span> <span class='ocrx_word' id='word_1_238' title='bbox 1868 3394 2117 3439; x_wconf 75' lang='lat' dir='ltr'>Historia</span> <span class='ocrx_word' id='word_1_239' title='bbox 2148 3395 2309 3439; x_wconf 86' lang='lat' dir='ltr'>etiam</span> <span class='ocrx_word' id='word_1_240' title='bbox 2328 3406 2424 3439; x_wconf 85' lang='lat' dir='ltr'>ms.</span> <span class='ocrx_word' id='word_1_241' title='bbox 2448 3395 2514 3439; x_wconf 80' lang='lat' dir='ltr'>de</span> <span class='ocrx_word' id='word_1_242' title='bbox 2533 3395 2589 3438; x_wconf 83' lang='lat' dir='ltr'>la</span> <span class='ocrx_word' id='word_1_243' title='bbox 2611 3394 2746 3439; x_wconf 80' lang='lat' dir='ltr'>Casa</span> <span class='ocrx_word' id='word_1_244' title='bbox 2768 3394 2997 3450; x_wconf 81' lang='lat' dir='ltr'>Prosesa</span> <span class='ocrx_word' id='word_1_245' title='bbox 3028 3396 3094 3441; x_wconf 78' lang='lat' dir='ltr'>de</span> <span class='ocrx_word' id='word_1_246' title='bbox 3116 3394 3207 3439; x_wconf 83' lang='lat' dir='ltr'>Se-</span> 
     </span>
     <span class='ocr_line' id='line_1_29' title="bbox 734 3472 886 3516; baseline -0.02 0"><span class='ocrx_word' id='word_1_247' title='bbox 734 3472 886 3516; x_wconf 69' lang='lat' dir='ltr'>villa.</span> 
     </span>
    </p>

    <p class='ocr_par' dir='ltr' id='par_1_7' title="bbox 732 3536 3205 3670">
     <span class='ocr_line' id='line_1_30' title="bbox 814 3536 3205 3593; baseline -0.001 -8"><span class='ocrx_word' id='word_1_248' title='bbox 814 3543 837 3574; x_wconf 80' lang='lat'><strong>¹</strong></span> <span class='ocrx_word' id='word_1_249' title='bbox 892 3541 948 3584; x_wconf 91' lang='lat' dir='ltr'>P.</span> <span class='ocrx_word' id='word_1_250' title='bbox 970 3539 1194 3585; x_wconf 74' lang='lat' dir='ltr'>Basilius</span> <span class='ocrx_word' id='word_1_251' title='bbox 1213 3538 1276 3583; x_wconf 87' lang='lat' dir='ltr'>de</span> <span class='ocrx_word' id='word_1_252' title='bbox 1298 3538 1486 3593; x_wconf 80' lang='lat' dir='ltr'>Avila3</span> <span class='ocrx_word' id='word_1_253' title='bbox 1508 3544 1561 3582; x_wconf 88' lang='lat' dir='ltr'>et</span> <span class='ocrx_word' id='word_1_254' title='bbox 1592 3536 1670 3582; x_wconf 77' lang='lat' dir='ltr'>sic</span> <span class='ocrx_word' id='word_1_255' title='bbox 1701 3548 1909 3592; x_wconf 76' lang='lat' dir='ltr'>semper</span> <span class='ocrx_word' id='word_1_256' title='bbox 1940 3538 2191 3591; x_wconf 66' lang='lat' dir='ltr'>intellige,</span> <span class='ocrx_word' id='word_1_257' title='bbox 2211 3538 2281 3590; x_wconf 85' lang='lat' dir='ltr'>ni.</span> <span class='ocrx_word' id='word_1_258' title='bbox 2304 3542 2361 3583; x_wconf 89' lang='lat' dir='ltr'>ut</span> <span class='ocrx_word' id='word_1_259' title='bbox 2389 3538 2590 3582; x_wconf 82' lang='lat' dir='ltr'>vitetur</span> <span class='ocrx_word' id='word_1_260' title='bbox 2612 3537 2782 3582; x_wconf 74' lang='lat' dir='ltr'>facilis</span> <span class='ocrx_word' id='word_1_261' title='bbox 2810 3548 2975 3591; x_wconf 85' lang='lat' dir='ltr'>error,</span> <span class='ocrx_word' id='word_1_262' title='bbox 2998 3538 3205 3583; x_wconf 81' lang='lat' dir='ltr'>confun-</span> 
     </span>
     <span class='ocr_line' id='line_1_31' title="bbox 732 3606 2419 3670; baseline -0.004 -13"><span class='ocrx_word' id='word_1_263' title='bbox 732 3614 885 3659; x_wconf 86' lang='lat' dir='ltr'>dendi</span> <span class='ocrx_word' id='word_1_264' title='bbox 907 3612 1108 3656; x_wconf 85' lang='lat' dir='ltr'>scilicet</span> <span class='ocrx_word' id='word_1_265' title='bbox 1129 3613 1264 3655; x_wconf 84' lang='lat' dir='ltr'>hunc</span> <span class='ocrx_word' id='word_1_266' title='bbox 1281 3621 1398 3655; x_wconf 88' lang='lat' dir='ltr'>cum</span> <span class='ocrx_word' id='word_1_267' title='bbox 1419 3608 1477 3654; x_wconf 89' lang='lat' dir='ltr'>B.</span> <span class='ocrx_word' id='word_1_268' title='bbox 1499 3606 1696 3670; x_wconf 82' lang='lat' dir='ltr'>Joanne</span> <span class='ocrx_word' id='word_1_269' title='bbox 1717 3608 1781 3653; x_wconf 87' lang='lat' dir='ltr'>de</span> <span class='ocrx_word' id='word_1_270' title='bbox 1801 3610 1965 3653; x_wconf 79' lang='lat' dir='ltr'>Avila</span> <span class='ocrx_word' id='word_1_271' title='bbox 1981 3642 1993 3664; x_wconf 86' lang='lat'>,</span> <span class='ocrx_word' id='word_1_272' title='bbox 2012 3611 2171 3653; x_wconf 87' lang='lat' dir='ltr'>aliter</span> <span class='ocrx_word' id='word_1_273' title='bbox 2191 3616 2419 3653; x_wconf 85' lang='lat' dir='ltr'>notetur.</span> 
     </span>
    </p>

    <p class='ocr_par' dir='ltr' id='par_1_8' title="bbox 723 3680 3207 4308">
     <span class='ocr_line' id='line_1_32' title="bbox 811 3680 3207 3737; baseline -0.001 -10"><span class='ocrx_word' id='word_1_274' title='bbox 811 3685 834 3717; x_wconf 70' lang='grc' dir='ltr'><strong>ὃ</strong></span> <span class='ocrx_word' id='word_1_275' title='bbox 890 3683 1004 3732; x_wconf 84' lang='lat' dir='ltr'>Non</span> <span class='ocrx_word' id='word_1_276' title='bbox 1023 3694 1122 3727; x_wconf 87' lang='lat' dir='ltr'>uno</span> <span class='ocrx_word' id='word_1_277' title='bbox 1144 3684 1194 3728; x_wconf 89' lang='lat' dir='ltr'>in</span> <span class='ocrx_word' id='word_1_278' title='bbox 1215 3684 1330 3727; x_wconf 88' lang='lat' dir='ltr'>loco</span> <span class='ocrx_word' id='word_1_279' title='bbox 1350 3680 1644 3726; x_wconf 84' lang='lat' dir='ltr'>concionari</span> <span class='ocrx_word' id='word_1_280' title='bbox 1666 3687 1971 3725; x_wconf 80' lang='lat' dir='ltr'>consuetum</span> <span class='ocrx_word' id='word_1_281' title='bbox 1990 3688 2070 3726; x_wconf 83' lang='lat' dir='ltr'>est</span> <span class='ocrx_word' id='word_1_282' title='bbox 2095 3682 2146 3724; x_wconf 91' lang='lat' dir='ltr'>in</span> <span class='ocrx_word' id='word_1_283' title='bbox 2164 3682 2483 3735; x_wconf 80' lang='lat' dir='ltr'>amplissimo</span> <span class='ocrx_word' id='word_1_284' title='bbox 2504 3682 2796 3727; x_wconf 80' lang='lat' dir='ltr'>cathedrali</span> <span class='ocrx_word' id='word_1_285' title='bbox 2820 3683 3028 3737; x_wconf 82' lang='lat' dir='ltr'>templo,</span> <span class='ocrx_word' id='word_1_286' title='bbox 3046 3682 3133 3727; x_wconf 88' lang='lat' dir='ltr'>sed</span> <span class='ocrx_word' id='word_1_287' title='bbox 3156 3684 3207 3725; x_wconf 87' lang='lat' dir='ltr'>in</span> 
     </span>
     <span class='ocr_line' id='line_1_33' title="bbox 732 3736 3206 3809; baseline -0.001 -11"><span class='ocrx_word' id='word_1_288' title='bbox 732 3754 992 3809; x_wconf 88' lang='lat' dir='ltr'>pluribus,</span> <span class='ocrx_word' id='word_1_289' title='bbox 1015 3755 1276 3797; x_wconf 82' lang='lat' dir='ltr'>videlicet:</span> <span class='ocrx_word' id='word_1_290' title='bbox 1297 3752 1438 3796; x_wconf 84' lang='lat' dir='ltr'>intra</span> <span class='ocrx_word' id='word_1_291' title='bbox 1458 3752 1586 3795; x_wconf 83' lang='lat' dir='ltr'>duos</span> <span class='ocrx_word' id='word_1_292' title='bbox 1606 3752 1793 3795; x_wconf 83' lang='lat' dir='ltr'>choros</span> <span class='ocrx_word' id='word_1_293' title='bbox 1809 3785 1819 3800; x_wconf 83' lang='grc'><strong>.</strong></span> <span class='ocrx_word' id='word_1_294' title='bbox 1841 3753 1941 3796; x_wconf 89' lang='lat' dir='ltr'>hoc</span> <span class='ocrx_word' id='word_1_295' title='bbox 1964 3758 2043 3795; x_wconf 87' lang='lat' dir='ltr'>est</span> <span class='ocrx_word' id='word_1_296' title='bbox 2074 3752 2125 3795; x_wconf 85' lang='lat' dir='ltr'>in</span> <span class='ocrx_word' id='word_1_297' title='bbox 2156 3752 2327 3806; x_wconf 83' lang='lat' dir='ltr'>spatio</span> <span class='ocrx_word' id='word_1_298' title='bbox 2358 3751 2494 3807; x_wconf 86' lang='lat' dir='ltr'>quod</span> <span class='ocrx_word' id='word_1_299' title='bbox 2532 3754 2668 3797; x_wconf 91' lang='lat' dir='ltr'>inter</span> <span class='ocrx_word' id='word_1_300' title='bbox 2688 3736 2857 3797; x_wconf 80' lang='lat' dir='ltr'>ai‘tare</span> <span class='ocrx_word' id='word_1_301' title='bbox 2880 3764 3129 3798; x_wconf 78' lang='lat' dir='ltr'>summum</span> <span class='ocrx_word' id='word_1_302' title='bbox 3150 3762 3206 3797; x_wconf 88' lang='lat' dir='ltr'>et</span> 
     </span>
     <span class='ocr_line' id='line_1_34' title="bbox 725 3822 3205 3879; baseline -0 -10"><span class='ocrx_word' id='word_1_303' title='bbox 725 3826 1088 3870; x_wconf 80' lang='lat' dir='ltr'>canonicorum</span> <span class='ocrx_word' id='word_1_304' title='bbox 1110 3825 1344 3875; x_wconf 86' lang='lat' dir='ltr'>chorum,</span> <span class='ocrx_word' id='word_1_305' title='bbox 1366 3824 1450 3879; x_wconf 83' lang='lat' dir='ltr'>qui</span> <span class='ocrx_word' id='word_1_306' title='bbox 1471 3824 1523 3867; x_wconf 91' lang='lat' dir='ltr'>in</span> <span class='ocrx_word' id='word_1_307' title='bbox 1554 3822 1722 3867; x_wconf 85' lang='lat' dir='ltr'>medio</span> <span class='ocrx_word' id='word_1_308' title='bbox 1752 3823 2004 3866; x_wconf 82' lang='lat' dir='ltr'>ecclesiae</span> <span class='ocrx_word' id='word_1_309' title='bbox 2026 3834 2053 3865; x_wconf 93' lang='lat' dir='ltr'>e</span> <span class='ocrx_word' id='word_1_310' title='bbox 2085 3823 2295 3877; x_wconf 75' lang='lat' dir='ltr'>regione</span> <span class='ocrx_word' id='word_1_311' title='bbox 2326 3824 2515 3867; x_wconf 74' lang='lat' dir='ltr'>altaris</span> <span class='ocrx_word' id='word_1_312' title='bbox 2536 3829 2615 3868; x_wconf 80' lang='lat' dir='ltr'>est</span> <span class='ocrx_word' id='word_1_313' title='bbox 2630 3857 2641 3879; x_wconf 92' lang='lat'>,</span> <span class='ocrx_word' id='word_1_314' title='bbox 2663 3825 2965 3878; x_wconf 86' lang='lat' dir='ltr'>intercedit;</span> <span class='ocrx_word' id='word_1_315' title='bbox 2989 3824 3040 3867; x_wconf 90' lang='lat' dir='ltr'>in</span> <span class='ocrx_word' id='word_1_316' title='bbox 3061 3824 3205 3879; x_wconf 84' lang='lat' dir='ltr'>adja—</span> 
     </span>
     <span class='ocr_line' id='line_1_35' title="bbox 731 3894 3207 3950; baseline -0.001 -9"><span class='ocrx_word' id='word_1_317' title='bbox 731 3898 870 3941; x_wconf 88' lang='lat' dir='ltr'>centi</span> <span class='ocrx_word' id='word_1_318' title='bbox 895 3896 1174 3949; x_wconf 52' lang='lat' dir='ltr'>sacrari&amp;</span> <span class='ocrx_word' id='word_1_319' title='bbox 1194 3896 1246 3939; x_wconf 90' lang='lat' dir='ltr'>in</span> <span class='ocrx_word' id='word_1_320' title='bbox 1267 3896 1472 3947; x_wconf 81' lang='lat' dir='ltr'>capella</span> <span class='ocrx_word' id='word_1_321' title='bbox 1493 3894 1672 3938; x_wconf 79' lang='lat' dir='ltr'>Sancti</span> <span class='ocrx_word' id='word_1_322' title='bbox 1693 3894 1734 3936; x_wconf 83' lang='lat' dir='ltr'>F</span> <span class='ocrx_word' id='word_1_323' title='bbox 1737 3896 1979 3949; x_wconf 76' lang='lat' dir='ltr'>ernaudi5</span> <span class='ocrx_word' id='word_1_324' title='bbox 2002 3896 2051 3939; x_wconf 88' lang='lat' dir='ltr'>in</span> <span class='ocrx_word' id='word_1_325' title='bbox 2073 3898 2314 3938; x_wconf 82' lang='lat' dir='ltr'>trascoro</span> <span class='ocrx_word' id='word_1_326' title='bbox 2346 3906 2438 3939; x_wconf 82' lang='lat' dir='ltr'>seu</span> <span class='ocrx_word' id='word_1_327' title='bbox 2459 3896 2648 3950; x_wconf 82' lang='lat' dir='ltr'>spatio,</span> <span class='ocrx_word' id='word_1_328' title='bbox 2672 3896 2805 3950; x_wconf 88' lang='lat' dir='ltr'>quod</span> <span class='ocrx_word' id='word_1_329' title='bbox 2828 3902 2907 3939; x_wconf 88' lang='lat' dir='ltr'>est</span> <span class='ocrx_word' id='word_1_330' title='bbox 2929 3896 3069 3940; x_wconf 80' lang='lat' dir='ltr'>intra</span> <span class='ocrx_word' id='word_1_331' title='bbox 3088 3896 3207 3939; x_wconf 88' lang='lat' dir='ltr'>cho-</span> 
     </span>
     <span class='ocr_line' id='line_1_36' title="bbox 730 3966 3205 4023; baseline -0 -11"><span class='ocrx_word' id='word_1_332' title='bbox 730 3980 845 4013; x_wconf 82' lang='lat' dir='ltr'>rum</span> <span class='ocrx_word' id='word_1_333' title='bbox 867 3976 918 4012; x_wconf 92' lang='lat' dir='ltr'>et</span> <span class='ocrx_word' id='word_1_334' title='bbox 953 3975 1160 4023; x_wconf 87' lang='lat' dir='ltr'>portam</span> <span class='ocrx_word' id='word_1_335' title='bbox 1195 3968 1450 4011; x_wconf 78' lang='lat' dir='ltr'>ecclesiae</span> <span class='ocrx_word' id='word_1_336' title='bbox 1479 3966 1802 4020; x_wconf 66' lang='lat' dir='ltr'>primariam</span> <span class='ocrx_word' id='word_1_337' title='bbox 1834 3967 1887 4010; x_wconf 90' lang='lat' dir='ltr'>in</span> <span class='ocrx_word' id='word_1_338' title='bbox 1916 3969 2071 4021; x_wconf 80' lang='lat' dir='ltr'>patio</span> <span class='ocrx_word' id='word_1_339' title='bbox 2090 3967 2157 4009; x_wconf 75' lang='lat' dir='ltr'>de</span> <span class='ocrx_word' id='word_1_340' title='bbox 2177 3966 2257 4009; x_wconf 82' lang='lat' dir='ltr'>los</span> <span class='ocrx_word' id='word_1_341' title='bbox 2276 3966 2579 4023; x_wconf 79' lang='lat' dir='ltr'>Naranjos,</span> <span class='ocrx_word' id='word_1_342' title='bbox 2599 3967 2733 4022; x_wconf 89' lang='lat' dir='ltr'>quod</span> <span class='ocrx_word' id='word_1_343' title='bbox 2754 3976 2907 4011; x_wconf 86' lang='lat' dir='ltr'>extra</span> <span class='ocrx_word' id='word_1_344' title='bbox 2937 3967 3029 4011; x_wconf 87' lang='lat' dir='ltr'>sed</span> <span class='ocrx_word' id='word_1_345' title='bbox 3052 3967 3205 4023; x_wconf 79' lang='lat' dir='ltr'>juxta</span> 
     </span>
     <span class='ocr_line' id='line_1_37' title="bbox 727 4036 3203 4095; baseline -0.001 -12"><span class='ocrx_word' id='word_1_346' title='bbox 727 4041 975 4095; x_wconf 85' lang='lat' dir='ltr'>templum</span> <span class='ocrx_word' id='word_1_347' title='bbox 997 4040 1165 4093; x_wconf 74' lang='lat' dir='ltr'>ipsum</span> <span class='ocrx_word' id='word_1_348' title='bbox 1199 4044 1304 4092; x_wconf 78' lang='lat' dir='ltr'>est,</span> <span class='ocrx_word' id='word_1_349' title='bbox 1339 4044 1455 4090; x_wconf 68' lang='lat' dir='ltr'>etc„</span> <span class='ocrx_word' id='word_1_350' title='bbox 1477 4036 1633 4080; x_wconf 77' lang='lat' dir='ltr'>Intra</span> <span class='ocrx_word' id='word_1_351' title='bbox 1665 4036 1849 4081; x_wconf 80' lang='lat' dir='ltr'>choros</span> <span class='ocrx_word' id='word_1_352' title='bbox 1879 4044 2056 4082; x_wconf 86' lang='lat' dir='ltr'>autem</span> <span class='ocrx_word' id='word_1_353' title='bbox 2090 4039 2391 4083; x_wconf 86' lang='lat' dir='ltr'>concionem</span> <span class='ocrx_word' id='word_1_354' title='bbox 2422 4039 2615 4083; x_wconf 85' lang='lat' dir='ltr'>habere</span> <span class='ocrx_word' id='word_1_355' title='bbox 2651 4038 2850 4083; x_wconf 88' lang='lat' dir='ltr'>nonnisi</span> <span class='ocrx_word' id='word_1_356' title='bbox 2872 4038 3129 4093; x_wconf 78' lang='lat' dir='ltr'>Episcopo</span> <span class='ocrx_word' id='word_1_357' title='bbox 3152 4047 3203 4081; x_wconf 82' lang='lat' dir='ltr'>et</span> 
     </span>
     <span class='ocr_line' id='line_1_38' title="bbox 729 4108 3205 4165; baseline -0.001 -12"><span class='ocrx_word' id='word_1_358' title='bbox 729 4110 1136 4165; x_wconf 81' lang='lat' dir='ltr'>capitularibus,</span> <span class='ocrx_word' id='word_1_359' title='bbox 1159 4108 1361 4153; x_wconf 83' lang='lat' dir='ltr'>scilicet</span> <span class='ocrx_word' id='word_1_360' title='bbox 1382 4108 1644 4153; x_wconf 74' lang='lat' dir='ltr'>canonicis</span> <span class='ocrx_word' id='word_1_361' title='bbox 1667 4116 1719 4152; x_wconf 88' lang='lat' dir='ltr'>et</span> <span class='ocrx_word' id='word_1_362' title='bbox 1744 4108 2161 4164; x_wconf 68' lang='lat' dir='ltr'>praebendalis,</span> <span class='ocrx_word' id='word_1_363' title='bbox 2180 4117 2234 4153; x_wconf 90' lang='lat' dir='ltr'>et</span> <span class='ocrx_word' id='word_1_364' title='bbox 2262 4108 2467 4154; x_wconf 83' lang='lat' dir='ltr'>eximiis</span> <span class='ocrx_word' id='word_1_365' title='bbox 2496 4110 2800 4165; x_wconf 83' lang='lat' dir='ltr'>quandoque</span> <span class='ocrx_word' id='word_1_366' title='bbox 2830 4108 3205 4153; x_wconf 80' lang='lat' dir='ltr'>concionatori-</span> 
     </span>
     <span class='ocr_line' id='line_1_39' title="bbox 725 4180 3204 4243; baseline 0 -20"><span class='ocrx_word' id='word_1_367' title='bbox 725 4183 820 4225; x_wconf 82' lang='lat' dir='ltr'>bus</span> <span class='ocrx_word' id='word_1_368' title='bbox 863 4182 1102 4237; x_wconf 87' lang='lat' dir='ltr'>quamvis</span> <span class='ocrx_word' id='word_1_369' title='bbox 1132 4182 1362 4243; x_wconf 79' lang='lat' dir='ltr'>capitulo</span> <span class='ocrx_word' id='word_1_370' title='bbox 1395 4180 1690 4225; x_wconf 70' lang='lat' dir='ltr'>cathedrali</span> <span class='ocrx_word' id='word_1_371' title='bbox 1724 4192 1823 4225; x_wconf 86' lang='lat' dir='ltr'>non</span> <span class='ocrx_word' id='word_1_372' title='bbox 1860 4186 2035 4225; x_wconf 77' lang='lat' dir='ltr'>essent</span> <span class='ocrx_word' id='word_1_373' title='bbox 2068 4182 2337 4235; x_wconf 80' lang='lat' dir='ltr'>adscripti,</span> <span class='ocrx_word' id='word_1_374' title='bbox 2364 4183 2573 4226; x_wconf 75' lang='lat' dir='ltr'>licebat.</span> <span class='ocrx_word' id='word_1_375' title='bbox 2604 4180 2753 4225; x_wconf 88' lang='lat' dir='ltr'>Unde</span> <span class='ocrx_word' id='word_1_376' title='bbox 2794 4192 3013 4235; x_wconf 76' lang='lat' dir='ltr'>magnus</span> <span class='ocrx_word' id='word_1_377' title='bbox 3045 4180 3204 4225; x_wconf 86' lang='lat' dir='ltr'>habe-</span> 
     </span>
     <span class='ocr_line' id='line_1_40' title="bbox 723 4252 3202 4308; baseline -0.001 -11"><span class='ocrx_word' id='word_1_378' title='bbox 723 4254 895 4307; x_wconf 82' lang='lat' dir='ltr'>batur,</span> <span class='ocrx_word' id='word_1_379' title='bbox 919 4262 971 4297; x_wconf 91' lang='lat' dir='ltr'>et</span> <span class='ocrx_word' id='word_1_380' title='bbox 991 4253 1265 4297; x_wconf 87' lang='lat' dir='ltr'>hodiedum</span> <span class='ocrx_word' id='word_1_381' title='bbox 1287 4253 1529 4303; x_wconf 86' lang='lat' dir='ltr'>habetur.</span> <span class='ocrx_word' id='word_1_382' title='bbox 1554 4253 1736 4306; x_wconf 88' lang='lat' dir='ltr'>honor,</span> <span class='ocrx_word' id='word_1_383' title='bbox 1760 4264 1786 4295; x_wconf 89' lang='lat' dir='ltr'>e</span> <span class='ocrx_word' id='word_1_384' title='bbox 1807 4259 2076 4307; x_wconf 72' lang='lat' dir='ltr'>suggestu.</span> <span class='ocrx_word' id='word_1_385' title='bbox 2090 4254 2175 4308; x_wconf 90' lang='lat' dir='ltr'>qul</span> <span class='ocrx_word' id='word_1_386' title='bbox 2194 4254 2333 4297; x_wconf 82' lang='lat' dir='ltr'>intra</span> <span class='ocrx_word' id='word_1_387' title='bbox 2355 4254 2481 4298; x_wconf 83' lang='lat' dir='ltr'>duos</span> <span class='ocrx_word' id='word_1_388' title='bbox 2501 4254 2689 4298; x_wconf 84' lang='lat' dir='ltr'>choros</span> <span class='ocrx_word' id='word_1_389' title='bbox 2705 4260 2802 4306; x_wconf 80' lang='lat' dir='ltr'>est,</span> <span class='ocrx_word' id='word_1_390' title='bbox 2826 4255 2991 4297; x_wconf 82' lang='lat' dir='ltr'>verba</span> <span class='ocrx_word' id='word_1_391' title='bbox 3010 4252 3202 4295; x_wconf 79' lang='lat' dir='ltr'>facere.</span> 
     </span>
    </p>

    <p class='ocr_par' dir='ltr' id='par_1_9' title="bbox 722 4322 3202 4449">
     <span class='ocr_line' id='line_1_41' title="bbox 802 4322 3202 4379; baseline -0.002 -10"><span class='ocrx_word' id='word_1_392' title='bbox 802 4327 828 4359; x_wconf 79' lang='lat'><strong>⁴</strong></span> <span class='ocrx_word' id='word_1_393' title='bbox 881 4324 987 4369; x_wconf 77' lang='lat' dir='ltr'>“En</span> <span class='ocrx_word' id='word_1_394' title='bbox 1008 4325 1056 4368; x_wconf 87' lang='lat' dir='ltr'>el</span> <span class='ocrx_word' id='word_1_395' title='bbox 1077 4324 1320 4378; x_wconf 83' lang='lat' dir='ltr'>hospital,</span> <span class='ocrx_word' id='word_1_396' title='bbox 1344 4333 1442 4378; x_wconf 89' lang='lat' dir='ltr'>que</span> <span class='ocrx_word' id='word_1_397' title='bbox 1464 4323 1610 4366; x_wconf 87' lang='lat' dir='ltr'>dicen</span> <span class='ocrx_word' id='word_1_398' title='bbox 1633 4323 1694 4366; x_wconf 89' lang='lat' dir='ltr'>de</span> <span class='ocrx_word' id='word_1_399' title='bbox 1718 4324 1772 4367; x_wconf 85' lang='lat' dir='ltr'>la</span> <span class='ocrx_word' id='word_1_400' title='bbox 1788 4323 2102 4379; x_wconf 85' lang='lat' dir='ltr'>Veracruz.„</span> <span class='ocrx_word' id='word_1_401' title='bbox 2119 4324 2463 4379; x_wconf 59' lang='lat' dir='ltr'>Sanrxvaflaz,</span> <span class='ocrx_word' id='word_1_402' title='bbox 2482 4326 2514 4369; x_wconf 89' lang='lat' dir='ltr'>l.</span> <span class='ocrx_word' id='word_1_403' title='bbox 2532 4336 2595 4375; x_wconf 84' lang='lat' dir='ltr'>c..</span> <span class='ocrx_word' id='word_1_404' title='bbox 2617 4335 2731 4379; x_wconf 86' lang='lat' dir='ltr'>cap.</span> <span class='ocrx_word' id='word_1_405' title='bbox 2749 4334 2898 4378; x_wconf 78' lang='lat' dir='ltr'>xvur,</span> <span class='ocrx_word' id='word_1_406' title='bbox 2912 4334 2961 4367; x_wconf 89' lang='lat' dir='ltr'>n.</span> <span class='ocrx_word' id='word_1_407' title='bbox 2978 4322 3020 4366; x_wconf 87' lang='grc'>2.</span> <span class='ocrx_word' id='word_1_408' title='bbox 3036 4322 3202 4377; x_wconf 85' lang='lat' dir='ltr'>HuJus</span> 
     </span>
     <span class='ocr_line' id='line_1_42' title="bbox 722 4394 3113 4449; baseline -0.002 -8"><span class='ocrx_word' id='word_1_409' title='bbox 722 4404 896 4442; x_wconf 87' lang='lat' dir='ltr'>tamen</span> <span class='ocrx_word' id='word_1_410' title='bbox 918 4408 1018 4441; x_wconf 92' lang='lat' dir='ltr'>non</span> <span class='ocrx_word' id='word_1_411' title='bbox 1039 4396 1272 4441; x_wconf 84' lang='lat' dir='ltr'>meminit</span> <span class='ocrx_word' id='word_1_412' title='bbox 1294 4394 1599 4439; x_wconf 53' lang='lat' dir='ltr'>Gauranis</span> <span class='ocrx_word' id='word_1_413' title='bbox 1628 4406 1662 4437; x_wconf 70' lang='lat' dir='ltr'>Y</span> <span class='ocrx_word' id='word_1_414' title='bbox 1690 4394 1948 4449; x_wconf 62' lang='lat' dir='ltr'>Gauium,</span> <span class='ocrx_word' id='word_1_415' title='bbox 1970 4396 2217 4440; x_wconf 84' lang='lat' dir='ltr'>Historia</span> <span class='ocrx_word' id='word_1_416' title='bbox 2238 4397 2304 4441; x_wconf 81' lang='lat' dir='ltr'>de</span> <span class='ocrx_word' id='word_1_417' title='bbox 2327 4396 2439 4440; x_wconf 86' lang='lat' dir='ltr'>San</span> <span class='ocrx_word' id='word_1_418' title='bbox 2465 4396 2639 4441; x_wconf 81' lang='lat' dir='ltr'>Lucar</span> <span class='ocrx_word' id='word_1_419' title='bbox 2660 4397 2727 4439; x_wconf 77' lang='lat' dir='ltr'>de</span> <span class='ocrx_word' id='word_1_420' title='bbox 2746 4395 3113 4439; x_wconf 79' lang='lat' dir='ltr'>Barrameda.</span> 
     </span>
    </p>

    <p class='ocr_par' dir='ltr' id='par_1_10' title="bbox 802 4466 2581 4515">
     <span class='ocr_line' id='line_1_43' title="bbox 802 4466 2581 4515; baseline -0.001 -2"><span class='ocrx_word' id='word_1_421' title='bbox 802 4470 825 4501; x_wconf 75' lang='lat'>⁸</span> <span class='ocrx_word' id='word_1_422' title='bbox 881 4468 1103 4515; x_wconf 77' lang='lat' dir='ltr'>Familia</span> <span class='ocrx_word' id='word_1_423' title='bbox 1125 4468 1378 4513; x_wconf 88' lang='lat' dir='ltr'>Comitum</span> <span class='ocrx_word' id='word_1_424' title='bbox 1400 4467 1467 4511; x_wconf 80' lang='lat' dir='ltr'>de</span> <span class='ocrx_word' id='word_1_425' title='bbox 1486 4466 1680 4511; x_wconf 80' lang='lat' dir='ltr'>Niebla</span> <span class='ocrx_word' id='word_1_426' title='bbox 1703 4474 1756 4511; x_wconf 89' lang='lat' dir='ltr'>et</span> <span class='ocrx_word' id='word_1_427' title='bbox 1778 4467 1978 4512; x_wconf 88' lang='lat' dir='ltr'>Ducum</span> <span class='ocrx_word' id='word_1_428' title='bbox 1999 4469 2067 4511; x_wconf 78' lang='lat' dir='ltr'>de</span> <span class='ocrx_word' id='word_1_429' title='bbox 2090 4468 2313 4512; x_wconf 80' lang='lat' dir='ltr'>Medina</span> <span class='ocrx_word' id='word_1_430' title='bbox 2337 4468 2581 4513; x_wconf 77' lang='lat' dir='ltr'>Sidonia.</span> 
     </span>
    </p>

    <p class='ocr_par' dir='ltr' id='par_1_11' title="bbox 719 4538 3199 4666">
     <span class='ocr_line' id='line_1_44' title="bbox 799 4538 3199 4595; baseline -0.002 -9"><span class='ocrx_word' id='word_1_431' title='bbox 799 4538 824 4574; x_wconf 77' lang='lat'><strong>⁶</strong></span> <span class='ocrx_word' id='word_1_432' title='bbox 877 4542 1102 4594; x_wconf 80' lang='lat' dir='ltr'>joannes</span> <span class='ocrx_word' id='word_1_433' title='bbox 1126 4540 1312 4584; x_wconf 77' lang='lat' dir='ltr'>Claros</span> <span class='ocrx_word' id='word_1_434' title='bbox 1331 4540 1394 4584; x_wconf 86' lang='lat' dir='ltr'>de</span> <span class='ocrx_word' id='word_1_435' title='bbox 1416 4538 1650 4583; x_wconf 83' lang='lat' dir='ltr'>Guzman</span> <span class='ocrx_word' id='word_1_436' title='bbox 1680 4540 2075 4593; x_wconf 70' lang='lat' dir='ltr'>primogenitus,</span> <span class='ocrx_word' id='word_1_437' title='bbox 2097 4541 2256 4585; x_wconf 84' lang='lat' dir='ltr'>Ducis</span> <span class='ocrx_word' id='word_1_438' title='bbox 2292 4540 2427 4585; x_wconf 86' lang='lat' dir='ltr'>iilius</span> <span class='ocrx_word' id='word_1_439' title='bbox 2448 4542 2499 4585; x_wconf 89' lang='lat' dir='ltr'>in</span> <span class='ocrx_word' id='word_1_440' title='bbox 2534 4552 2682 4595; x_wconf 81' lang='lat' dir='ltr'>quem</span> <span class='ocrx_word' id='word_1_441' title='bbox 2698 4542 2809 4595; x_wconf 85' lang='lat' dir='ltr'>jam</span> <span class='ocrx_word' id='word_1_442' title='bbox 2840 4541 2938 4585; x_wconf 89' lang='lat' dir='ltr'>hoc</span> <span class='ocrx_word' id='word_1_443' title='bbox 2969 4546 3199 4594; x_wconf 84' lang='lat' dir='ltr'>tempore</span> 
     </span>
     <span class='ocr_line' id='line_1_45' title="bbox 719 4609 2981 4666; baseline 0 -9"><span class='ocrx_word' id='word_1_444' title='bbox 719 4613 928 4657; x_wconf 86' lang='lat' dir='ltr'>titulum</span> <span class='ocrx_word' id='word_1_445' title='bbox 948 4613 1084 4656; x_wconf 87' lang='lat' dir='ltr'>hunc</span> <span class='ocrx_word' id='word_1_446' title='bbox 1101 4611 1167 4653; x_wconf 84' lang='lat' dir='ltr'>de</span> <span class='ocrx_word' id='word_1_447' title='bbox 1185 4609 1377 4655; x_wconf 80' lang='lat' dir='ltr'>Niebla</span> <span class='ocrx_word' id='word_1_448' title='bbox 1400 4611 1750 4656; x_wconf 79' lang='lat' dir='ltr'>transtulerat</span> <span class='ocrx_word' id='word_1_449' title='bbox 1765 4610 1902 4655; x_wconf 84' lang='lat' dir='ltr'>Dux.</span> <span class='ocrx_word' id='word_1_450' title='bbox 1926 4610 2060 4655; x_wconf 90' lang='lat' dir='ltr'>Vide</span> <span class='ocrx_word' id='word_1_451' title='bbox 2082 4613 2219 4656; x_wconf 81' lang='lat' dir='ltr'>infra</span> <span class='ocrx_word' id='word_1_452' title='bbox 2242 4612 2335 4658; x_wconf 83' lang='lat' dir='ltr'>sub</span> <span class='ocrx_word' id='word_1_453' title='bbox 2358 4612 2508 4656; x_wconf 84' lang='lat' dir='ltr'>finem</span> <span class='ocrx_word' id='word_1_454' title='bbox 2529 4613 2795 4666; x_wconf 79' lang='lat' dir='ltr'>sequentis</span> <span class='ocrx_word' id='word_1_455' title='bbox 2818 4624 2863 4654; x_wconf 90' lang='lat' dir='ltr'>n.</span> <span class='ocrx_word' id='word_1_456' title='bbox 2886 4612 2981 4657; x_wconf 87' lang='grc'>997.</span> 
     </span>
    </p>

    <p class='ocr_par' dir='ltr' id='par_1_12' title="bbox 803 4682 1678 4727">
     <span class='ocr_line' id='line_1_46' title="bbox 803 4682 1678 4727; baseline -0.002 0"><span class='ocrx_word' id='word_1_457' title='bbox 803 4684 826 4716; x_wconf 86' lang='lat'>&#39;¹</span> <span class='ocrx_word' id='word_1_458' title='bbox 882 4684 1029 4727; x_wconf 86' lang='lat' dir='ltr'>Patri</span> <span class='ocrx_word' id='word_1_459' title='bbox 1051 4682 1377 4726; x_wconf 81' lang='lat' dir='ltr'>Gundisalvo</span> <span class='ocrx_word' id='word_1_460' title='bbox 1401 4682 1678 4727; x_wconf 87' lang='lat' dir='ltr'>Gonzalez.</span> 
     </span>
    </p>
   </div>
   <div class='ocr_carea' id='block_1_7' title="bbox 3702 2662 3717 3559">
    <p class='ocr_par' dir='ltr' id='par_1_13' title="bbox 3702 2662 3717 3559">
     <span class='ocr_line' id='line_1_47' title="bbox 3702 2662 3717 3559; baseline 0 0"><span class='ocrx_word' id='word_1_461' title='bbox 3702 2662 3717 3559; x_wconf 95' lang='lat' dir='ltr'> </span> 
     </span>
    </p>
   </div>
  </div>
 </body>
</html>
