3742 5392
648 464 762 523 476
1575 462 1832 524 Cimon,
1876 461 2027 521 Soc.
2070 463 2210 536 jas.

647 627 747 673 ex
774 608 1139 688 reditibuS,
1169 609 1246 673 P.
1280 608 1540 673 Didaci
1570 609 1656 671 de
1688 608 2012 672 Guzman
2044 626 2129 672 ac
2159 608 2351 673 Dris.
2398 610 2657 673 Loarte
2700 626 2785 671 ac
2815 608 2893 672 P.
2928 608 3127 673 Chri-

655 716 976 797 stophori
1012 716 1100 781 de
1139 716 1482 781 Mendoza
1513 716 1558 795 ¹,
1599 717 1772 779 nihil
1801 716 2217 795 attingendo
2262 716 2349 779 de
2376 717 2852 795 ‘collegiorum
2891 715 3121 793 boniS,

657 825 798 887 alia
839 834 1143 905 quatuor
1183 823 1400 887 millia
1443 822 1870 887 ducatorum
1904 821 2039 886 hoc
2088 840 2275 886 anno
2308 823 2525 886 missa
2562 822 2870 899 fuerunt,
2906 823 2979 885 in
3020 840 3125 886 re-

651 950 877 1012 gnum
898 931 1445 1012 Neapolitanum
1468 947 1596 1012 per
1629 930 1977 994 Comitem
1998 929 2438 993 Melitensem
2462 930 2905 1006 transmissa,
2933 947 3115 1010 quae

656 1039 818 1103 inde
847 1037 1151 1102 Romam
1177 1046 1660 1118 pervenerunt
1683 1036 1729 1115 ';
1765 1047 1834 1099 et
1864 1038 2120 1101 saltem
2151 1036 2240 1099 ad
2266 1038 2531 1117 aliquot
2556 1053 2783 1100 annos
2806 1036 2945 1099 duo
2976 1038 3121 1101 mil·

653 1146 748 1209 lia
792 1145 1218 1209 ducatorum
1247 1144 1592 1209 mittenda
1624 1144 1873 1207 relicta
1913 1152 2097 1205 sunt.

780 1251 957 1315 1009.
1045 1250 1155 1316 De
1183 1251 1591 1332 Hispalensi
1634 1250 1953 1330 Collegio
1997 1250 2191 1313 addit
2232 1251 2455 1328 idem,
2492 1250 2677 1330 quod
2724 1252 2875 1313 sine
2922 1251 3122 1313 scho-

653 1359 741 1422 lis
769 1358 1280 1423 admittendum
1311 1368 1491 1436 erat,
1524 1357 1715 1436 quod
1744 1356 2197 1419 Universitas
2228 1374 2313 1419 ea
2344 1357 2417 1419 in
2446 1357 2735 1421 civitate
2766 1367 2955 1419 esset
2990 1354 3033 1419 ³.

781 1465 954 1528 1010.
1041 1465 1526 1529 Provincialis
1596 1463 2241 1543 Archiepiscopum
2308 1464 2727 1527 Toletanum
2796 1463 3126 1527 visitave-

653 1583 787 1651 rat,
823 1584 891 1637 et
920 1572 1173 1637 deinde
1204 1571 1280 1636 P.
1315 1571 1588 1635 Natalis
1618 1588 1781 1635 eum
1811 1572 2081 1649 invisit,
2116 1572 2235 1651 qui
2266 1581 2553 1635 nostros
2575 1572 2977 1634 humaniter
3006 1588 3124 1634 ex·

647 1681 872 1761 cepit,
905 1697 1038 1743 nec
1069 1679 1456 1760 quidquam
1488 1678 1576 1741 de
1607 1678 1971 1741 exercitiis
1994 1676 2448 1757 significavit;
2484 1678 2671 1741 domi
2698 1678 2979 1757 quidem
3006 1678 3124 1741 ha-

647 1788 864 1851 bebat
913 1787 1340 1851 monachum
1363 1784 1409 1863 ⁴,
1458 1786 1576 1866 qui
1618 1786 1838 1849 multa
1880 1795 2289 1865 notaverat,
2324 1786 2449 1848 sed
2480 1802 2621 1847 non
2664 1785 3004 1863 audebat,
3050 1796 3125 1847 ut

650 1895 1084 1959 credendum
1126 1905 1264 1972 est,
1314 1894 1388 1956 in
1429 1895 1660 1957 lucem
1697 1910 1862 1956 cum
1900 1893 2038 1956 illis
2081 1892 2389 1972 prodire.
2432 1891 2759 1957 Secundo
2802 1892 3125 1955 eumdem

651 2002 1293 2083 Archiepiscopum
1315 2001 1538 2065 adivit
1563 2002 1639 2064 P.
1672 1998 1973 2079 NataliS,
2000 2012 2077 2065 ut
2106 2018 2269 2065 eum
2290 2001 2574 2065 nornine
2600 1999 2691 2063 D.
2717 2000 3013 2083 Joannis
3038 1999 3125 2065 de

653 2108 863 2188 Vega
883 2108 906 2140 ⁸
925 2110 1290 2179 salutaret,
1316 2109 1439 2188 qui
1469 2108 1782 2171 amicitia
1813 2108 2378 2189 Archiepiscopo
2406 2106 2823 2187 conjunctus
2852 2118 3030 2185 erat3
3056 2118 3125 2171 et

647 2228 816 2279 cum
853 2218 1076 2280 multa
1123 2215 1209 2278 de
1251 2216 1462 2278 rebus
1505 2214 1885 2279 Societatis
1926 2215 2041 2278 ille
2077 2215 2626 2293 interrogasset,
2669 2214 3121 2279 occasionem

657 2322 905 2386 habuit
933 2320 1006 2385 P.
1046 2321 1320 2385 Natalis
1351 2341 1436 2385 ea
1461 2321 1763 2399 dicendi,
1801 2340 1985 2402 quae
2020 2322 2393 2401 profutura
2425 2321 2851 2385 videbantur
2878 2330 2957 2384 ut
2992 2320 3124 2385 Ar-

661 2430 1160 2511 chiepiscopus
1182 2430 1255 2492 in
1279 2428 1508 2493 officio
1535 2430 2045 2492 contineretur.
2074 2428 2495 2508 HuJusmodi
2518 2437 2674 2491 erat
2697 2429 2885 2509 quod
2905 2428 3121 2508 Impe-

655 2549 860 2600 rator
887 2535 1136 2601 favore
1167 2553 1296 2600 suo
1323 2535 1753 2600 Societatem
1784 2538 2404 2617 complecteretur,
2454 2546 2522 2598 et
2561 2536 2740 2599 duas
2778 2536 3125 2603 Abbatias

650 2644 747 2707 ad
785 2643 1103 2725 Collegia
1139 2642 1422 2708 Siciliae
1465 2642 1951 2724 promovenda
1994 2642 2339 2724 applicari
2375 2641 2725 2722 jussisset,
2772 2652 2935 2721 etc.;
2982 2660 3121 2723 quo

656 2752 875 2815 etiam
915 2749 1166 2815 favore
1194 2749 1528 2815 Summus
1565 2749 1896 2813 Pontifex
1939 2760 2007 2813 et
2040 2749 2457 2813 Cardinales
2498 2750 2821 2828 primarii
2856 2768 2973 2813 res
3003 2768 3123 2815 no·

659 2869 850 2923 stras
877 2858 1225 2935 foverent;
1257 2866 1328 2921 et
1354 2874 1462 2928 ea,
1491 2874 1673 2938 quae
1696 2856 1967 2920 Romae
1988 2856 2422 2936 gerebantur
2445 2873 2570 2936 per
2591 2866 2898 2936 nostrOS,
2927 2875 3123 2938 prae-

656 2966 867 3045 cipue
896 2966 971 3028 in
999 2964 1317 3045 Collegio
1347 2973 1592 3029 nostro
1619 2962 1644 2994 ⁶
1675 2966 1846 3029 etin
1874 2963 2323 3028 Germanico,
2366 2964 2843 3043 Interrogavit
2881 2965 2997 3029 ille
3038 2965 3124 3028 de

653 3090 954 3136 numero
986 3071 1516 3149 Professorum;
1551 3089 1759 3151 quem
1781 3088 1947 3134 cum
1966 3070 2043 3135 P.
2069 3070 2342 3135 Natalis
2365 3071 2692 3152 dixisset,
2719 3070 2807 3135 de
2830 3088 3125 3135 numero

661 3181 882 3243 etiam
913 3180 1246 3259 aliorum,
1278 3180 1397 3259 qui
1421 3190 1624 3243 erant
1649 3180 1721 3243 in
1745 3177 2123 3257 Societate,
2150 3188 2659 3259 percunctatus
2688 3188 2820 3257 est;
2852 3188 2923 3241 et
2961 3194 3123 3242 cum

739 3423 756 3455 ¹
815 3421 928 3466 Non
953 3421 1006 3465 hi
1026 3428 1228 3465 tantum
1243 3453 1254 3474 .
1275 3432 1366 3465 sen
1387 3422 1550 3465 etiam
1571 3421 1625 3464 P.
1645 3421 1899 3465 Martinus
1922 3421 1983 3463 de
2006 3420 2169 3465 Olave
2193 3421 2411 3475 collegii
2433 3420 2652 3467 Romani
2672 3422 2941 3477 penuriam
2961 3424 3127 3466 suble·

659 3505 788 3538 vare
809 3492 1035 3537 curavit.
1065 3494 1230 3548 “Aqui
1253 3503 1321 3536 va
1343 3504 1444 3536 una
1475 3494 1612 3537 letra
1633 3493 1716 3536 del
1738 3492 1938 3536 Doctor
1960 3492 2125 3535 Olnve
2158 3503 2289 3547 para
2310 3494 2359 3535 el
2382 3494 2666 3549 Arzobispo
2686 3494 2749 3537 de
2780 3492 3029 3538 Granada
3050 3526 3061 3546 ‚
3092 3506 3127 3549 y
3170 3523 3181 3535 .

653 3577 728 3609 un
756 3565 912 3620 podet
935 3576 1064 3621 suyo
1094 3576 1227 3620 para
1246 3566 1436 3608 cobrar
1456 3564 1625 3608 ciento
1645 3565 1921 3607 cincuenta
1940 3564 2168 3607 ducados
2196 3565 2259 3608 de
2278 3576 2339 3608 su
2367 3566 2580 3620 pensiori
2600 3567 2733 3610 cada
2752 3569 2868 3611 ailo.
2891 3566 2958 3609 V.
2981 3564 3041 3609 R.
3063 3565 3125 3609 de

651 3636 817 3681 orden
839 3639 872 3681 a
900 3636 977 3680 los
1007 3635 1382 3691 procui-adores
1403 3647 1500 3691 que
1521 3638 1712 3679 cobren
1740 3648 1775 3692 y
1797 3637 1847 3679 lo
1867 3637 2053 3678 envien
2086 3647 2180 3689 por
2201 3639 2344 3689 acm„
2365 3636 2623 3693 Polaticus
2644 3637 2789 3682 Patri
2810 3636 3127 3694 Hieronymo

657 3708 838 3753 Natali
859 3710 886 3751 6
919 3708 1156 3760 ,ianuarii
1189 3708 1465 3752 1554.-De
1489 3708 1646 3751 Patre
1682 3708 1909 3751 Antonio
1944 3707 2007 3750 de
2041 3707 2283 3777 Cordobn
2322 3709 2437 3753 vide
2471 3719 2646 3763 snpra,
2677 3720 2796 3764 pag.
2816 3708 2917 3763 382,
2948 3722 2998 3753 n.
3029 3710 3125 3761 822,

655 3786 836 3825 annot.
864 3782 903 3824 1.

737 3850 760 3883 ¹
815 3850 927 3896 Non
961 3858 1135 3896 tamen
1171 3852 1280 3895 sine
1309 3852 1699 3895 difficultatibus
1733 3863 1798 3895 ex
1829 3848 2117 3896 Melitensis
2152 3850 2369 3896 Comitis
2402 3852 2733 3905 neapolitano
2767 3862 3125 3908 procuratore,

653 3923 851 3975 Jacobo
872 3922 1132 3967 Guerrero
1162 3924 1290 3967 haec
1321 3923 1504 3966 habita
1533 3931 1671 3972 sunt,
1691 3932 1745 3967 ut
1767 3922 1947 3967 videre
1968 3931 2048 3968 est
2074 3924 2126 3967 in
2150 3922 2340 3966 cartas
2360 3923 2427 3966 de
2446 3922 2559 3966 San
2582 3922 2819 3977 [gnae-to,
2838 3932 2877 3969 t.
2909 3936 2967 3968 tv
3000 3933 3052 3969 et
3074 3926 3125 3969 in

651 3994 888 4047 pluribus
907 4006 940 4038 a
961 3996 1188 4039 Polanco
1211 4000 1320 4039 toto
1351 3996 1446 4038 hoc
1477 4005 1612 4038 anno
1641 3994 1879 4050 scriptis,
1899 4006 1965 4038 ex
1992 4006 2142 4047 com„
2164 3994 2373 4049 litteris,
2396 3996 2707 4049 praesertim
2732 3995 2797 4040 ad
2832 3996 2887 4040 P.
2910 3996 3122 4041 Petrum

657 4066 725 4109 de
756 4064 1034 4109 Tabiares.

740 4136 763 4167 ³
817 4136 930 4181 Non
950 4148 1053 4183 una
1073 4137 1164 4182 sed
1193 4138 1326 4182 duae
1357 4146 1509 4182 erant
1540 4139 1638 4182 hoc
1660 4144 1894 4193 tempore
1920 4138 2309 4182 Universitates
2330 4136 2548 4192 Hispali:
2572 4138 2834 4194 videlicet,
2857 4151 3010 4194 quam
3034 4144 3126 4184 sub

655 4206 811 4250 finem
830 4206 1023 4251 saeculi
1047 4206 1146 4251 XV
1165 4214 1257 4251 aut
1277 4208 1481 4252 initium
1503 4206 1626 4251 XVI
1662 4214 1906 4252 erexerat
1938 4209 2009 4250 “el
2035 4208 2329 4252 Arcediano
2349 4209 2411 4252 de
2433 4207 2624 4263 Reina,
2648 4208 2708 4253 D.
2744 4209 2975 4265 Rodrigo
3006 4208 3131 4255 Fer·

651 4278 856 4323 nandez
875 4278 938 4322 de
961 4277 1234 4323 Santaeila.
1253 4292 1288 4335 y
1309 4278 1564 4331 cordoba.
1588 4292 1684 4333 que
1705 4280 1858 4333 luego
1879 4273 2005 4333 baso
2026 4282 2058 4322 a
2080 4290 2165 4323 ser
2178 4278 2528 4323 Universidad
2550 4292 2647 4324 con
2668 4280 2857 4327 infulas
2877 4282 2941 4326 de
2964 4281 3125 4327 'Coie-

649 4350 742 4402 gio
765 4348 974 4407 Mayor„
1005 4357 1058 4395 et
1088 4351 1378 4405 Collegium
1399 4351 1578 4395 Sancti
1614 4351 1862 4403 Thomae.
1894 4362 2029 4395 anno
2059 4351 2164 4395 1517
2183 4352 2476 4398 institutum
2494 4354 2564 4395 ab
2584 4353 2994 4409 Archiepiscopo
3016 4354 3131 4399 His·

653 4422 874 4476 palensi.
897 4421 986 4467 Fr.
1009 4422 1206 4467 Didaco
1231 4422 1387 4475 Deza,
1411 4421 1469 4466 Ο.
1492 4422 1739 4467 P.-—-Vide
1759 4421 1840 4466 LA
1855 4422 2080 4476 Futura,
2096 4424 2131 4467 1.
2152 4434 2213 4475 c..
2235 4434 2355 4478 cap.
2378 4433 2471 4467 xv!
2492 4429 2545 4467 et
2567 4435 2697 4468 xvn.

747 4496 771 4527 ⁴
830 4494 1070 4539 Fratrem
1100 4494 1353 4538 ‘rhomam
1373 4494 1436 4538 de
1459 4494 1745 4539 Pedroche?
1767 4494 1903 4538 Vide
1923 4505 2100 4548 supra,
2121 4500 2159 4538 t.
2181 4504 2257 4545 m.
2275 4494 2622 4549 Appendices.

739 4565 763 4597 ⁸
818 4565 1028 4611 Siciliae
1049 4567 1148 4610 hoc
1169 4574 1402 4620 tempore
1425 4566 1706 4621 Pro-regie.
1729 4566 1790 4609 de
1812 4577 1913 4621 qno
1929 4566 2231 4621 saepissime
2254 4567 2303 4609 in
2324 4566 2420 4610 hoc
2442 4566 2697 4611 Chronico
2712 4577 2762 4612 et
2794 4568 2843 4613 in
2866 4570 3131 4613 Historiis

661 4638 776 4681 Soc.
797 4636 952 4693 Iesu.
2931 4642 2941 4649 '

737 4707 762 4741 θ
817 4710 1065 4755 Romano.
