3742 5392
754 502 861 561 114
1042 568 1053 583 ⁸
1672 500 1931 563 Canon.
1973 501 2126 562 Soc.
2167 503 2309 577 Jes.

746 648 953 730 erigi·
986 648 1347 712 Bononiae
1403 648 1535 712 sub
1598 649 1767 711 anni
1824 648 2036 713 finem
2097 658 2514 731 coeperunt,
2590 666 2771 729 quae
2847 649 3228 714 monachis

746 756 1083 837 Episcopi
1112 756 1532 819 Mutinensis
1560 756 1808 834 sociiS,
1843 757 1973 819 sub
2003 756 2280 820 initium
2325 754 2530 836 huJus
2565 755 2735 819 anni
2779 772 3217 835 magnopere

749 862 1105 927 declinare
1134 863 1335 926 visae
1364 861 1647 926 fuerant
1680 861 1722 921 ¹.

764 983 782 993 ·
870 968 1013 1033 219.
1100 969 1278 1033 Cum
1332 977 1571 1033 autem
1630 968 1815 1033 filius
1879 968 2234 1033 Dominae
2291 970 2676 1034 Violantae
2739 970 3221 1050 Gozzadinae,

746 1094 929 1157 quae
958 1076 1045 1140 de
1076 1076 1375 1155 collegio
1406 1086 1652 1139 nostro
1682 1076 1944 1157 optime
1973 1078 2230 1140 merita
2259 1087 2414 1141 erat
2436 1126 2450 1155 ‚
2492 1078 2927 1155 gravissimo
2965 1077 3226 1141 morbo·

744 1184 1074 1247 laborare
1103 1183 1479 1261 diceretur,
1514 1183 1586 1247 in
1615 1184 1867 1247 matris
1892 1184 2206 1263 gratiam
2233 1201 2318 1247 eo
2349 1200 2426 1247 se
2464 1183 2541 1248 P.
2583 1184 3013 1249 Franciscus
3055 1202 3220 1249 con·

747 1291 906 1355 tulit
956 1290 1331 1369 (Camillus
1380 1289 1832 1354 Gozzadinus
1864 1288 2148 1369 juvenis
2189 1291 2304 1354 ille
2353 1290 2751 1369 dicebatur,
2811 1308 2904 1355 ex
2949 1290 3218 1355 familia

743 1398 959 1462 nobili
987 1398 1439 1476 bononiensi)
1480 1408 1549 1461 et
1588 1397 1738 1477 ejus
1773 1398 1989 1461 morti
2034 1397 2382 1475 interfuit;
2424 1396 2552 1461 sed
2594 1415 2756 1462 cum
2801 1398 2952 1478 ejus
2993 1407 3218 1463 mater

744 1521 966 1585 usque
994 1505 1175 1568 adeo
1206 1504 1297 1567 ad
1323 1520 1441 1567 res
1470 1503 1769 1583 Collegii
1798 1504 2268 1568 Bononiensis
2298 1514 2486 1569 esset
2529 1521 2884 1585 propensa
2912 1514 2990 1567 ut
3028 1506 3215 1569 bona

744 1628 872 1675 sua
904 1609 995 1674 ad
1024 1610 1177 1691 ejus
1205 1609 1640 1675 dotationem
1668 1609 2069 1691 relinquere
2101 1611 2351 1690 vellet,
2384 1594 2545 1675 cum
2575 1610 2812 1675 adhuc
2850 1610 3068 1674 filium
3107 1628 3216 1675 ec-

742 1718 1219 1783 clesiasticum
1256 1717 1709 1797 superstitem
1749 1718 2070 1795 haberet,
2117 1716 2194 1781 P.
2243 1716 2675 1781 Franciscus
2717 1716 3030 1781 Palmius
3074 1735 3215 1781 non

741 1825 950 1890 facile
996 1824 1506 1888 admittendam
1548 1840 1705 1887 esse
1742 1822 2148 1903 hujusmodi
2189 1823 2702 1888 haereditatem
2739 1825 2989 1905 sensit,
3034 1842 3218 1905 quae

744 1933 838 1997 ad
886 1932 1157 2012 aliquot
1204 1930 1625 1994 ducatorum
1674 1931 1896 1995 millia
1945 1930 2409 2009 ascendebat,
2462 1932 2790 2011 quamvis
2829 1932 2950 1994 illa
2988 1931 3206 1995 filium

744 2038 1351 2104 usufructuarium
1380 2039 1809 2119 relinqueret
1839 2038 1887 2099 ³.

863 2144 1005 2209 220.
1093 2144 1298 2225 Quod
1360 2145 1607 2209 attinet
1672 2144 1763 2208 ad
1826 2147 2064 2208 locum
2124 2146 2432 2226 aliquem
2491 2144 2995 2209 inveniendum
3017 2194 3032 2225 ‚
3093 2146 3213 2225 qui

742 2253 975 2332 magis
1003 2252 1300 2315 idoneus
1329 2261 1517 2315 esset
1546 2232 1761 2332 quam
1790 2250 2100 2315 Sanctae
2130 2252 2396 2317 Luciae
2417 2302 2433 2331 ,
2467 2261 2616 2316 toto
2645 2252 2795 2317 fere
2834 2252 2969 2316 hoc
3019 2270 3207 2317 anno

742 2369 981 2423 actum
1010 2368 1142 2438 est;
1174 2368 1243 2422 et
1274 2358 1503 2439 primo
1531 2358 1815 2438 quidem
1844 2359 1932 2422 de
1963 2360 2267 2423 ecclesia
2297 2358 2423 2423 Sti.
2459 2358 2773 2423 Thomae
2796 2359 2909 2422 del
2946 2358 3212 2424 Merca·

743 2476 817 2531 to
840 2466 885 2547 ³,
919 2465 1173 2531 deinde
1203 2465 1290 2529 de
1318 2464 1467 2529 Sto.
1501 2465 1940 2529 Columbano
1969 2477 2209 2530 actum
2237 2474 2367 2546 est;
2394 2474 2464 2529 et
2491 2484 2631 2529 non
2663 2466 2894 2530 solum
2921 2466 3211 2547 Episco-

740 2593 905 2657 pus,
948 2574 1075 2638 sed
1114 2574 1329 2637 etiam
1370 2572 1775 2636 Cardinalis
1822 2572 2174 2653 PoggiuS,
2228 2574 2347 2653 qui
2398 2591 2489 2636 ex
2537 2554 2882 2653 Hispania
2931 2572 3224 2636 rediens.

740 2682 1131 2747 Bononiam
1175 2682 1381 2761 (quae
1410 2680 1633 2760 ipsius
1662 2688 1817 2743 erat
1844 2678 2475 2760 patria)„omnem
2519 2698 2722 2743 suam
2761 2696 3052 2760 operam
3095 2679 3208 2743 ob-

740 2790 896 2852 tulit
925 2786 983 2869 ⁴;
1014 2788 1171 2865 sed,
1204 2805 1282 2850 re
1312 2795 1595 2850 tentata
1621 2831 1635 2860 ,
1669 2804 1802 2849 nec
1839 2786 2186 2866 parochia
2233 2786 2359 2849 Sti.
2405 2786 2724 2849 Thomae
2754 2804 2888 2851 nec
2917 2785 3043 2851 Sti.
3079 2785 3209 2850 Co·

740 2896 1055 2958 lumbani
1083 2891 1451 2957 commode
1482 2892 1783 2956 obtineri
1814 2893 2064 2973 potuit.

860 3001 1002 3065 221.
1087 3000 1550 3084 judicaverat
1600 2998 1674 3062 P.
1722 2998 2150 3062 Franciscus
2194 2999 2506 3064 Palmius
2550 3000 2885 3081 expedire
2929 3009 3004 3063 ut
3047 3016 3210 3063 cum

739 3108 1007 3175 Senatu
1034 3124 1281 3171 coram
1312 3114 1591 3185 ageret,
1626 3117 1695 3169 et
1726 3107 1815 3169 ab
1846 3124 1930 3169 eo
1959 3106 2276 3170 obtinere
2307 3116 2593 3170 curaret
2621 3107 2858 3171 locum
2901 3107 3216 3187 aliquem

735 3216 1000 3280 nostris
1030 3215 1443 3279 ministeriis
1472 3224 1972 3295 opportunum.
2005 3213 2185 3277 Cum
2217 3223 2455 3278 autem
2485 3212 2746 3295 [aliqui
2782 3213 2910 3295 ex]
2947 3215 3205 3295 prima-

738 3324 865 3388 riis
915 3322 1336 3405 quibusdam
1389 3321 1667 3400 amicis,
1717 3322 1901 3385 inter
1948 3338 2128 3402 quos
2167 3330 2372 3385 erant
2415 3320 2768 3385 Dominus
2807 3320 3215 3386 Pollidorus

739 3430 1027 3494 Castelli
1083 3438 1153 3494 et
1207 3428 1559 3492 Dominus
1605 3426 1920 3510 Joannes
1963 3428 2320 3493 Antonius
2371 3429 2623 3493 Grassi
2683 3437 2751 3492 et
2791 3428 2944 3510 ipse
2992 3430 3206 3492 etiam

736 3539 1180 3619 prolegatuS,
1212 3537 1564 3599 senserint
1595 3535 1664 3599 id
1694 3536 2051 3616 expedire,
2085 3546 2154 3599 et
2185 3536 2568 3615 probarent
2598 3536 2740 3599 duo
2769 3545 3214 3616 protectores

736 3662 919 3726 quos
947 3645 1019 3707 in
1050 3644 1202 3724 ipso
1233 3651 1484 3706 senatu
1511 3642 1817 3705 habebat
1845 3642 2271 3722 Collegium,
2306 3642 2608 3721 scilicet,
2650 3641 2939 3706 Domini
2984 3640 3202 3706 Anto-

735 3751 893 3817 nius
939 3750 1303 3831 Campego
1350 3748 1374 3780 ⁸
1417 3759 1488 3811 et
1529 3750 1747 3812 Astor
1787 3749 1876 3812 de
1914 3751 1981 3813 la
2018 3749 2273 3829 Volta,
2316 3747 2591 3813 decima
2635 3757 2895 3813 octava
2935 3748 3212 3829 Aprilis

815 4026 833 4059 ¹
890 4024 1023 4069 Vide
1044 4035 1219 4079 supra,
1242 4034 1361 4079 pag.
1384 4024 1452 4078 99,
1474 4036 1524 4067 n.
1548 4021 1643 4068 186.

816 4098 839 4131 2
892 4096 1027 4141 Vide
1052 4096 1243 4141 Canas
1262 4096 1329 4140 de
1351 4096 1463 4139 San
1484 4095 1723 4149 lgnacto,
1743 4103 1780 4139 t.
1802 4106 1876 4151 w,
1897 4106 2018 4151 pag.
2039 4096 2116 4140 491
2141 4102 2192 4140 et
2211 4096 2310 4151 395,
2331 4102 2383 4140 et
2405 4094 2634 4149 Polancl,
2657 4108 2723 4140 ex
2742 4106 2888 4150 com„
2907 4097 3113 4141 litteras
3133 4096 3206 4141 ad

732 4171 945 4215 Patrem
964 4168 1303 4215 Franciseum
1324 4167 1595 4218 Palmum.
1620 4168 1671 4212 15
1688 4174 1741 4212 et
1762 4168 1817 4211 22
1836 4167 2139 4213 Decembris
2161 4168 2284 4212 155⁴.

809 4242 833 4273 ὅ
886 4242 993 4287 “La
1012 4242 1189 4287 chiesa
1209 4240 1257 4285 di
1282 4240 1387 4283 San
1405 4239 1665 4284 Thomaso
1700 4251 1825 4294 pare
1862 4241 2228 4285 conveniente.
2251 4241 2296 4285 11
2317 4242 2466 4287 modo
2503 4243 2775 4287 d'haverla
2797 4254 2924 4297 pare
2954 4253 2987 4286 a
3009 4241 3207 4285 Nostro

730 4315 897 4360 Padre
920 4316 957 4359 il
977 4314 1257 4358 medesimo
1286 4311 1381 4355 che
1418 4312 1470 4355 nl
1503 4310 1663 4354 Conte
1702 4308 2052 4365 Bentivoglio,
2081 4322 2137 4355 se
2160 4314 2202 4358 si
2237 4315 2431 4367 potesei
2464 4314 2594 4358 fare.
2627 4313 2733 4359 Con
2775 4323 2974 4369 questo.
3007 4314 3200 4368 perche

727 4388 890 4442 pende
911 4388 973 4430 de
992 4387 1151 4430 molte
1172 4384 1541 4429 cii-constantie
1576 4383 1883 4437 particolari
1903 4394 1936 4426 a
1957 4382 2023 4426 V.
2045 4383 2102 4427 R.
2122 4385 2310 4439 meglio
2343 4392 2463 4429 note
2500 4386 2539 4430 il
2559 4386 2778 4441 giuditio
2807 4386 2857 4430 di
2892 4387 2986 4439 cio.
3007 4384 3206 4429 Nostro

728 4458 897 4503 Padre
917 4459 959 4502 sl
981 4459 1187 4501 rimette
1208 4468 1240 4501 a
1262 4456 1436 4511 quello
1450 4456 1547 4499 che
1568 4456 1761 4509 paret-a
1780 4465 1812 4498 a
1836 4452 1900 4498 V.
1923 4454 2001 4507 R„
2024 4464 2365 4510 presupposto
2397 4457 2492 4502 che
2523 4464 2672 4502 tener
2701 4460 2808 4502 alla
2839 4460 2993 4513 longa
3021 4457 3200 4501 chiesa

725 4542 821 4575 oon
842 4540 969 4574 cura
1000 4530 1045 4573 d’
1060 4529 1229 4573 anime
1268 4538 1368 4571 non
1398 4527 1445 4571 ci
1474 4526 1767 4581 convicium„
1801 4525 2073 4581 PolancuS,
2109 4538 2176 4571 ex
2195 4538 2344 4579 com„
2367 4526 2514 4573 Patri
2533 4528 2818 4574 Franclsco
2841 4528 3038 4574 Palmio
3056 4529 3085 4572 8
3102 4526 3202 4572 Fe-

726 4602 923 4648 bruarii
946 4602 1065 4645 1554.

806 4678 829 4708 ⁴
884 4674 1017 4718 Vide
1042 4672 1232 4717 cartas
1250 4672 1317 4715 de
1340 4671 1452 4715 San
1472 4670 1711 4725 Ignacto,
1734 4676 1771 4716 t.
1790 4682 1850 4715 111
1870 4683 1992 4726 pag.
2013 4670 2082 4725 72,
2105 4678 2158 4715 et
2183 4678 2220 4715 t.
2241 4682 2313 4723 tv,
2337 4683 2457 4726 pag.
2481 4672 2574 4716 163.

802 4746 825 4779 ⁵
881 4746 982 4797 Sic3
1004 4745 1171 4789 eritne
1196 4744 1545 4798 Campa-3310?
