3742 5392
703 458 814 517 400
829 430 848 448 ’
1628 458 1883 519 Cimon.
1928 460 2079 521 Soc.
2122 460 2264 534 Jsss.

827 602 969 667 861.
1056 604 1212 685 Ipse
1263 615 1500 669 autem
1540 604 1615 668 P.
1663 604 1923 669 Strada
1967 615 2119 670 tota
2160 607 2710 687 quadragesima
2759 607 3176 689 frequentis-

709 712 891 777 simo
919 712 1183 792 populo
1213 722 1284 776 et
1313 729 1474 776 cum
1503 729 1766 793 magna
1789 714 2012 795 ipsius
2032 714 2523 779 satisfactione
2550 717 3017 779 concionatus
3040 724 3175 793 est,

626 862 635 870 -
709 830 780 881 et
817 836 963 882 non
1001 836 1272 899 paucas
1309 821 1521 883 etiam
1561 823 1998 901 psalmorum
2048 823 2387 886 lectiones
2429 823 2799 903 praelegit,
2846 821 3175 903 quamvis

712 943 835 989 eas
857 925 1181 989 omittere
1212 927 1548 990 catarrho
1579 928 2010 1008 defatigatus
2039 929 2277 993 debuit
2304 927 2346 1004 ⁸,
2385 940 2457 991 et
2496 928 2683 1009 quod
2712 946 3019 1008 magnus
3040 929 3181 1009 spi·

709 1033 987 1096 ritualis
1007 1032 1282 1097 fructus
1311 1051 1400 1097 ex
1427 1035 1626 1098 verbi
1653 1034 1788 1099 Dei
1816 1036 2345 1116 praedicatione
2376 1046 2715 1127 sequutus
2753 1037 2866 1115 sit,
2902 1036 3171 1100 confes·

709 1140 882 1203 sarii
910 1140 1119 1203 facile
1149 1140 1718 1219 experiebantur.
1749 1142 1917 1221 Egit
1947 1151 2182 1205 autem
2203 1142 2321 1205 ille
2342 1152 2493 1205 tota
2514 1142 3065 1224 quadragesima
3087 1143 3179 1207 de

710 1247 1145 1328 poenitentia
1173 1257 1244 1310 et
1282 1247 1506 1311 tribus
1535 1246 1688 1327 ejus
1715 1248 2059 1328 partibuS,
2094 1258 2163 1313 et
2191 1251 2487 1313 multum
2514 1250 2695 1313 lucis
2724 1250 2959 1314 attulit
2986 1259 3065 1314 ut
3106 1252 3179 1313 in

709 1354 1176 1418 confessionis
1203 1354 1565 1419 functione
1593 1357 1969 1436 peritiores
1995 1368 2256 1436 essent,
2289 1374 2420 1421 nec
2443 1358 2678 1421 minus
2706 1356 2797 1419 ad
2826 1358 2961 1421 hoc
2983 1358 3181 1438 pium

711 1478 890 1541 opus
917 1461 1277 1526 ferventer
1305 1462 1810 1542 praestandum
1838 1463 2244 1528 commovit.
2282 1463 2489 1543 Quod
2512 1466 2767 1528 attinet
2790 1463 2881 1527 ad
2912 1462 3183 1527 confes·

710 1569 992 1631 sionum
1041 1566 1512 1649 frequentiam
1561 1578 1632 1633 et
1679 1569 2018 1647 fructum,
2072 1570 2211 1649 his,
2268 1588 2449 1652 quae
2500 1571 2675 1634 alias
2728 1572 3143 1652 scripsimus
3164 1620 3179 1648 ‚

710 1675 934 1739 multa
965 1676 1223 1739 similia
1253 1675 1394 1739 dici
1430 1686 1746 1756 possent;
1787 1686 2065 1741 tantum
2100 1678 2237 1741 hoc
2282 1678 2549 1758 dicam,
2600 1680 2792 1758 quod
2834 1678 3182 1759 Hierony·

711 1800 870 1846 mus
908 1783 994 1847 de
1040 1782 1288 1861 Olave,
1339 1783 1400 1847 T
1401 1783 1858 1848 hesaurarius
1907 1786 2251 1849 ecclesiae
2300 1786 2796 1864 VictoriensiS,
2854 1787 2975 1865 qui
3017 1794 3179 1866 post

711 1891 970 1955 multos
1001 1907 1228 1954 annos
1254 1889 1686 1956 Societatem
1713 1892 2081 1972 ingressus
2109 1902 2239 1971 est,
2274 1892 2574 1956 duorum
2613 1893 2885 1956 dierum
2922 1892 3169 1957 itinere

714 1997 807 2061 ad
836 1996 1356 2061 confessionem
1380 2000 1792 2077 generalem
1819 1999 2009 2079 apud
2037 2008 2321 2064 nostros
2349 1999 2753 2063 faciendam
2774 2000 2993 2079 venit,
3020 2018 3181 2064 cum

716 2102 810 2167 ad
837 2103 1318 2167 sacerdotium
1347 2113 1516 2168 tunc
1545 2119 1913 2186 promotus
1936 2116 2145 2171 esset.

831 2210 974 2274 862.
1063 2210 1172 2274 De
1195 2210 1448 2275 studiis
1475 2212 1896 2276 inchoandis
1924 2214 2321 2278 litterarum
2345 2214 2845 2278 humaniorum
2862 2213 3013 2294 Jam
3034 2224 3187 2279 tum

717 2319 1088 2399 agebatur;
1113 2318 1239 2381 sed
1271 2318 1361 2381 ad
1391 2318 1461 2381 id
1488 2319 1561 2382 P.
1600 2318 1871 2383 Natalis
1903 2320 2250 2384 adventus
2280 2322 2817 2401 expectabatur,
2852 2322 2977 2403 qui
2996 2320 3189 2401 Majo

717 2443 960 2490 mense
984 2425 1073 2489 ad
1096 2426 1232 2490 hoc
1259 2425 1654 2506 Collegium
1677 2428 2125 2508 pervenienS,
2146 2436 2215 2491 et
2238 2428 2782 2492 constitutiones
2806 2446 3007 2493 more
3029 2446 3186 2506 suo,

719 2546 796 2597 ut
828 2535 994 2598 alibi
1023 2535 1290 2597 dictum
1327 2545 1455 2608 est,
1490 2535 1894 2615 declaranS,
1934 2544 2221 2599 nostros
2262 2537 2336 2599 in
2375 2536 2626 2616 spiritu
2665 2538 3077 2616 renovavit,
3120 2546 3191 2600 et

719 2649 890 2704 vota
945 2639 969 2671 ⁸
1025 2641 1248 2722 ipsius
1302 2640 1628 2704 Rectoris
1681 2642 2113 2705 Ferdinandi
2161 2641 2507 2721 Alvarez,
2562 2651 2632 2706 et
2682 2642 2760 2705 P.
2818 2642 3187 2723 GaspariS,

725 2747 800 2811 P.
829 2746 1016 2813 Pozo
1044 2758 1114 2812 et
1144 2747 1310 2814 85⁸0
1340 2748 1591 2813 Crucis
1618 2747 1641 2780 ³
1675 2748 1879 2829 juxta
1922 2748 2298 2815 Societatis
2338 2768 2607 2813 morem
2649 2747 2674 2780 ⁴
2712 2750 3017 2829 admisit;
3058 2768 3195 2814 nec

727 2866 964 2919 tamen
992 2857 1334 2921 lectiones
1362 2856 1803 2921 inchoandas
1832 2857 2054 2936 duxit,
2095 2856 2321 2919 donec
2368 2856 2665 2936 Collegii
2702 2874 2839 2937 res,
2884 2858 3073 2938 quod
3102 2856 3191 2919 ad

729 2962 1214 3028 fundationem
1243 2965 1517 3043 attinet,
1551 2965 1801 3027 melius
1831 2965 2429 3028 constituerentur
2459 2962 2505 3024 ⁸.

843 3068 986 3135 863.
1075 3070 1450 3135 Admissus
1479 3070 1608 3135 fuit
1635 3071 1708 3135 in
1747 3072 1885 3134 hoc
1914 3072 2231 3151 Collegio
2275 3072 2595 3150 Ignatius
2639 3072 2727 3136 de
2756 3071 3014 3135 Tolosa
3046 3072 3184 3134 hoc

725 3194 937 3255 anne,
966 3178 1085 3257 qui
1102 3187 1349 3259 postea
1365 3180 1437 3241 in
1462 3177 1994 3259 Portugalliam,
2020 3187 2091 3241 et
2111 3178 2396 3243 demum
2416 3180 2489 3241 in
2504 3178 2881 3243 Brasiliam
2903 3176 3193 3241 Provin-

809 3490 827 3523 Ι
885 3490 1021 3534 Vide
1039 3501 1214 3543 supra.
1228 3500 1356 3545 pag.
1379 3490 1421 3543 7,
1445 3501 1492 3533 n.
1511 3490 1554 3533 5.
1576 3496 1628 3533 et
1650 3500 1774 3544 pag.
1801 3488 1900 3542 ³95,
1921 3500 1970 3534 n.
1990 3488 2087 3533 ⁸52.

803 3564 826 3593 ’Β
881 3560 1120 3615 Intellige
1139 3568 1284 3613 vota,
1305 3572 1436 3615 quae
1455 3561 1698 3605 dicuntur
1710 3562 1921 3605 biennii
1939 3567 2159 3615 suntque
2178 3560 2435 3616 simplicia
2450 3566 2504 3604 et
2520 3566 2639 3615 post
2650 3563 2915 3615 expletum
2930 3560 3191 3604 secundae

731 3634 1056 3687 probationis
1075 3644 1166 3677 seu
1185 3634 1472 3677 novitiatus
1492 3638 1694 3687 tempus
1715 3632 2041 3677 emittuntur.

809 3704 832 3733 ³
888 3703 944 3748 P.
967 3703 1221 3759 Gasparis
1243 3704 1500 3759 Acebedo,
1522 3704 1576 3747 P.
1601 3704 1743 3747 Petri
1765 3704 1848 3748 del
1871 3704 2024 3756 Pozo,
2046 3710 2098 3747 et
2120 3704 2175 3749 P.
2197 3703 2413 3756 joannis
2430 3703 2492 3747 de
2511 3702 2677 3747 Santa
2699 3704 2849 3747 Cruz.

805 3777 830 3809 4
885 3774 1113 3829 Scilicet,
1136 3775 1357 3818 formula
1379 3786 1512 3819 nunc
1533 3783 1797 3827 consueta,
1817 3785 1949 3828 quae
1966 3775 2077 3829 jam
2097 3775 2295 3829 aliquot
2324 3786 2488 3819 annos
2519 3780 2640 3819 ante
2672 3775 2806 3818 hunc
2839 3774 3015 3819 1554111
3037 3774 3191 3821 Italia

729 3847 782 3891 in
801 3858 894 3891 usu
915 3854 1050 3899 erat,
1069 3847 1158 3890 sed
1181 3846 1406 3890 nondum
1437 3846 1487 3889 in
1519 3845 1826 3899 Hispaniam
1847 3858 1941 3889 nec
1968 3846 2019 3889 in
2039 3846 2369 3890 Lusitaniam
2400 3853 2737 3902 pervenerat,
2767 3852 2858 3889 aut
2886 3848 3071 3891 saltem
3094 3858 3199 3890 non·

727 3920 794 3963 ab
814 3918 1064 3971 omnibus,
1085 3918 1204 3962 dum
1218 3924 1347 3961 vota
1375 3918 1688 3970 emitterent,
1713 3918 1949 3961 adhiberi
1975 3919 2190 3962 solebat.
2214 3918 2291 3961 De
2314 3919 2375 3962 iis
2396 3920 2549 3973 plura
2570 3918 2619 3961 in
2644 3918 2794 3961 Nova
2816 3917 2973 3961 Serie
2988 3918 3195 3961 littera-

729 4001 852 4032 rum
877 3990 1064 4033 Sancti
1097 3989 1305 4042 Ignatii
1337 3996 1388 4031 et
1419 3989 1472 4033 in
1503 3988 1875 4032 Monumentis
1910 3988 2185 4033 historicis
2216 3990 2283 4033 ad
2316 3990 2373 4033 P.
2407 3989 2783 4046 Hieronymum
2816 3987 3058 4034 Natalem
3078 4000 3191 4043 spe·

735 4062 1017 4106 etantlbus.

809 4131 833 4165 ⁸
888 4131 1061 4183 Ratio.
1081 4142 1213 4187 quae
1235 4132 1447 4176 Patrem
1466 4131 1708 4177 Natalem
1725 4134 1885 4177 movit
1910 4143 1974 4176 ne
2006 4134 2257 4177 lectiones
2289 4133 2479 4187 Bur-gis
2500 4132 2887 4185 inchoarentur,
2918 4132 3085 4175 donec
3106 4142 3196 4175 res

733 4201 970 4255 Collegit,
987 4203 1126 4256 quod
1141 4204 1214 4246 aa
1217 4202 1606 4259 fundationem
1627 4204 1843 4257 attt'net,
1865 4205 2063 4247 metius
2078 4206 2557 4255 constituerentur,
2576 4204 2725 4257 haec,
2757 4204 2894 4247 inter
2923 4203 3057 4247 alias
3076 4203 3191 4255 fuit,

732 4276 866 4329 quod
886 4286 986 4319 non
1005 4276 1226 4319 multum
1245 4275 1307 4318 de
1330 4276 1392 4319 iis
1413 4275 1605 4320 scholis
1641 4276 1989 4330 instituendis,
2011 4288 2105 4319 nec
2139 4275 2355 4331 proinde
2386 4276 2449 4320 de
2479 4274 2736 4320 reditibus
2774 4274 3007 4329 Collegio
3040 4274 3191 4318 attri-

731 4346 963 4401 buendls,
984 4348 1206 4390 curabat
1239 4346 1532 4391 Cardinalis
1561 4346 1844 4401 Bai-gensis
1874 4348 2057 4403 frater,
2093 4346 2453 4392 Ferdinandus
2484 4346 2545 4391 de
2576 4346 2841 4389 Mendoza.
2875 4346 2988 4389 “De
3018 4356 3115 4401 que
3145 4346 3199 4388 e}

733 4418 814 4463 Sr.
832 4417 946 4461 Don
969 4416 1250 4463 Hernando
1274 4429 1339 4462 no
1372 4418 1549 4472 quiere
1570 4429 1634 4460 en
1669 4418 1873 4473 Burgos
1893 4425 2043 4463 tanto
2062 4420 2140 4463 los
2160 4420 2381 4463 lectores
2411 4424 2605 4463 cuanto
2625 4419 2704 4462 los
2724 4418 3010 4472 operarios,
3040 4427 3186 4461 como

733 4492 781 4534 el
801 4490 932 4534 mira
954 4491 1004 4533 lo
1037 4500 1135 4543 que
1155 4490 1204 4533 le
1225 4495 1341 4534 toea
1364 4492 1477 4533 mas
1506 4490 1566 4533 de
1601 4500 1772 4541 cerea.
1796 4492 1877 4535 asi
1911 4491 2139 4535 tambien
2168 4493 2219 4536 la
2250 4490 2539 4545 compasta
2561 4492 2611 4533 lo
2645 4502 2743 4545 que
2766 4493 2799 4533 a
2817 4490 2919 4533 ella
2940 4492 3053 4533 mas
3076 4500 3193 4532 con·

728 4563 881 4605 viene
900 4571 1031 4615 para
1052 4562 1100 4604 el
1115 4560 1290 4604 divino
1310 4560 1548 4615 servicio;
1570 4574 1605 4618 y
1621 4562 1672 4605 al
1695 4560 1761 4605 fin
1782 4572 1846 4605 no
1865 4564 1987 4606 sera
2007 4562 2171 4607 dificil
2191 4562 2253 4605 de
2270 4562 2492 4607 acordar
2513 4569 2643 4615 esto,
2664 4574 2791 4615 pues
2808 4562 2857 4604 el
2873 4572 2927 4604 se
2945 4561 3111 4605 habra
3133 4560 3195 4603 de

730 4638 1006 4677 contentu
1027 4634 1191 4675 conlo
1211 4643 1308 4686 que
1328 4633 1382 4676 la
1403 4632 1689 4685 Companta
1721 4632 1933 4687 hiciese,
1965 4645 2110 4678 como
2132 4634 2181 4678 el
2202 4632 2465 4679 Cardenal
2500 4635 2685 4677 mismo
2706 4644 2762 4677 se
2785 4638 3077 4685 contenta.„
3098 4630 3203 4675 Po·

731 4706 929 4755 laneus,
946 4712 1012 4746 ex
1032 4714 1180 4755 com„
1205 4702 1349 4747 Patri
1371 4704 1598 4747 Antonio
1619 4704 1679 4747 de
1703 4703 1895 4757 Araoz,
1918 4704 1973 4748 24
1992 4702 2266 4749 Februarii
2290 4704 2412 4750 155⁴.
