3742 5392
734 488 841 545 188
1652 488 1905 548 Canon.
1948 486 2103 547 Soc.
2146 488 2287 560 JES.

733 650 819 696 ac
850 633 1229 713 praecipue
1260 634 1337 697 P.
1370 632 1841 715 SalmeroniS,
1877 635 2278 717 colloquiiS,
2311 636 2570 715 partim
2611 634 2684 698 P.
2721 634 2978 713 Ignatii
3021 634 3198 699 litte·

734 740 855 819 τίς,
890 750 1307 821 conceptum
1343 758 1387 803 a
1416 738 1724 805 Domino
1755 742 2182 806 desiderium
2213 742 2500 805 fovebat
2534 742 2574 803 ¹.

853 846 993 909 401.
1080 846 1619 913 Consueverant
1658 850 1885 913 nostri
1925 846 2254 929 Neapoli,
2301 850 2783 912 consentiente
2823 848 2899 911 P.
2937 846 3204 911 Salme-

732 971 905 1017 rone
936 972 1021 1017 ac
1051 954 1126 1017 P.
1154 954 1447 1019 Andrea
1476 954 1563 1019 de
1594 954 1868 1019 Oviedo
1895 955 2223 1032 Rectore,
2251 956 2455 1019 simul
2491 956 2914 1019 matutinam
2945 955 3200 1017 oratio-

733 1078 931 1139 nem,
966 1063 1079 1125 cui
1124 1072 1193 1125 et
1231 1062 1381 1143 ipse
1414 1060 1486 1125 P.
1521 1062 1854 1126 Andreas
1883 1064 2168 1141 aderat,
2200 1063 2486 1142 habere3
2517 1076 2588 1126 et
2620 1063 2946 1143 quamvis
2985 1062 3204 1141 negli-

734 1169 1174 1247 gentioribus
1204 1170 1372 1233 utile
1402 1169 1539 1233 hoc
1568 1179 1788 1248 esset,
1819 1171 2208 1233 secundum
2241 1180 2478 1233 tamen
2501 1169 2878 1234 Societatis
2909 1184 3201 1232 consue·
3241 1248 3251 1257 ⁵

734 1275 1049 1339 tudinem
1078 1276 1413 1339 censebat
1441 1276 1516 1339 P.
1550 1276 1869 1357 Ignatius
1899 1286 1974 1340 ut
2004 1276 2416 1357 singillatim
2447 1277 2676 1339 oratio
2706 1274 2924 1340 fieret.

852 1382 993 1447 402.
1082 1384 1551 1449 Detinebatur
1576 1386 1646 1448 in
1678 1384 1986 1449 Castello
2010 1384 2214 1448 Novo
2243 1383 2544 1465 Neapoli
2566 1382 2654 1447 D.
2691 1382 3050 1449 Ascanius
3073 1382 3197 1447 Co-

737 1491 997 1569 lumna,
1031 1492 1150 1572 qui
1171 1491 1633 1572 Imperatoris
1652 1490 1853 1572 jussu
1879 1502 2131 1573 captus
2153 1502 2222 1555 et
2251 1509 2336 1555 eo
2367 1492 2711 1555 deductus
2739 1490 2994 1555 fuerat.
3021 1490 3202 1554 Eum

736 1614 910 1677 ergo
971 1598 1047 1661 P.
1110 1596 1432 1679 Ignatius
1489 1617 1615 1679 per
1672 1598 1751 1662 P.
1813 1598 2298 1663 Salmeronem
2358 1602 2740 1663 salutatum
2804 1599 3029 1662 voluit
3059 1644 3071 1671 ,
3133 1608 3201 1660 et

737 1704 825 1767 D.
849 1704 1123 1787 Joanne
1152 1705 1177 1736 ¹
1204 1704 1569 1786 praesecto
1591 1707 1663 1770 id
1694 1707 2150 1785 concedente,
2187 1706 2260 1769 P.
2290 1706 2657 1770 Salmeron
2680 1708 2912 1787 ipsum
2933 1706 3203 1783 invisit,

736 1812 854 1891 qui
885 1828 1149 1893 magna
1177 1813 1445 1877 laetitia
1478 1832 1569 1877 ex
1597 1814 1735 1878 hac
1776 1814 2200 1877 salutatione
2231 1813 2558 1891 affectuS‚
2593 1830 2898 1892 magnas
2926 1814 3200 1893 gratias

742 1918 817 1981 P.
862 1916 1261 1984 Salmeroni
1290 1937 1375 1983 ac
1404 1918 1481 1983 P.
1512 1920 1790 2001 Ignatio
1830 1922 2010 2001 egit,
2045 1938 2131 1984 ac
2161 1920 2396 1985 retulit
2437 1922 2503 1983 ei
2544 1921 2736 2001 quod
2764 1920 3046 1999 nobiliS,
3081 1922 3198 2001 qui

744 2026 1024 2089 nomine
1052 2026 1509 2107 Imperatoris
1548 2037 1838 2109 captum
1881 2044 2039 2091 eum
2069 2026 2438 2108 Neapolim
2469 2030 2827 2106 attulerat,
2859 2044 3202 2106 magnum

736 2133 1218 2197 testimonium
1248 2135 1335 2198 de
1364 2135 1583 2215 ipsius
1624 2135 2028 2199 innocentia
2059 2146 2127 2199 et
2165 2134 2434 2215 justitia
2467 2135 2658 2213 tulit,
2692 2145 2760 2197 et
2789 2131 2939 2213 ejus
2969 2152 3204 2198 exem·

736 2241 926 2319 plum
959 2240 1051 2305 ad
1080 2240 1157 2303 P.
1190 2241 1542 2322 Ignatium
1571 2242 1762 2306 misit
1786 2240 1829 2306 ³.

856 2346 997 2411 403.
1083 2347 1314 2412 Festis
1336 2349 1677 2413 natalitiis
1698 2348 2107 2413 Bernardus
2128 2348 2572 2431 JaponensiS,
2603 2349 2688 2411 de
2713 2365 2852 2429 quo
2877 2346 3200 2427 superius

736 2456 1001 2519 mentio
1028 2453 1221 2519 facta
1260 2464 1369 2519 est
1404 2452 1465 2535 ⁴,
1497 2457 1618 2537 qui
1658 2456 1962 2519 Romam
1991 2456 2352 2534 veniebat,
2399 2454 2698 2536 Neapoli
2727 2472 2888 2519 curn
2927 2454 3200 2517 duobus

736 2562 974 2638 sociiS‚
1007 2562 1130 2643 qui
1156 2560 1460 2627 Romam
1480 2563 1888 2641 veniebant,
1917 2562 2250 2640 substitit;
2279 2572 2346 2625 et
2376 2572 2521 2625 tam
2551 2563 2814 2626 nostris
2843 2578 3056 2642 quam
3087 2580 3201 2625 ex·

736 2669 979 2739 ternis,
1014 2669 1321 2750 quicum
1342 2687 1427 2734 eo
1448 2671 1917 2751 loquebantur
1940 2679 2008 2734 et
2031 2669 2242 2732 avide
2266 2668 2672 2749 audiebant,
2699 2670 2993 2734 multum
3019 2670 3202 2733 aedi-

736 2774 1093 2839 ficationis
1120 2777 1521 2857 prudentia,
1554 2778 1902 2841 modestia
1932 2794 2020 2840 ac
2051 2776 2300 2857 spiritu
2335 2794 2463 2840 suo
2495 2776 2680 2840 bono
2711 2776 2925 2855 dedit,
2959 2785 3029 2839 et
3061 2794 3203 2839 non

737 2884 1177 2961 degenerare
1208 2885 1595 2965 discipulus
1622 2902 1666 2947 a
1699 2884 2046 2964 Magistro
2080 2880 2140 2947 F
2143 2883 2470 2947 rancisco
2499 2883 2772 2947 Xavier
2801 2882 3196 2946 videbatur.

854 2990 994 3054 404.
1083 2990 1263 3056 Cum
1290 2991 1517 3055 Roma
1546 2991 1752 3055 rediit
1797 2990 1874 3053 P.
1909 2989 2312 3068 Salmeron,
2345 2988 2752 3070 injunxerat
2781 2992 2846 3053 ei
2887 2990 2963 3053 P.
2995 2990 3198 3070 Igna—

735 3098 873 3161 tius
912 3108 989 3161 ut
1035 3096 1309 3163 videret
1336 3116 1507 3163 num
1546 3099 1715 3163 illud
1754 3098 2156 3179 theologiae
2199 3098 2694 3178 compendium
2734 3095 3034 3177 Neapoli
3075 3114 3200 3177 per

734 3204 954 3268 otium
995 3204 1589 3286 (quandoquidem
1640 3224 1725 3269 eo
1774 3207 2214 3270 redeundum
2253 3205 2432 3283 erat)
2476 3214 2718 3285 posset
2757 3204 3108 3269 conficere
3151 3202 3196 3279 ³;

734 3312 859 3375 sed
880 3312 996 3375 ille
1019 3312 1377 3377 humiliter
1399 3314 1766 3394 rescripsit
1789 3330 1865 3377 se
1889 3331 2020 3377 nec
2037 3312 2184 3393 jam
2205 3312 2498 3377 Patrum
2515 3312 2889 3375 lectionem
2913 3312 3196 3386 habere,

734 3436 865 3483 nec
908 3419 979 3483 id
1004 3418 1379 3500 J'udicium,
1420 3438 1553 3484 nec
1584 3420 1799 3483 etiam
1837 3431 2146 3501 tempuS,
2181 3420 2370 3500 quod
2399 3422 2538 3483 tale
2571 3436 2750 3500 opus
2779 3420 3196 3500 requireret;

732 3524 947 3589 immo
991 3528 1247 3592 sicum
1282 3544 1547 3607 magna
1578 3528 1923 3591 librorum
1961 3528 2390 3607 supellectile
2420 3536 2489 3589 et
2533 3527 2622 3589 ab
2653 3526 2810 3590 aliis
2851 3526 3042 3589 curis
3083 3544 3204 3587 va·

736 3650 912 3696 cuus
943 3640 1153 3713 esset,
1188 3634 1423 3698 adhuc
1454 3652 1530 3697 se
1550 3628 1697 3697 non
1728 3634 2062 3698 idoneum
2089 3650 2242 3696 esse
2272 3633 2650 3711 latebatun
2678 3641 2748 3696 et
2778 3633 2847 3696 id
2879 3632 2951 3696 in
2975 3650 3194 3695 causa

734 3738 864 3802 suit
918 3756 1044 3803 cur
1085 3739 1280 3804 Patri
1322 3740 1646 3821 Laynez,
1689 3740 2286 3821 quemadmodum
2315 3741 2639 3820 superius
2683 3738 3018 3817 diximuS,
3064 3738 3196 3801 hoc

734 3846 1234 3926 compendium
1263 3846 1474 3911 suerit
1513 3848 2106 3911 commendatum.

816 4018 832 4048 ¹
893 4015 1029 4060 Vide
1056 4016 1245 4061 cartas
1264 4018 1333 4062 de
1354 4016 1464 4061 San
1484 4018 1724 4073 Ignacio,
1744 4026 1781 4061 t.
1798 4029 1871 4072 ιν,
1891 4030 1926 4061 v
1941 4025 1994 4062 et
2017 4028 2086 4061 vx.
2103 4018 2254 4061 Alias
2275 4016 2436 4062 etiam
2456 4018 2666 4062 litteras
2687 4018 2832 4062 dabit
2853 4017 3004 4061 Nova
3028 4018 3200 4059 series

733 4090 1049 4132 litterarum
1070 4088 1261 4134 Sancti
1281 4090 1505 4143 Ignatii.

812 4161 837 4192 ¹
890 4160 1113 4215 joannes
1134 4162 1196 4205 de
1215 4160 1482 4215 Mendoza,
1497 4164 1561 4206 de
1581 4174 1679 4218 quo
1699 4173 1871 4216 supra,
1893 4174 1941 4206 n.
1967 4162 2064 4206 ⁴00.

812 4232 837 4265 ⁸
890 4233 987 4277 “Al
1021 4231 1211 4287 signer
1228 4234 1457 4278 Ascanio
1479 4234 1543 4278 ed
1573 4236 1627 4279 al
1657 4233 1846 4289 signer
1866 4234 1981 4278 Don
2001 4233 2260 4278 Giovanni
2281 4244 2374 4287 per
2403 4234 2452 4277 le
2482 4234 2639 4277 molte
2671 4233 2994 4287 occupationi
3027 4244 3124 4276 non
3158 4233 3202 4276 si

732 4304 905 4349 scrive
924 4305 1099 4359 hoggi.
1119 4304 1249 4358 Quel
1268 4307 1563 4351 testimonio
1584 4307 1633 4351 di
1653 4307 1737 4351 chi
1767 4307 1819 4350 lo
1838 4306 1999 4361 plglio
2018 4306 2288 4361 priggione
2308 4306 2554 4350 haviamo
2575 4306 2714 4349 visto
2736 4316 2764 4348 e
2785 4305 2955 4359 primo.
2976 4306 3134 4348 etlam
3155 4306 3202 4347 ci

732 4378 763 4420 l'
784 4378 957 4421 havea
985 4384 1241 4423 mostrato
1270 4378 1385 4423 Don
1420 4378 1643 4432 Doimo...
1674 4378 1956 4429 Polancus.
1987 4389 2052 4421 ex
2081 4389 2232 4428 com„
2259 4376 2407 4422 Patri
2441 4378 2709 4432 Alphonso
2743 4374 3012 4420 Salmeron
3031 4409 3041 4423 .
3063 4378 3089 4419 :3
3107 4374 3205 4418 De·

732 4448 1162 4494 cenatoria-Vide
1185 4450 1345 4495 etiam
1374 4449 1567 4505 Ignatii
1596 4451 1805 4495 litteras
1824 4449 2012 4503 Joanni
2035 4451 2096 4494 de
2129 4448 2391 4501 Mendoza.
2420 4450 2470 4495 14
2491 4449 2733 4494 Octobris
2753 4448 2908 4494 datas
2939 4448 2991 4492 in
3014 4448 3202 4491 cartas

732 4520 798 4563 de
820 4520 931 4563 San
951 4520 1190 4573 Ignacio,
1208 4528 1247 4566 t.
1270 4534 1341 4577 w,
1362 4532 1483 4575 pag.
1502 4521 1600 4575 338,
1619 4529 1671 4565 et
1691 4521 1825 4565 alins
1844 4521 2006 4576 ipsius
2029 4520 2218 4574 Ignatii
2239 4520 2304 4564 ad
2328 4521 2608 4564 Ascanium
2624 4520 2926 4565 Columnam
2942 4520 2970 4563 8
2992 4518 3206 4561 Decem·

732 4592 843 4637 bris
862 4593 1018 4648 hujus
1038 4592 1159 4637 anni
1184 4594 1302 4649 155⁴,
1326 4594 1475 4648 ibid..
1496 4603 1618 4647 pag.
1640 4592 1723 4637 ⁴89
1745 4598 1797 4636 et
1816 4592 1917 4636 390.

814 4666 836 4698 ⁴
890 4664 1023 4709 Vide
1046 4676 1221 4721 supra,
1244 4673 1281 4711 t.
1304 4678 1378 4717 m.
1396 4677 1516 4721 pag.
1532 4664 1630 4717 398.
1652 4677 1701 4710 n.
1722 4664 1819 4719 873,
1842 4672 1896 4709 et
1917 4676 2036 4719 pag.
2061 4664 2160 4717 409,
2179 4674 2226 4707 n.
2248 4664 2343 4707 904.

814 4737 836 4769 ⁵
890 4736 1024 4782 Vide
1047 4750 1221 4793 supra,
1243 4750 1364 4793 pag.
1388 4738 1481 4794 178,
1504 4750 1553 4783 n.
1573 4738 1669 4784 374.
