3742 5392
1656 489 1663 499 '
1701 497 1828 555 ΑΝ.
1875 496 2014 556 1554
2353 494 2361 511 ·
2988 493 3098 553 229

623 642 837 705 batur
866 641 1245 721 collegium
1292 641 1429 705 hoc
1458 660 1549 706 ex
1578 642 1861 722 optimis
1911 640 2194 705 Siciliae
2246 642 2590 722 futurum;
2641 653 2709 705 et
2748 643 2820 705 in
2861 642 3093 705 medio

632 750 836 811 horto
865 748 1027 811 fons
1058 759 1243 828 erat,
1296 747 1498 828 cujus
1542 766 1725 828 aqua
1756 749 1848 812 ad
1891 748 2204 812 culinam
2246 766 2466 830 usque
2517 761 2588 813 et
2637 748 3094 813 refectorium

620 855 884 919 deduci
906 864 1210 937 poterat.
1244 856 1546 919 Dicebat
1576 865 1815 919 autem
1845 854 1934 918 D.
1969 856 2298 936 Ducissa,
2333 874 2514 937 quae
2540 856 3095 920 Calatabellotae

632 976 799 1026 tunc
829 972 983 1025 erat
1001 1012 1015 1041 ,
1044 980 1121 1025 se
1150 972 1309 1043 post
1338 972 1655 1043 partum,
1689 964 1808 1043 qui
1830 960 1980 1043 jam
2011 963 2450 1042 imminebat,
2484 963 2828 1027 Bibonam
2852 972 3094 1026 ventu-

632 1087 789 1133 ram
840 1086 997 1132 esse
1044 1079 1122 1133 ut
1167 1068 1488 1133 aedificio
1517 1079 1867 1150 praesset,
1917 1080 1987 1134 et
2025 1069 2303 1133 reditus
2331 1069 2613 1134 interim
2651 1069 3094 1133 necessarios

634 1186 919 1239 emeret.
954 1175 1121 1239 Dux
1149 1176 1299 1257 ipse
1328 1176 1504 1240 satis
1548 1176 1878 1242 affectum
1916 1194 2091 1257 erga
2131 1175 2555 1241 Societatem
2585 1194 2660 1239 se
2691 1176 3091 1255 exhibebat,

622 1292 700 1345 et
724 1282 811 1345 ad
830 1282 1128 1363 Collegii
1150 1284 1567 1347 Bibonensis
1584 1284 2144 1348 aedificationem
2162 1300 2617 1365 propensum,
2640 1282 2838 1363 cujus
2859 1282 3093 1361 gratia

632 1406 792 1453 cum
846 1389 1358 1453 Calatabellota
1400 1390 1746 1454 Bibonam
1800 1390 2146 1470 venisset,
2197 1392 2358 1470 plus
2405 1406 2621 1471 quam
2669 1390 3094 1470 quingentos

629 1512 887 1560 aureos
917 1514 959 1558 a
989 1497 1290 1561 subditis
1318 1498 1467 1560 suis
1495 1497 1569 1559 in
1597 1496 1995 1561 aedificium
2025 1496 2333 1561 conferri
2363 1496 2678 1572 curavit,
2706 1496 2893 1576 quod
2922 1496 3095 1559 satis

629 1604 702 1665 in
726 1603 875 1666 dies
906 1604 1300 1683 crescebat;
1334 1612 1405 1667 et
1434 1605 1763 1683 quamvis
1792 1607 2054 1667 multae
2085 1602 2527 1667 difficultates
2557 1602 2904 1665 Ducissae
2935 1618 3090 1665 sese

630 1708 967 1773 offerrent
994 1720 1065 1773 et
1105 1710 1707 1774 contradictiones
1736 1711 2204 1789 quorumdam
2225 1759 2239 1786 ,
2281 1710 2488 1773 facile
2517 1726 2764 1772 omnes
2801 1726 2930 1771 suo
2961 1708 3092 1771 fer·

633 1834 807 1880 vore
836 1816 1251 1897 superabat3
1282 1834 1414 1880 nec
1455 1817 1874 1881 movebatur
1915 1816 2104 1898 quod
2144 1826 2448 1897 quatuor
2478 1816 2694 1879 millia
2725 1825 3092 1879 scutorum

630 1924 767 2003 ipsi
789 1922 1253 2003 expendenda
1282 1942 1439 1987 esse
1470 1921 1821 1987 diceretur
1852 1923 1925 1986 in
1955 1923 2313 2003 aedifici0,
2357 1923 2482 1985 sed
2519 1923 2592 1986 id
2627 1931 2904 1987 tantum
2931 1938 3090 1985 eam

632 2030 815 2093 male
838 2030 1166 2110 habebat,
1194 2032 1381 2112 quod
1397 2031 1629 2112 spatio
1645 2031 1854 2093 unius
1876 2031 2041 2093 anni
2066 2030 2392 2094 dicebant
2416 2031 2792 2108 collegium
2815 2030 3090 2093 absolvi

630 2155 777 2201 non
815 2156 1056 2219 posse,
1110 2149 1179 2202 et
1228 2138 1624 2202 affirmabat
1676 2138 1898 2219 quod,
1945 2138 2108 2201 licet
2159 2154 2404 2201 omnes
2453 2154 2622 2200 suas
2669 2154 2990 2216 gemmas
3021 2148 3088 2200 et

636 2246 972 2309 mundum
993 2246 1405 2309 muliebrem
1427 2246 1805 2311 venditura
1829 2255 2038 2325 esset,
2066 2245 2238 2308 illud
2262 2244 2659 2307 absolutum
2680 2243 2875 2307 dabit
2897 2242 3090 2322 (sic),

630 2362 703 2414 et
723 2352 964 2415 statim
992 2353 1261 2417 reditus
1291 2371 1534 2422 emere
1564 2353 1873 2416 volebat.
1915 2350 2155 2432 Aliqui
2183 2368 2358 2430 ergo
2389 2368 2480 2413 ex
2511 2351 2770 2413 nostris
2799 2350 2890 2411 ad
2920 2361 3089 2413 tem-

630 2474 765 2537 pus
795 2458 929 2521 hoc
954 2476 1140 2523 anno
1162 2460 1422 2523 ibidem
1447 2460 1713 2523 versati
1742 2470 1929 2539 sunt,
1957 2459 2081 2522 sed
2113 2459 2512 2537 collegium,
2541 2458 2611 2521 id
2634 2468 2762 2531 est,
2797 2473 3088 2537 congre-

626 2565 825 2643 gatio
859 2576 1299 2645 nostrorum,
1324 2578 1402 2629 ut
1424 2566 1684 2630 ibidem
1704 2566 2080 2643 resideret,
2107 2566 2244 2628 hoc
2263 2582 2449 2628 anno
2477 2566 2768 2627 missum
2792 2581 2934 2626 non
2957 2573 3083 2626 est.

745 2672 887 2734 514.
975 2671 1355 2753 Syracusis
1386 2682 1673 2753 praerat
1702 2673 1791 2736 D.
1846 2670 2113 2736 Suerus
2142 2673 2229 2736 de
2269 2672 2510 2752 Vega,
2545 2679 2719 2734 natu
2741 2672 2973 2734 minor
3001 2688 3090 2733 ex

627 2779 901 2842 duobus
920 2778 1281 2860 Pro-regis
1305 2780 1485 2855 filiis;
1517 2782 1629 2843 hic
1655 2788 1894 2844 autem
1914 2798 2075 2844 cum
2099 2780 2450 2860 Episcopo
2475 2777 2932 2860 Syracusano
2955 2779 3090 2841 hoc

628 2903 798 2949 vere
829 2887 1016 2949 serio
1058 2904 1273 2967 agere
1323 2888 1555 2968 coepit
1605 2889 1691 2952 de
1744 2887 2060 2967 Collegio
2103 2885 2478 2951 Societatis
2522 2884 2986 2963 instituendo,
3025 2894 3092 2949 et

626 2994 794 3073 quia
822 2994 895 3056 in
923 2994 1257 3074 Episcopi
1306 2996 1686 3058 utilitatem
1714 2996 1787 3059 id
1810 2995 2133 3072 cedebat,
2169 2995 2232 3057 si
2275 2994 2765 3074 operariorum
2795 2993 3092 3073 penuria

628 3118 771 3162 non
802 3100 1219 3180 obstitisset,
1264 3102 1472 3165 facile
1502 3111 1651 3165 tam
1686 3100 2087 3183 Syracusas
2119 3117 2331 3181 quam
2362 3100 2707 3163 Bibonam
2738 3100 2874 3162 hoc
2907 3116 3095 3162 anno
3185 3157 3188 3160 ,

630 3208 856 3270 nostri
883 3209 1083 3271 missi
1111 3208 1442 3289 fuissent,
1476 3210 1601 3273 sed
1630 3219 1868 3272 tamen
1900 3210 2084 3272 hanc
2124 3208 2474 3271 rationem
2495 3223 2649 3270 rem
2676 3204 3096 3270 extrahendi

637 3315 864 3377 nostri
894 3316 1229 3394 inierunt,
1271 3325 1348 3378 ut
1384 3316 1582 3396 prius
1622 3314 1922 3394 collegia
1961 3314 2114 3395 ipsa
2147 3314 2624 3393 erigerentur3
2671 3324 2740 3375 et
2771 3311 3098 3374 absoluto

638 3418 988 3501 aedificio,
1024 3432 1191 3484 tunc
1229 3423 1512 3486 demum
1563 3422 1931 3502 operarios
1980 3422 2358 3485 mittendos
2407 3437 2585 3483 esse.
2639 3419 2822 3482 Mitti
2863 3428 3098 3481 autem

634 3528 949 3608 oportuit
976 3527 1374 3609 Syracusas
1402 3529 1603 3592 initio
1624 3526 1831 3608 hujus
1854 3529 2148 3591 aestatis
2171 3527 2250 3590 P.
2276 3526 2675 3608 Philippum
2697 3526 3095 3593 Cassinum.

636 3643 715 3697 ut
736 3634 1252 3699 confessionem
1282 3634 1371 3699 D.
1403 3634 1606 3699 Sueri
1640 3635 1951 3714 audiret,
1985 3644 2052 3698 et
2082 3634 2168 3697 de
2199 3636 2320 3698 illa
2351 3635 2640 3698 civitate
2662 3634 3099 3697 benemereti

636 3759 761 3821 per
790 3754 1170 3806 consuetas
1197 3742 1571 3807 Societatis
1595 3743 2145 3807 exercitationes
2169 3742 2533 3823 inciperet.
2563 3742 2839 3805 Invenit
2862 3750 3100 3804 autem

638 3866 941 3913 messem
969 3850 1233 3914 bonam
1262 3860 1330 3913 et
1359 3852 1595 3914 albam
1622 3860 1699 3913 ut
1730 3859 2137 3929 meteretur,
2167 3858 2376 3929 prout
2401 3848 2805 3936 frequentes
2830 3831 3100 3912 confes-

642 3957 910 4035 sioneS,
945 3966 1013 4019 et
1046 3956 1369 4035 affectuS,
1426 3975 1635 4039 quem
1679 3972 1857 4037 erga
1909 3955 2340 4021 Societatem
2384 3957 2880 4033 ostendebant,
2914 3972 3100 4019 com-

640 4064 1011 4141 probabat.
1066 4062 1369 4144 Injunxit
1420 4077 1654 4129 autem
1705 4063 1779 4128 P.
1826 4062 2300 4128 Provincialis
2340 4071 2416 4125 ut
2457 4063 2794 4126 sacerdos
2847 4063 3101 4144 aliquis

644 4169 973 4234 Messana
1004 4172 1426 4246 mitteretur,
1482 4174 1600 4252 qui
1633 4172 1705 4234 P.
1740 4172 2090 4253 Joannem
2128 4169 2530 4249 Philippum
2559 4170 2631 4232 in
2670 4171 2806 4251 piis
2849 4171 3098 4234 labori-

640 4278 770 4340 bus
809 4276 1200 4356 adjuvaret.

758 4386 901 4448 515.
989 4384 1297 4466 Optabat
1348 4397 1585 4449 autem
1637 4386 1934 4450 Pro-rex
2000 4399 2076 4450 ut
2135 4386 2510 4451 satisfieret
2576 4386 2690 4466 pio
2746 4384 3096 4447 desiderio

640 4492 730 4554 D.
762 4491 1000 4568 Sueri,
1036 4493 1156 4573 qui
1186 4494 1560 4571 collegium
1592 4494 1771 4557 mitti
1802 4503 1870 4557 et
1908 4511 2051 4556 non
2095 4510 2312 4557 unum
2350 4504 2472 4557 aut
2514 4492 2816 4554 alterum
2855 4506 3096 4571 opera-

642 4600 824 4662 rium
866 4599 1291 4680 postulabat.
1346 4598 1747 4679 Collegerat
1796 4612 2034 4664 autem
2084 4601 2428 4664 ducentos
2466 4611 2534 4662 et
2585 4596 3102 4679 quinquaginta

642 4724 897 4770 aureos
938 4707 1153 4769 annui
1184 4706 1481 4785 redituS‚
1530 4718 1598 4769 et
1639 4706 1731 4769 ad
1768 4706 2168 4770 aedificium
2208 4706 2777 4770 concinnandum
2807 4704 3104 4786 ipsemet
