3742 5392
1610 478 1737 535 An.
1783 478 1924 537 1554
2885 475 2998 535 587

528 631 941 703 pergratum
969 624 1103 688 sibi
1131 624 1283 689 sore
1313 626 1376 688 si
1423 624 1514 688 ad
1544 643 1620 688 se
1669 624 2066 702 accederet;
2109 636 2178 687 et
2223 624 2729 687 humanissime
2777 622 2868 686 ab
2901 640 2988 685 ca

526 741 894 812 exceptuS,
922 749 1008 795 eo
1032 732 1146 796 die
1171 744 1241 795 et
1268 733 1589 813 sequenti
1615 732 1734 796 diu
1759 749 1920 795 cum
1944 731 2192 795 eodem
2223 732 2626 811 colloquuta
2656 738 2785 805 est,
2820 747 2986 793 cum

526 839 616 902 de
651 840 867 903 rebus
906 839 998 902 ad
1038 856 1241 903 suam
1292 838 1803 903 conscientiam
1842 838 2350 919 spectantibuS,
2383 848 2535 901 tum
2563 837 2652 900 de
2681 836 2982 913 ratione,

528 964 743 1026 quam
771 946 845 1010 in
871 947 1385 1026 gubernatione
1415 947 1747 1010 habitura
1794 956 1972 1023 erat,
2019 963 2128 1024 ne,
2177 954 2472 1026 propter
2501 954 2838 1008 externas
2865 961 2981 1007 oc-

530 1054 969 1133 cupationeS,
1011 1053 1399 1134 spiritualis
1436 1054 1546 1116 sui
1588 1052 1948 1133 profectus
1989 1052 2552 1131 oblivisceretur,
2599 1068 2689 1114 ex
2719 1068 2860 1131 quo
2885 1050 2985 1112 vi·

528 1177 643 1223 res
674 1161 765 1224 ad
792 1161 1055 1224 bonam
1091 1161 1681 1241 gubernationem
1730 1171 1935 1223 erant
1974 1160 2310 1223 oriturae.
2357 1158 2446 1223 Et
2488 1175 2648 1221 cum
2686 1156 2984 1249 valliso-

526 1269 742 1331 letum
771 1277 955 1331 esset
984 1268 1411 1349 profectura,
1446 1269 1733 1347 rogavit
1762 1266 1837 1330 P.
1866 1266 1922 1331 F
1926 1268 2328 1331 ranciscum
2352 1276 2429 1329 ut
2458 1264 2549 1328 ad
2579 1264 2984 1345 quindecim

520 1386 644 1437 aut
674 1376 931 1455 viginti
959 1375 1111 1440 dies
1152 1394 1235 1439 eo
1265 1376 1562 1452 veniret,
1598 1385 1672 1439 ut
1714 1392 1821 1453 ea,
1875 1392 2057 1455 quae
2099 1384 2412 1437 tractare
2455 1382 2842 1453 coeperant
2885 1370 2978 1434 ad

522 1499 898 1548 commune
948 1493 1016 1546 et
1066 1483 1432 1564 proprium
1469 1482 1690 1563 ipsius
1730 1483 2014 1556 bonum,
2061 1481 2623 1557 absolverentur;
2665 1488 2735 1542 et
2779 1480 2878 1543 ita
2907 1479 2980 1543 id

516 1589 683 1653 fecit
710 1588 785 1652 Ρ.
820 1589 1272 1667 Franciscus;
1306 1602 1373 1652 et
1412 1588 1546 1661 die.
1582 1590 1701 1669 qui
1730 1587 1920 1651 Divo
1948 1586 2263 1651 Antonio
2305 1587 2390 1650 de
2435 1586 2732 1650 Patavio
2771 1602 2978 1649 sacer

516 1707 693 1775 erat}
719 1697 793 1761 in
814 1698 1115 1761 ecclesia
1137 1708 1383 1763 nostra
1411 1697 1950 1775 Vallisoletana,
1978 1713 2160 1775 quae
2183 1693 2495 1774 eJusdem
2524 1691 2644 1756 S.t¹
2685 1692 2982 1756 Antonii

516 1804 1063 1867 advocationem
1093 1804 1304 1869 habet
1336 1803 1378 1880 ¹,
1410 1806 1873 1869 concionatus
1911 1814 2019 1866 est
2064 1802 2300 1866 multis
2343 1820 2432 1865 ex
2460 1799 2876 1882 proceribus
2905 1812 2980 1862 et

520 1911 867 1975 nobilibus
898 1930 983 1975 eo
1022 1911 1627 1977 convenientibus,

646 2016 821 2080 1250.
907 2017 1310 2083 Veniebant
1356 2020 1568 2083 etiam
1620 2018 1713 2081 ad
1762 2035 1924 2081 eum
1973 2016 2424 2082 salutandum
2470 2024 2616 2079 tam
2653 2014 2855 2079 multi
2883 2032 2974 2079 ex

518 2124 631 2187 his
660 2126 1087 2206 primoribus
1114 2128 1313 2203 viris,
1346 2127 1530 2191 inter
1559 2144 1737 2206 quos
1766 2135 1970 2189 erant
2000 2124 2318 2188 Marchio
2349 2123 2436 2187 de
2464 2122 2697 2186 Viena
2727 2121 2774 2199 ¹⁸,
2807 2120 2980 2185 Dux

516 2230 771 2296 Sessae
801 2230 845 2307 ³,
880 2244 948 2295 et
978 2234 1313 2314 Episcopi
1332 2234 1741 2297 Placentiae
1783 2230 1808 2262 ⁴
1850 2242 2062 2312 atque
2105 2232 2379 2295 Abuiae
2409 2230 2453 2312 ⁸,
2487 2230 2656 2295 Dux
2699 2229 2974 2309 Methy-

516 2342 905 2403 mnaecoeli
936 2338 959 2370 ⁶
990 2352 1059 2404 et
1089 2341 1345 2404 Comes
1366 2340 1641 2420 Feriae,
1668 2339 1689 2370 ⁷
1720 2350 1795 2403 ut
1826 2341 1951 2403 vix
1974 2340 2064 2403 ad
2091 2340 2325 2403 cibum
2347 2338 2772 2417 capiendum
2801 2346 2972 2401 tem-

869 2540 935 2547 -—..

508 2664 603 2695 ver
622 2655 655 2697 a
676 2654 726 2697 la
749 2653 995 2699 Princeea
1013 2662 1348 2710 representat
1369 2660 1517 2700 tanta
1538 2656 1773 2709 tristata,
1796 2666 1942 2699 como
1962 2667 2058 2698 ver
2079 2659 2110 2697 εἰ
2129 2656 2209 2699 las
2225 2655 2406 2698 damas
2422 2655 2482 2698 de
2505 2655 2556 2697 la
2583 2666 2776 2699 mesma
2798 2666 2972 2698 mane-

508 2735 569 2768 ra
590 2738 625 2781 y
646 2726 871 2770 criados.
902 2726 951 2769 Y
973 2726 1045 2771 Su
1065 2728 1252 2771 Alteza
1274 2729 1355 2771 del
1379 2726 1633 2782 Principe.
1662 2740 1807 2772 como
1826 2728 2182 2781 sapientissimo
2212 2738 2308 2781 que
2331 2738 2404 2780 es,
2425 2737 2522 2770 con
2540 2727 2790 2780 palabras
2808 2727 2974 2770 dulci-

504 2798 665 2841 simas
685 2810 719 2854 y
740 2798 803 2843 de
822 2810 945 2855 mny
959 2810 1093 2854 gran
1114 2800 1353 2845 coneneio
1374 2801 1425 2843 ia
1452 2802 1659 2844 consolo
1681 2801 1773 2844 aiii
1802 2811 1950 2844 como
1969 2812 2030 2843 en
2053 2800 2133 2844 ias
2147 2800 2398 2854 iornadas
2419 2810 2515 2853 que
2545 2809 2640 2842 con
2671 2796 2722 2842 S.
2745 2798 2812 2841 A.
2828 2800 2970 2851 vino,

504 2879 605 2922 que
624 2868 806 2913 sueton
825 2871 987 2923 cinco,
1009 2882 1107 2926 que
1142 2871 1227 2915 fue
1255 2870 1411 2915 hasta
1438 2872 1608 2925 neg-ar
1637 2875 1669 2916 a
1698 2872 1751 2915 ia
1786 2871 2010 2921 Abadia.
2044 2883 2142 2926 que
2165 2883 2220 2915 es
2239 2882 2342 2915 una
2372 2871 2628 2914 fortaieza
2647 2882 2683 2926 y
2711 2871 2861 2925 lug-ar
2885 2872 2970 2914 del

505 2941 685 2996 Duque
707 2942 770 2985 de
795 2942 946 2986 Alba.
969 2943 1019 2986 Y
1040 2943 1102 2986 de
1122 2945 1245 2996 aqui
1276 2954 1331 2987 se
1362 2944 1591 2997 despidio
1620 2942 1673 2987 S.
1707 2944 1773 2987 A.
1802 2944 1864 2987 de
1895 2946 1949 2988 ia
1971 2943 2232 2989 Princesa.
2259 2944 2312 2986 ia
2341 2942 2459 2985 enai
2489 2941 2654 2996 signio
2683 2952 2744 2985 sn
2764 2944 2972 2986 camino

501 3014 663 3059 hasta
698 3016 867 3068 negat
898 3018 931 3057 a
969 3015 1282 3063 Valladoiid.
1320 3026 1383 3058 en
1412 3018 1459 3058 ei
1503 3018 1621 3060 cuni
1654 3019 1803 3060 entro
1846 3027 1943 3060 con
1974 3017 2128 3059 titulo
2157 3016 2219 3058 de
2249 3014 2624 3059 Gobernadora
2653 3014 2716 3057 de
2747 3014 2970 3059 cascina

504 3095 598 3138 por
617 3084 863 3131 ausencia
882 3086 963 3129 dei
986 3086 1227 3141 Principe
1246 3098 1305 3129 su
1326 3087 1620 3141 humanm„
1652 3087 1863 3131 Andre‘s
1884 3086 2098 3138 Μκῆοε,
2129 3085 2280 3142 Viaje
2305 3088 2371 3130 de
2392 3086 2580 3141 Felipe
2599 3086 2667 3129 II
2677 3086 2710 3129 ά
2730 3086 2970 3139 Inglate·

503 3167 615 3210 rra,
635 3168 760 3212 pag.
781 3157 853 3202 32.

585 3228 600 3259 ¹
660 3228 809 3273 Hanc
827 3230 1226 3273 advocationem
1245 3230 1427 3274 habuit
1447 3235 1569 3274 tunc
1585 3231 1808 3275 ecclesia
1828 3230 2046 3285 collegii
2071 3230 2452 3281 vallisoletanu
2471 3229 2564 3273 sed
2584 3240 2703 3273 enm
2721 3231 2974 3284 temporis

502 3300 723 3344 decursu
742 3301 967 3345 mutavit
986 3301 1037 3344 in
1060 3300 1249 3347 Sancti
1270 3300 1491 3355 Ignatii.

584 3371 607 3403 ⁸
661 3370 766 3425 Sic,
788 3378 867 3416 est
890 3379 1065 3416 tamen
1084 3384 1255 3417 sermo
1276 3373 1339 3416 de
1360 3373 1657 3417 marchione
1680 3372 1741 3416 de
1764 3373 1975 3418 Viiiena
2003 3374 2144 3417 “Don
2177 3374 2456 3417 Francisco
2485 3372 2722 3417 Pacheco
2741 3386 2774 3429 y
2801 3372 2968 3417 Roba-

499 3444 643 3497 diila,
665 3450 850 3489 enarro
870 3444 1039 3500 daque
1058 3446 1121 3487 de
1142 3444 1420 3498 Escalona,
1434 3458 1673 3501 marques
1694 3447 1756 3490 de
1780 3447 1988 3490 villena
2009 3460 2043 3503 y
2064 3446 2127 3489 de
2147 3445 2318 3501 Moyn.
2339 3446 2501 3489 conde
2523 3446 2585 3489 de
2607 3445 2825 3499 Jiqnena
2845 3458 2880 3501 y
2903 3446 2966 3489 de

503 3516 607 3560 San
626 3516 861 3560 Esteban
881 3517 943 3560 de
965 3516 1187 3561 Gor-maz
1208 3530 1243 3574 y
1263 3520 1417 3563 senor
1436 3519 1497 3561 de
1520 3518 1786 3563 Belmonte
1807 3532 1843 3576 y
1860 3520 1924 3563 de
1945 3531 2004 3563 su
2035 3520 2216 3570 tierra3
2238 3520 2322 3563 fue
2352 3520 2616 3563 cabaiiero
2637 3518 2698 3561 de
2719 3529 2852 3572 gran
2875 3530 2966 3563 vn·

501 3590 579 3631 lor
599 3600 635 3643 y
655 3598 777 3644 muy
798 3589 1095 3632 relevantes
1116 3590 1353 3643 prendas.
1374 3590 1507 3633 Caso
1528 3602 1624 3634 con
1646 3590 1794 3635 Dona
1816 3590 1983 3643 Juana
2003 3590 2176 3635 Lucas
2196 3591 2258 3633 de
2275 3590 2484 3637 Toiedo.
2499 3591 2608 3645 hija
2628 3591 2691 3633 de
2711 3590 2826 3634 Don
2844 3590 2966 3634 Fer·

498 3660 685 3711 nando.
706 3666 889 3705 cuarto
908 3660 1068 3703 conde
1089 3660 1151 3703 de
1171 3659 1419 3715 oropesa.
1440 3674 1471 3717 y
1494 3663 1556 3705 de
1578 3662 1725 3706 Dona
1750 3662 1958 3707 Beatriz
1979 3664 2040 3707 de
2059 3662 2274 3718 Moru-oy
2295 3674 2330 3718 y
2348 3663 2412 3706 de
2435 3663 2624 3718 Ayala‚
2657 3662 2880 3709 condes·
2901 3666 2966 3709 de

500 3731 783 3785 Deieitosn,
804 3745 839 3788 y
860 3734 1025 3776 mario
1042 3744 1108 3776 en
1127 3733 1155 3775 2
1174 3734 1235 3776 de
1258 3734 1409 3777 Abril
1430 3734 1493 3777 de
1517 3734 1664 3787 isat„
1684 3735 1911 3785 Euneos,
1933 3734 2136 3779 Blason
2157 3736 2223 3778 de
2239 3734 2480 3790 Εεραῆα,
2503 3744 2536 3778 t.
2559 3746 2610 3788 u,
2630 3747 2752 3791 pag.
2769 3736 2868 3781 317.

581 3804 603 3835 ³
656 3803 790 3847 Vide
811 3814 985 3858 cupra.
1005 3805 1237 3858 pagnd55,
1258 3804 1421 3849 n.971.
1452 3798 1459 3805 ’

578 3878 603 3909 ⁴
654 3875 769 3919 Don
790 3874 1034 3919 Gutierre
1058 3875 1264 3931 vargas
1286 3876 1347 3919 de
1368 3877 1638 3933 Carvajai.
1659 3878 1793 3922 Vide
1812 3890 1990 3933 supra.
2013 3888 2050 3922 t.
2071 3890 2146 3932 111,
2169 3890 2287 3933 pag.
2307 3880 2392 3922 365
2409 3886 2462 3923 et
2480 3878 2578 3922 360.

576 3948 599 3979 ³
653 3947 883 3991 Didneus
900 3948 962 3991 de
988 3949 1160 3992 Alaba
1178 3956 1231 3992 et
1250 3948 1518 4003 Esquiveh
1536 3950 1601 3993 de
1622 3962 1721 4004 quo
1736 3952 1845 4003 jam
1862 3952 2072 4005 saepius
2094 3952 2144 3993 in
2164 3953 2262 3995 hoe
2283 3951 2552 3995 Chronico.

578 4018 603 4050 ⁸
655 4018 797 4063 “Don
814 4018 947 4071 Juan
968 4019 1030 4062 de
1050 4021 1103 4063 la
1124 4020 1311 4071 Cerda.
1332 4027 1517 4065 (κιαι-ιο
1539 4023 1708 4077 daque
1726 4022 1789 4066 de
1802 4021 2126 4074 Media-oceli.
2146 4034 2388 4078 mar-quen
2405 4024 2470 4067 de
2491 4024 2788 4080 cogolludo.
2800 4027 2964 4069 conde

496 4092 580 4133 del
602 4089 790 4134 Pnerto
812 4091 875 4134 de
898 4090 1063 4136 santa
1082 4091 1265 4143 Maria.
1287 4094 1633 4138 comendador
1651 4094 1714 4138 de
1736 4094 1964 4139 Socobos
1983 4106 2047 4138 en
2066 4096 2118 4138 la
2138 4096 2297 4138 orden
2319 4096 2380 4139 de
2401 4094 2673 4150 Santiago.
2695 4098 2964 4141 cabaiiero

496 4164 559 4205 de
582 4174 715 4216 gran
735 4163 886 4207 valor
906 4165 957 4206 al
978 4163 1204 4207 servicio
1225 4164 1287 4207 de
1312 4162 1487 4219 Felipe
1503 4164 1567 4218 11,
1590 4176 1685 4219 por
1703 4167 1855 4220 quien
1875 4165 1958 4210 fue
1979 4167 2264 4211 nombrado
2283 4168 2436 4223 virey
2455 4180 2490 4223 y
2512 4169 2725 4222 capitan
2747 4170 2961 4223 general

496 4235 577 4277 del
598 4236 743 4277 reino
760 4235 825 4278 de
848 4234 1027 4279 Sicilia
1048 4248 1081 4291 y
1102 4237 1185 4279 del
1204 4236 1267 4279 de
1288 4236 1551 4289 Navarra,
1570 4239 1902 4291 gobernador
1921 4239 1983 4281 de
2005 4240 2082 4283 ios
2102 4238 2283 4283 Paises
2305 4238 2478 4294 Bajoa,
2498 4241 2764 4295 consejero
2784 4242 2848 4285 de
2868 4242 2962 4285 Eu-

496 4306 619 4351 tado
646 4320 681 4363 y
712 4307 1045 4363 mayordomo
1076 4319 1261 4364 mayor
1280 4309 1342 4352 de
1372 4312 1425 4353 ia
1456 4310 1617 4353 Reina
1647 4309 1797 4354 Dona
1816 4310 1983 4355 Maria
2016 4313 2125 4356 Ana
2153 4312 2218 4355 de
2239 4314 2475 4365 Auerna,
2497 4320 2682 4357 cunr-ta
2712 4317 2876 4370 mujer
2896 4318 2962 4361 de

493 4379 641 4432 aquei
664 4389 925 4431 monarcn,
949 4386 1064 4433 etc..
1088 4388 1170 4424 etc
1192 4393 1205 4434 ;
1228 4382 1393 4424 mutio
1412 4392 1474 4425 en
1490 4380 1690 4427 Madrid
1710 4384 1759 4426 el
1772 4383 1861 4426 dia
1881 4384 1896 4426 1
1920 4382 1981 4426 de
1999 4384 2198 4438 Agosto
2213 4384 2276 4428 de
2295 4385 2444 4438 1⁵75„
2461 4385 2678 4440 Burgus.
2697 4390 2732 4431 1.
2749 4400 2805 4440 c..
2829 4396 2866 4437 t.
2885 4400 2961 4442 iv,

493 4460 615 4504 pag.
634 4450 705 4495 73.

574 4521 596 4553 ⁷
650 4522 793 4567 “Don
814 4524 1005 4569 Gomez
1026 4525 1219 4568 Suarez
1236 4526 1297 4569 de
1322 4524 1598 4581 Figueroa,
1615 4528 1722 4581 hijo
1740 4528 1971 4582 secundo
1991 4528 2054 4571 de
2077 4528 2189 4572 Don
2211 4528 2446 4573 Lorenzo
2467 4528 2660 4573 suarez
2683 4530 2744 4573 de
2768 4530 2958 4585 Figue·

494 4606 589 4638 τοι
608 4607 641 4649 y
665 4595 807 4639 Dona
826 4596 1071 4641 Catalina
1091 4596 1395 4642 Fernnndez
1415 4598 1477 4642 de
1499 4599 1753 4653 cordoba,
1776 4600 1956 4654 quinto
1975 4603 2138 4645 conde
2157 4614 2192 4657 y
2211 4602 2406 4655 primer
2423 4602 2591 4657 duque
2611 4603 2673 4646 de
2697 4600 2872 4655 Ferit.
2893 4604 2958 4647 de

492 4677 626 4723 enyo
646 4669 812 4721 titulo,
832 4680 926 4711 con
947 4669 1211 4722 granden
1230 4670 1293 4713 de
1315 4669 1527 4725 Espafia
1546 4678 1818 4725 perpetua,
1839 4674 1889 4714 le
1911 4672 1995 4715 fue
2014 4673 2260 4726 espedida
2283 4674 2411 4719 Real
2431 4677 2612 4721 cedul-
2631 4688 2695 4720 en
2715 4678 2769 4721 ²8
2787 4678 2850 4723 de
2871 4678 2960 4722 Se.

493 4740 713 4783 tiembre
738 4741 799 4784 de
823 4740 943 4795 1567,
964 4743 1117 4785 senor
1138 4741 1198 4785 de
1220 4743 1298 4786 ias
1318 4744 1474 4788 villas
1506 4744 1569 4787 de
1590 4744 1765 4797 Zaira,
1794 4746 2115 4799 Almendrnl,
2137 4745 2436 4799 Salvaleon,
2468 4747 2622 4794 Oliva
2643 4763 2676 4806 y
2699 4750 2958 4796 salvatio·
