3742 5392
1645 454 1776 515 ΑΝ.
1819 452 1959 515 1554
2922 454 3035 513 433

555 602 1033 668 confessionis
1082 609 1150 665 et
1200 600 1716 665 benedictionis
1765 600 2226 681 accipiendae
2283 601 2521 681 gratia
2572 600 2895 664 homines
2945 618 3030 663 eo

551 708 1044 787 confluebant3
1076 708 1442 789 progressi
1472 716 1635 771 sunt
1664 706 1918 771 deinde
1947 707 2038 770 ad
2069 708 2211 771 alia
2239 708 2399 771 loca
2428 706 2641 772 simili
2687 725 2850 772 cum
2891 706 3031 771 fru-

565 825 708 895 ctu,
741 816 861 897 qui
888 815 1020 879 fuit
1047 832 1192 879 non
1224 815 1456 879 minus
1486 830 1700 894 quam
1728 813 1897 877 alibi
1926 812 2262 894 copiosus
2288 814 2362 877 in
2402 814 2663 895 oppido
2703 813 3032 878 Mondra·

557 940 714 1003 gon
744 932 814 989 et
844 922 918 987 in
946 922 1206 1004 oppido
1251 921 1655 1002 Azpeitiae;
1707 938 1842 984 nec
1894 922 1967 984 in
2017 920 2154 985 illis
2198 922 2559 985 montibus
2607 922 2730 984 alii
2781 929 3035 985 cantus

557 1047 784 1112 -quam
815 1030 1048 1093 Pater
1075 1029 1346 1093 Noster
1375 1038 1446 1092 et
1476 1028 1660 1092 aliae
1691 1027 2053 1091 orationes
2082 1027 2579 1092 audiebantur.

689 1136 834 1201 930.
918 1135 996 1200 P.
1030 1135 1504 1200 Provincialis
1533 1133 1774 1199 Araoz
1802 1133 2199 1214 Collegium
2236 1134 2411 1198 illud
2449 1133 2860 1216 Ognatense
2896 1137 3033 1201 hac

559 1252 842 1309 -aestate
873 1243 1145 1306 invisit:
1179 1260 1343 1305 cum
1371 1242 1560 1305 enim
1586 1240 1951 1321 Princeps,
2000 1258 2184 1322 quae
2228 1258 2453 1322 regna
2482 1240 2873 1322 Hispaniae
2910 1259 3033 1323 gu-

573 1351 944 1429 bernabat,
997 1350 1300 1433 Joanna,
1355 1348 1864 1413 monasterium
1901 1347 2259 1429 quoddam
2298 1348 2708 1415 monialium
2751 1348 3039 1413 Ordinis

564 1457 694 1523 ·S.t¹
733 1457 1104 1522 Francisci
1142 1454 1649 1535 (discalceatus
1690 1454 1979 1533 vocant)
2019 1455 2388 1519 instituere
2426 1455 2760 1519 Madridii
2798 1456 3036 1536 vellet,

577 1564 870 1629 amitam
897 1562 976 1627 P.
1008 1563 1067 1627 F
1069 1562 1379 1626 rancisci
1400 1560 1730 1642 Borgiae,
1756 1578 2065 1643 magnae
2088 1562 2489 1626 sanctitatis
2513 1580 2600 1626 ac
2622 1561 3039 1644 prudentiae

575 1672 960 1736 foeminam
995 1670 1034 1750 ⁸,
1070 1686 1442 1734 accersere
1471 1686 1561 1732 ex
1590 1668 1824 1735 Domo
1856 1668 2175 1749 Reginae
2208 1667 2255 1749 ²,
2282 1685 2423 1750 quo
2446 1686 2609 1733 eam
2630 1671 2914 1735 venisse
2944 1672 3041 1735 di-

577 1780 812 1843 ximus
841 1776 888 1855 ⁸‚
924 1777 1015 1842 ad
1047 1776 1238 1842 aliud
1267 1777 1495 1841 simile
1519 1776 2031 1845 monasterium
2054 1777 2561 1842 instituendum
2582 1779 2830 1856 voluit,
2858 1789 2927 1843 et
2950 1779 3041 1842 ad

580 1886 651 1949 id
703 1903 864 1949 cum
919 1884 1341 1948 accessisset
1389 1884 1464 1947 P.
1499 1883 1739 1947 Araoz
1769 1884 1859 1946 ad
1898 1883 2341 1963 praedictam
2378 1883 2697 1965 Reginae
2736 1884 3041 1949 Domum

580 1992 946 2073 (oppidum
976 1990 1148 2055 illud
1176 2003 1284 2055 est
1315 1990 1611 2054 Comitis
1641 1990 1916 2054 stabilis
1944 1988 1969 2021 ⁴
1998 2008 2220 2072 prope
2250 2008 2380 2073 pro
2392 1992 2702 2055 vinciam
2742 1992 3044 2074 Guipuz-

581 2100 780 2179 coae)
810 2100 972 2163 inde
1002 2099 1093 2163 ad
1124 2106 1554 2178 ognatenses
1577 2096 1915 2161 visendos
1938 2114 2365 2181 progressus
2390 2110 2519 2173 est,

701 2207 844 2272 931.
935 2206 1112 2271 Cum
1144 2216 1380 2270 autem
1413 2206 1486 2268 in
1525 2221 1750 2283 regno
1795 2202 2169 2273 Navarrae
2210 2207 2281 2269 in
2321 2206 2616 2281 civitate
2666 2207 2871 2287 Olite,
2929 2209 3049 2290 qui

583 2314 888 2395 populus
917 2314 990 2376 in
1022 2331 1105 2376 eo
1137 2330 1360 2393 regno
1389 2312 1645 2375 nobilis
1672 2320 1802 2390 est,
1837 2311 2157 2377 medicus
2186 2312 2477 2394 quidam
2507 2314 2825 2378 olitensis
2862 2334 3045 2380 com-

585 2422 838 2485 modas
867 2420 1215 2502 quasdam
1246 2419 1518 2496 domos,
1553 2436 1730 2499 quas
1773 2420 1871 2482 ibi
1913 2418 2244 2498 habebat,
2280 2418 2371 2485 ad
2410 2421 2804 2501 Collegium
2854 2424 3047 2488 insti-

585 2528 924 2593 tuendum
965 2526 1287 2605 offerret;
1329 2527 1564 2589 visum
1601 2536 1709 2589 est
1750 2525 1828 2589 P.
1870 2526 2111 2591 Araoz
2160 2525 2596 2592 Provinciali
2642 2546 2729 2592 eo
2774 2530 3051 2595 mittere

583 2635 662 2699 P.
696 2634 1116 2699 Michaelem
1145 2642 1220 2697 ut
1251 2650 1370 2696 res
1397 2633 1803 2714 inspiceret,
1837 2642 1940 2713 et,
1971 2642 2257 2713 praeter
2288 2634 2607 2710 domum,
2643 2654 2826 2717 quae
2865 2655 3051 2701 com-

586 2742 894 2808 moditas
919 2742 1010 2805 ad
1040 2740 1438 2821 Collegium
1464 2741 1973 2805 instituendum
2012 2749 2200 2805 esset
2246 2741 2578 2821 referret;
2610 2753 2683 2807 at
2722 2746 3053 2823 quamvis

583 2852 854 2914 nullum
882 2860 1068 2913 esset
1099 2847 1493 2927 Collegium
1522 2846 1900 2911 Societatis
1931 2847 2003 2911 in
2030 2864 2116 2909 eo
2149 2860 2397 2927 regno,
2422 2859 2493 2912 et
2522 2850 2698 2913 satis
2724 2861 3051 2931 opportu-

587 2974 722 3021 nus
750 2958 813 3020 is
840 2958 1041 3020 locus
1071 2966 1280 3033 esset,
1315 2955 1505 3036 quod
1533 2963 1818 3018 caetera
1857 2956 2266 3018 necessaria
2297 2970 2439 3019 non
2468 2956 2761 3036 perinde
2804 2974 3049 3039 suppe-

581 3073 850 3141 terent,
885 3064 1138 3127 domus
1169 3062 1525 3126 admissae
1554 3078 1700 3123 non
1727 3060 2038 3125 fuerunt.

705 3170 848 3235 932.
935 3169 1230 3250 Recepit
1258 3168 1334 3233 P.
1367 3168 1612 3231 Araoz
1641 3168 1940 3246 litteraS,
1975 3186 2155 3249 quas
2185 3170 2249 3232 ei
2280 3171 2589 3252 scriptas
2612 3171 2979 3234 retulimus
3006 3170 3051 3247 ⁸,

575 3280 779 3342 circa
810 3277 1224 3358 provinciae
1255 3276 1679 3339 divisionem
1710 3282 1779 3338 et
1811 3274 2119 3339 officium
2146 3274 2560 3341 instituendi
2587 3277 2886 3341 Infantis
2928 3278 3025 3341 Ca
3038 3314 3059 3359 ·.

587 3386 745 3463 reli,
780 3386 867 3449 de
898 3402 1036 3465 qua
1075 3402 1153 3447 re
1198 3383 1271 3445 P.
1313 3383 1668 3463 Ignatium
1708 3400 1853 3446 non
1892 3382 2399 3463 admonuerat;
2443 3385 2568 3449 sed
2606 3386 2721 3449 ille
2766 3402 3059 3450 excusa-

587 3492 782 3557 tione
830 3507 1126 3573 prorsus
1175 3490 1504 3568 honesta,
1562 3487 1748 3569 quod
1800 3489 1892 3552 ad
1948 3489 2087 3553 hoc
2136 3492 2515 3571 posteriuS‚
2576 3492 2960 3556 immunem
3019 3512 3056 3555 a

592 3603 799 3681 culpa
839 3617 916 3663 se
957 3598 1286 3675 ostendit;
1331 3596 1756 3660 divisionem
1807 3606 2045 3661 autem
2095 3600 2532 3680 provinciae,
2574 3610 2651 3664 ut
2693 3601 3059 3681 perutilem

587 3707 934 3773 'Societati
975 3704 1448 3783 agnoscebat,
1490 3703 1590 3767 ita
1639 3704 2127 3782 gratissimam
2171 3724 2247 3769 se
2286 3706 2548 3771 habere
2588 3706 3061 3787 significabat:

595 3816 784 3897 quod
827 3814 1083 3877 attinet
1120 3812 1336 3875 etiam
1383 3811 1474 3874 ad
1515 3809 1838 3874 favorem
1890 3810 2163 3877 Simoni
2212 3814 2667 3895 praestitum,
2712 3816 3062 3879 sinceram

591 3938 800 3985 suam
831 3920 1293 3984 intentionem
1325 3917 1657 3982 ostendit.

640 4136 1031 4147 -—-—-—-—-—————

679 4276 698 4307 ¹
753 4271 1029 4317 Elisabeth
1049 4271 1112 4313 de
1131 4269 1290 4324 Borja
1311 4276 1361 4312 et
1379 4268 1642 4323 Euriquez
1658 4300 1669 4319 .
1692 4279 1824 4322 quae
1840 4300 1851 4319 ,
1875 4274 2150 4323 postquam
2173 4271 2478 4324 religionem
2503 4272 2737 4326 ingressa
2760 4274 2882 4327 suit,
2906 4274 3071 4318 Fran-

605 4347 748 4390 ciscn
766 4355 799 4388 a
819 4344 942 4397 Jesu
971 4343 1242 4398 appellata.
1259 4348 1357 4385 est.
1379 4342 1514 4384 Vide
1533 4340 1670 4385 infra
1688 4373 1698 4393 ,
1721 4352 1771 4385 ιι.
1794 4340 1893 4383 944.

681 4417 705 4449 ²
759 4414 1042 4471 Hispanice
1075 4414 1210 4457 Casa
1240 4414 1308 4456 de
1337 4413 1392 4456 la
1425 4412 1622 4456 Reina.

680 4490 704 4522 ⁵
759 4488 927 4543 supra
943 4520 954 4541 ‚
977 4493 1016 4531 t.
1038 4497 1092 4535 ιι.
1111 4497 1230 4540 pag.
1251 4485 1348 4537 611.
1369 4496 1420 4529 n.
1443 4485 1538 4528 448.

680 4563 705 4595 ⁴
760 4559 948 4604 Petrus
967 4557 1271 4602 Fernnndez
1293 4557 1354 4599 de
1377 4556 1620 4607 Veluco.
1637 4556 1755 4603 Dux
1775 4558 1840 4602 de
1861 4558 2015 4602 Frias
2032 4590 2044 4612 ,
2066 4558 2253 4603 Comes
2272 4562 2503 4616 stabilis,
2527 4560 2709 4606 Comes
2730 4563 2951 4612 stabuli.
2978 4562 3073 4605 Co-

599 4632 891 4678 mutabilis
909 4628 1300 4685 (Condestabte)
1321 4628 1603 4681 castellae,
1621 4630 1684 4673 de
1707 4640 1806 4685 quo
1827 4630 2034 4685 saepius
2054 4640 2225 4675 sermo
2248 4632 2431 4677 incidit
2450 4644 2625 4688 supra,
2648 4640 2685 4677 t.
2708 4644 2745 4677 ιι
2776 4642 2826 4677 et
2848 4645 2930 4676 111.

685 4702 709 4736 ⁵
765 4703 950 4757 Supra,
973 4712 1094 4755 pag.
1113 4700 1210 4753 386,
1233 4711 1282 4743 n.
1303 4700 1402 4743 833.

825 4792 904 4852 Τ.
947 4808 1031 4847 ιν.
2722 4797 2790 4851 28
