3742 5392
1662 470 1791 529 ΑΝ.
1840 470 1980 528 1554
2956 469 3060 579 199

702 614 844 679 208.
932 613 1138 693 Quod
1166 613 1260 678 ad
1288 615 1686 695 spiritualia
1716 616 2064 679 exercitia
2095 616 2346 680 attinet
2364 664 2379 694 ,
2413 615 2500 679 de
2530 615 2786 695 quibus
2818 614 3052 677 admo·

583 723 871 786 nuimus
902 722 1229 802 superius
1262 721 1277 752 ¹
1312 722 1497 802 quod
1528 721 1603 786 P.
1645 723 1967 803 Ignatius
2011 723 2361 786 rationem
2408 722 2540 785 sibi
2581 720 2780 785 reddi
2819 722 3056 784 volue—

590 837 729 907 rat,
782 846 997 909 quam
1046 830 1285 893 multis
1327 830 1598 893 scilicet
1642 839 2250 909 proponerentur,
2303 828 2668 892 Bononiae
2717 843 2862 891 non
2913 827 3054 890 exi-

576 954 799 1016 guam
830 953 1137 1000 messem
1167 934 1243 999 Ρ.
1268 936 1659 1000 Francisco
1686 934 1956 1000 Palmio
1981 935 2454 1015 praebebant;
2480 952 2647 998 nam
2669 934 3054 1015 aliquando

587 1043 963 1108 duodecim
990 1043 1197 1107 simul
1227 1044 1779 1122 exercebantur,
1814 1044 1999 1106 inter
2042 1058 2224 1123 quos
2267 1058 2451 1105 unus
2493 1041 2834 1105 sacerdos
2875 1050 3051 1119 erat,

587 1149 729 1214 duo
758 1152 1203 1227 saeculareS,
1235 1150 1488 1229 reliqui
1514 1150 1843 1215 foeminei
1887 1166 2138 1228 sexus;
2186 1148 2312 1211 sed
2353 1149 2539 1212 bona
2580 1166 2671 1212 ex
2708 1158 2910 1228 parte
2950 1166 3055 1211 re·

581 1257 819 1336 ligiosi
868 1258 1251 1338 aliquando
1299 1257 1547 1321 decem
1601 1269 1671 1319 et
1722 1266 1884 1320 octo
1934 1257 2141 1320 simul
2192 1256 2744 1325 exercebantur.
2792 1265 2858 1319 et
2911 1272 3054 1318 non

582 1362 1051 1443 poenitendus
1097 1362 1371 1427 fructus
1421 1364 1560 1427 hac
1610 1365 1887 1427 ratione
1929 1364 2001 1427 in
2046 1365 2429 1428 multorum
2467 1363 2724 1427 animis
2773 1363 3055 1440 collige—

588 1471 823 1533 batur.

696 1575 836 1641 209.
919 1577 1101 1641 Cum
1147 1578 1495 1657 operariis
1540 1576 1893 1657 indigeret
1935 1577 2377 1641 Bononiense
2415 1576 2840 1656 Collegium,
2890 1576 3050 1638 mis-

580 1702 703 1748 sus
750 1694 859 1749 aet
894 1683 969 1748 P.
1013 1685 1457 1765 Augustinus
1499 1684 1705 1764 Riva,
1751 1686 1870 1765 qui
1919 1685 2241 1764 Eugubio
2291 1685 2474 1749 inter
2532 1684 2710 1747 alios
2759 1683 3054 1747 eductus

582 1791 809 1855 fuerat
849 1792 1001 1872 qui,
1045 1810 1207 1857 cum
1256 1809 1475 1856 senex
1525 1803 1747 1867 esset,
1790 1800 1860 1855 et
1911 1792 2103 1855 domi
2141 1792 2451 1871 aliquam
2489 1800 2896 1855 nostrorum
2937 1807 3054 1853 cu-

586 1915 737 1962 ram
791 1899 1133 1978 habebat,
1196 1908 1266 1961 et
1313 1898 1489 1963 foris
1553 1899 2116 1963 confessionibus
2177 1898 2548 1962 audiendis
2597 1906 2665 1960 et
2723 1897 3052 1978 operibus

584 2005 867 2085 pietatis
914 2023 1207 2087 operam
1255 2006 1491 2078 daban
1549 2023 1717 2069 nam
1747 2014 1817 2069 et
1857 2006 2108 2086 aliqui,
2156 2005 2275 2085 qui
2324 2006 2720 2068 simultates
2770 2012 2842 2067 et
2889 2004 3052 2067 odia

582 2114 801 2176 multa
832 2113 1283 2190 exercebant,
1314 2122 1723 2201 nostrorum
1754 2129 1969 2193 opera
2001 2114 2183 2176 inter
2223 2130 2300 2175 se
2343 2112 2701 2175 conciliati
2741 2111 3050 2189 fuerunt;

580 2227 652 2283 et
678 2236 803 2300 per
832 2220 1350 2283 restitutionem
1386 2220 1653 2283 factam
1692 2220 2162 2300 quorumdam
2203 2218 2681 2282 conscientiae
2713 2234 3056 2281 exonera·

578 2336 717 2403 tae;
750 2342 881 2389 nec
912 2326 1122 2407 pauci
1152 2346 1195 2389 a
1224 2327 1539 2406 peccatis
1570 2327 1660 2390 ad
1691 2328 1915 2390 vitam
1940 2326 2347 2389 christianis
2377 2326 2668 2404 dignam
2694 2326 3051 2405 agendam

572 2442 647 2495 et
673 2447 1127 2497 sacramenta
1154 2433 1671 2514 frequentanda
1701 2434 1990 2497 adducti
2022 2442 2186 2495 sunt
2215 2433 2258 2490 ¹.

692 2538 835 2603 210.
922 2538 1121 2603 Haec
1152 2539 1627 2620 frequentatio
1650 2549 2265 2604 sacramentorum
2297 2538 2657 2603 Bononiae
2691 2554 3055 2619 oppugna-

578 2657 651 2709 ta
680 2648 817 2710 hoc
862 2663 1049 2710 anno
1100 2646 1233 2710 fuit
1261 2648 1398 2711 hac
1439 2648 1738 2710 ratione.
1773 2645 1938 2711 Duo
1969 2646 2256 2727 quidam
2287 2646 2645 2725 homines,
2679 2646 2800 2725 qui
2827 2646 3054 2709 vitam

578 2752 1064 2817 heremiticam
1121 2755 1241 2818 diu
1301 2763 1629 2833 egerant,
1676 2765 1879 2817 extra
1929 2754 2213 2831 urbem,
2259 2762 2331 2817 et
2381 2752 2634 2817 deinde
2688 2752 3054 2817 Bononiae

577 2860 991 2923 habitabant
1017 2858 1063 2939 ³,
1096 2870 1167 2923 et
1195 2877 1533 2941 magnam
1561 2861 1961 2924 sanctitatis
1992 2860 2186 2939 apud
2217 2849 2560 2941 populum
2591 2860 3051 2923 existimatio-

574 2984 735 3031 nem
762 2967 955 3031 nacti
984 2960 1209 3045 erant,
1243 2976 1532 3047 propter
1559 2985 1773 3048 quam
1803 2976 1873 3030 et
1901 2966 2306 3048 frequentes
2331 2967 2653 3030 homines
2683 2966 3051 3047 utriusque

574 3090 788 3137 sexus
836 3090 961 3137 eos
1010 3074 1443 3138 invisebant:
1485 3074 1589 3153 hi,
1644 3075 1968 3155 inquam,
2023 3076 2208 3137 hanc
2257 3084 2868 3137 sacramentorum
2919 3072 3050 3137 sre-

562 3180 935 3260 quentiam
963 3181 1480 3261 reprehendere
1511 3190 1905 3261 coeperunt
1925 3180 2074 3261 jam
2105 3181 2269 3244 inde
2299 3180 2388 3243 ab
2419 3198 2502 3243 eo
2533 3188 2874 3261 tempore,
2910 3198 3052 3261 quo

582 3287 831 3351 Patres
860 3288 1201 3353 Claudius
1226 3298 1295 3351 et
1339 3287 1768 3351 Paschasius
1805 3288 2170 3353 Bononiae
2203 3287 2702 3366 versabantur,
2744 3288 2864 3367 qui
2901 3305 3052 3351 sae-

576 3395 733 3475 pius
762 3393 941 3459 duos
968 3395 1105 3457 hos
1136 3394 1329 3457 viros
1358 3403 1867 3473 convenerunt,
1901 3393 2026 3458 sed
2056 3411 2417 3475 nunquam
2459 3395 2844 3458 convenire
2888 3410 3051 3457 cum

572 3502 749 3582 ipsis
775 3511 1179 3581 potuerunt.
1212 3500 1317 3565 llli
1346 3517 1521 3581 ergo
1551 3500 2008 3581 praecedenti
2037 3519 2226 3565 anno
2257 3512 2326 3565 et
2365 3502 2502 3565 hoc
2552 3501 3050 3582 quinquagesi-

656 3770 673 3801 ¹
730 3768 915 3824 snpra,
936 3780 1057 3823 pag.
1078 3768 1147 3822 95,
1172 3778 1219 3812 n.
1242 3768 1336 3814 174.

650 3841 675 3873 ¹
727 3839 1023 3897 Scripserat
1055 3841 1267 3897 quidam
1298 3841 1482 3895 frater,
1517 3839 1830 3885 Franciscns
1863 3841 2083 3894 nomine,
2123 3840 2340 3885 Romam
2375 3841 2438 3885 de
2471 3842 2572 3885 hac
2609 3841 2968 3895 operariorum
2998 3842 3050 3887 in

556 3911 878 3959 Bononiensi
900 3912 1130 3967 Collegio
1151 3913 1383 3968 penuria,
1404 3912 1486 3956 cui
1521 3913 1667 3966 haec,
1692 3923 1758 3955 ex
1791 3924 1942 3965 com„
1973 3914 2250 3967 respondet
2286 3912 2560 3965 Polancns,
2589 3912 2735 3957 Patri
2768 3912 3048 3959 Francisco

574 3985 769 4029 Palmio
786 3984 1034 4029 scribens:
1059 3985 1152 4029 «Al
1171 3984 1381 4028 fratello
1402 3983 1465 4028 M.
1490 3982 1781 4028 Francesco
1804 3995 1904 4028 non
1927 3985 2185 4029 accadera
2207 3987 2350 4029 nitra
2370 3985 2662 4040 particolar
2683 3986 2930 4039 risposta.
2953 3985 3048 4031 Lni

564 4056 813 4111 ‘nidlebus
830 4064 885 4101 et
908 4058 1037 4100 bene
1056 4056 1153 4100 che
1176 4054 1239 4099 V.
1260 4054 1322 4099 R.
1338 4055 1525 4100 dovria
1543 4066 1687 4100 esser
1706 4056 1972 4111 alligerlto
1988 4058 2124 4101 nelle
2139 4056 2446 4101 confessioni
2465 4068 2556 4110 per
2570 4062 2756 4111 pnoter
2773 4057 3050 4101 attendere

570 4130 623 4173 al
642 4128 911 4183 predicare
932 4136 985 4171 et
1003 4127 1130 4172 altri
1164 4126 1423 4171 essercizii
1460 4128 1510 4171 di
1546 4128 1735 4182 studio,
1756 4137 1810 4172 et
1840 4128 1890 4172 di
1912 4139 2016 4184 qna
2050 4140 2178 4184 pare
2200 4128 2364 4173 etiam
2384 4130 2421 4172 il
2454 4129 2750 4183 medesimo,
2783 4135 2837 4173 et
2857 4140 2952 4184 per
2973 4131 3050 4173 tal

560 4200 743 4245 effetto
764 4200 809 4245 si
830 4202 1015 4243 mando
1034 4200 1085 4245 dl
1107 4200 1158 4244 ln
1176 4198 1216 4244 il
1236 4198 1429 4244 Dottor
1463 4200 1757 4253 Augustino
1792 4205 1845 4244 et
1883 4200 1927 4243 si
1963 4200 2071 4244 fece
2107 4200 2383 4244 sacerdote
2412 4199 2478 4245 M.
2510 4199 2794 4246 Francisco
2837 4200 3049 4246 Parme-

562 4280 780 4321 senmet
798 4272 945 4319 secio
964 4272 1000 4315 il
1020 4272 1187 4326 primo
1207 4282 1303 4315 con
1323 4271 1415 4326 pin
1430 4272 1764 4326 intelligenza
1785 4279 1838 4316 et
1858 4272 2172 4325 experienza
2191 4277 2398 4327 potesse
2422 4277 2654 4317 trattare
2674 4274 2722 4317 le
2744 4284 2862 4317 cose
2890 4273 3052 4317 inter·

566 4356 646 4397 ne,
664 4343 837 4399 pou-ia
854 4344 938 4388 far
957 4344 1025 4387 ini
1046 4350 1213 4387 stesso
1232 4342 1307 4397 gli
1326 4342 1585 4387 essercizii
1605 4344 1883 4397 spirituali,
1905 4330 2081 4398 quagii
2105 4355 2204 4388 non
2224 4344 2292 4389 ha
2323 4345 2460 4388 fatto
2479 4344 2532 4388 in
2561 4344 2740 4389 Roma.
2759 4343 2828 4389 Et
2863 4346 2973 4389 cosi
2993 4346 3046 4389 la

568 4417 627 4461 R.
646 4416 714 4462 V.
737 4416 871 4460 vecla
892 4416 941 4460 di
956 4415 1125 4467 daroeli
1144 4415 1277 4459 detti
1295 4414 1577 4469 esserclzii,
1600 4421 1652 4459 et
1684 4415 1832 4471 dopoi
1854 4416 1928 4470 gu
1950 4416 2118 4461 faccia
2140 4415 2406 4460 intendere
2428 4427 2574 4461 esser
2593 4424 2778 4470 questa
2799 4418 2852 4461 la
2871 4422 3044 4461 mente

560 4490 617 4533 di
636 4488 827 4533 Nostro
848 4486 1016 4531 Padi-e
1038 4486 1115 4529 ch'
1132 4486 1351 4531 attenda
1370 4486 1439 4529 da
1460 4497 1619 4531 senno
1642 4488 1742 4531 alle
1766 4486 2152 4532 confessioni...»
2179 4488 2230 4531 17
2249 4487 2561 4533 Novembris
2584 4488 2708 4533 155⁴.

648 4560 672 4592 ³
724 4559 792 4605 ffl
821 4560 978 4603 fnisse
1014 4558 1257 4602 videntur
1285 4556 1504 4602 Fratres
1537 4556 1805 4602 Eremitae
1850 4556 2076 4603 Sanctae
2111 4558 2310 4603 Mariae
2347 4560 2411 4603 de
2449 4558 2822 4615 Misericordia,
2861 4560 3044 4615 quibus

560 4633 789 4678 ecclesia
809 4630 990 4677 Sancti
1010 4630 1171 4675 Emit
1192 4630 1333 4674 intra
1351 4631 1535 4675 urbem
1560 4628 1823 4675 Bononiae
1843 4630 2117 4685 assignata
2139 4632 2236 4675 hoe
2257 4636 2491 4687 tempore
2509 4631 2702 4677 fuerat.
2722 4631 2858 4675 Vide
2881 4630 3047 4675 euto-

568 4715 667 4747 ιυκ
688 4702 953 4757 Sxoomu,
974 4702 1057 4747 De
1074 4700 1367 4758 Eptsmpis
1382 4700 1835 4755 Bononiensibus,
1852 4701 1943 4747 lib.
1962 4714 2016 4757 V,
2037 4704 2134 4747 eol.
2157 4703 2254 4757 577,
2279 4714 2492 4759 opernm
2523 4708 2648 4749 tom.
2669 4714 2740 4749 ιιι.

3423 5334 3740 5387 ψ--ὲι
