3742 5392
771 483 846 541 66
1687 481 1945 543 Canon.
1987 482 2143 543 Soc.
2182 485 2326 558 Jsss.

771 645 903 692 sua
933 637 1173 692 autem
1199 628 1714 707 benevolentia,
1733 628 1903 692 Dux
1917 629 2301 710 impetrare
2315 646 2499 709 quae
2524 631 2930 694 necessaria
2946 644 3182 697 essent
3200 652 3251 696 a

771 733 952 799 Sede
987 735 1404 815 Apostolica
1434 734 1526 799 ad
1553 735 1742 799 hunc
1772 736 2009 799 locum
2031 734 2371 800 Societati
2398 735 2809 802 donandum
2830 739 3141 818 volebat,
3169 741 3247 802 in·

772 858 910 922 quo
940 850 1214 906 tantum
1235 858 1418 904 unus
1439 843 1556 904 vel
1574 843 1754 907 alter
1777 841 2115 906 sacerdos
2140 841 2451 906 residere
2475 845 2881 908 necessario
2911 843 3235 910 debebat.

895 948 1030 1013 118.
1115 947 1275 1012 Non
1306 948 1733 1013 offerebatur
1762 958 2001 1014 autem
2029 949 2092 1012 is
2128 951 2327 1014 locus
2356 949 2574 1014 libere
2616 959 2685 1014 et
2715 950 3067 1032 absolute,
3113 953 3240 1016 sed

768 1054 859 1119 ad
887 1073 1094 1121 usum
1122 1064 1563 1137 perpetuum,
1606 1056 1704 1120 ita
1745 1065 1822 1119 ut
1859 1073 2223 1137 nunquam
2260 1073 2352 1119 ex
2389 1056 2507 1119 illo
2549 1057 2710 1121 loco
2748 1059 2977 1122 nostri
3012 1077 3247 1122 remo—

765 1163 921 1226 veri
961 1172 1249 1243 possent
1287 1163 1440 1227 sine
1479 1163 1903 1228 auctoritate
1939 1162 2185 1243 Ducis,
2231 1163 2354 1243 qui
2391 1164 2527 1226 hac
2571 1164 2659 1227 de
2702 1182 2781 1228 re
2835 1165 3089 1229 confici
3136 1167 3235 1229 in-

767 1279 1236 1335 strumentum
1285 1270 1593 1351 volebat,
1638 1270 1808 1335 utile
1852 1268 2264 1346 dominium,
2307 1271 2638 1352 quamvis
2677 1288 2823 1334 non
2861 1271 3232 1351 directum,

763 1378 1027 1442 nostris
1085 1375 1580 1456 concedendo;
1639 1377 2095 1441 nihilominus
2148 1377 2417 1440 reditus
2472 1377 2851 1458 putabatur
2912 1379 3096 1443 bona
3146 1398 3245 1443 ex.

765 1493 966 1565 parte
995 1503 1085 1549 ex
1114 1485 1609 1566 eleemosyniS‚
1651 1485 1928 1548 ratione
1956 1483 2557 1564 indulgentiarum
2585 1484 2789 1562 datiS,
2827 1487 3233 1565 provenire;

763 1592 1029 1672 alioqui
1079 1593 1346 1655 nullam
1396 1590 1795 1655 animarum
1843 1608 2092 1654 curam
2140 1591 2469 1671 habebat,
2523 1601 2593 1655 et
2644 1592 2861 1656 libere
2912 1590 3233 1658 Societas

764 1715 895 1762 sua
918 1698 1012 1761 ibi
1043 1715 1377 1762 exercere
1406 1697 1798 1762 ministeria
1827 1706 2131 1777 poterat.
2166 1695 2583 1762 Confratres
2610 1707 2847 1762 autern
2872 1698 2987 1778 jns
3014 1699 3229 1765 domi-

764 1805 866 1869 nii
893 1805 1144 1869 directi
1170 1804 1592 1884 retinebant,
1635 1814 1705 1867 et
1743 1804 2005 1868 ibidem
2043 1821 2212 1868 suas
2249 1805 2609 1868 orationes
2645 1805 2946 1869 dicendi.
2989 1807 3233 1887 Aegre

763 1921 1000 1975 autem
1054 1911 1325 1975 ferebat
1372 1908 1541 1975 Dux
1585 1911 1773 1992 quod
1811 1910 2035 1974 nostri
2075 1920 2583 1975 cunctarentur
2623 1912 2695 1975 in
2736 1913 2872 1976 hac
2915 1914 3229 1978 secunda

762 2019 1064 2083 ecclesia
1105 2035 1263 2082 cum
1315 2036 1443 2081 suo
1494 2017 1634 2086 situ
1690 2018 2151 2096 admittenda;
2206 2017 2332 2082 sed
2376 2036 2532 2082 eam
2585 2017 2661 2080 Ρ.
2712 2019 3055 2101 Ignatius,
3108 2023 3229 2102 qui

761 2126 1108 2207 operariis
1146 2125 1528 2205 indigebat,
1577 2142 1719 2188 non
1757 2124 1896 2188 nisi
1933 2123 2023 2188 ad
2062 2133 2339 2206 tempus
2376 2125 2652 2190 admitti
2690 2125 2944 2190 debere
2988 2145 3224 2192 cense-

758 2235 900 2311 bat,
933 2232 1006 2296 id
1034 2241 1165 2308 est,
1199 2250 1283 2295 ea
1322 2231 1722 2296 conditione
1759 2240 1837 2295 ut
1880 2231 2098 2295 libere
2140 2231 2493 2296 dimittere
2538 2250 2699 2296 eam
2740 2242 2999 2313 posset.
3048 2233 3233 2300 Cum

761 2350 998 2406 autem
1047 2339 1508 2403 intellexisset
1548 2337 1716 2402 Dux
1754 2348 2045 2419 propter
2084 2341 2456 2419 penuriam
2494 2341 2984 2422 operariorum
3027 2359 3223 2406 recu-

759 2465 921 2512 sare
949 2446 1027 2510 P.
1051 2446 1406 2526 ignatium
1429 2446 1935 2510 admissionem
1962 2446 2337 2526 collegioli‚
2365 2445 2552 2528 quod
2574 2448 2645 2509 in
2670 2448 2927 2528 oppido
2952 2448 3225 2530 Argen-

757 2565 874 2618 tae
917 2555 1069 2634 ipse
1107 2553 1377 2619 institui
1420 2552 1768 2633 cupiebat,
1814 2553 2002 2633 quod
2054 2553 2127 2616 in
2173 2553 2379 2616 varia
2430 2555 2586 2618 loca
2638 2555 2864 2619 nostri
2906 2556 3225 2620 mittendi

757 2661 829 2727 id
888 2661 1230 2743 temporis
1285 2669 1542 2740 essent,
1601 2659 1828 2723 voluit
1885 2668 1962 2722 ut
2012 2659 2245 2738 potius
2296 2660 2705 2724 necessitati
2748 2662 2933 2724 illius
2982 2667 3235 2745 populi.

757 2769 1124 2850 Argentae
1181 2769 1702 2842 consuleretur;
1766 2777 1836 2830 et
1892 2767 1993 2830 ita
2048 2784 2189 2830 non
2248 2778 2717 2849 succeperunt
2768 2787 2947 2833 onus
2996 2773 3221 2836 nostri

751 2876 1095 2941 ecclesiae
1123 2874 1249 2939 Sti.
1281 2873 1605 2956 Spiritus,

877 2983 1012 3046 119.
1101 2982 1306 3064 Quod
1337 2982 1587 3046 attinet
1618 2981 1708 3044 ad
1739 2982 2187 3046 fundatorem
2233 2982 2529 3063 Collegii
2565 2983 3069 3062 Ferrariensis,
3114 2991 3221 3049 sic

751 3108 870 3155 res
911 3109 988 3154 se
1028 3089 1260 3153 habet.
1308 3087 1386 3151 P.
1433 3087 1712 3169 ignatio
1751 3088 2126 3152 videbatur
2164 3105 2411 3153 coram
2454 3089 2606 3153 Deo
2649 3090 3013 3156 fundatrix
3061 3111 3217 3158 esse

750 3195 960 3278 hujus
1016 3196 1298 3276 collegii
1352 3194 1663 3259 Domina
1719 3195 1949 3259 Maria
2004 3196 2118 3259 del
2173 3195 2445 3275 Giessi,
2509 3196 2711 3278 cujus
2767 3201 3097 3278 expensis
3149 3211 3217 3264 et

752 3304 1004 3369 domus
1059 3313 1130 3366 et
1197 3303 1498 3366 ecclesia
1560 3301 1848 3383 propria
1908 3302 2224 3383 Collegio
2291 3313 2530 3383 empta
2588 3302 2819 3368 fuerat
2878 3305 3087 3384 (nam
3146 3319 3215 3371 et

749 3410 1054 3474 ecclesia
1104 3410 1260 3490 ipsa
1299 3418 1534 3491 empta
1571 3409 1751 3488 fuit),
1791 3416 1862 3471 et
1901 3409 2000 3472 ita
2042 3407 2117 3472 P.
2166 3410 2482 3489 Ignatius
2520 3427 2650 3491 pro
2700 3429 2806 3490 ea,
2854 3423 2929 3476 ut
2972 3411 3217 3478 funda-

748 3519 948 3598 trice,
981 3517 1240 3580 Missas
1269 3515 1614 3580 celebrari
1639 3515 1848 3596 jussit
1882 3514 1923 3596 ¹,
1957 3533 2145 3592 nam,
2178 3525 2461 3596 praeter
2491 3517 2801 3598 domum,
2834 3536 2962 3582 sua
3002 3521 3215 3586 etiam

747 3725 797 3768 le
819 3723 979 3779 (1376),
1001 3725 1216 3768 essendo
1237 3721 1442 3766 Sommo
1463 3719 1718 3765 Pontefice
1751 3719 2006 3774 Gregorio
2033 3719 2100 3764 xl
2116 3731 2143 3763 e
2166 3719 2434 3766 Marchese
2456 3721 2505 3767 di
2535 3722 2764 3767 Fert-ara
2800 3723 2980 3769 Nicolo
2999 3725 3048 3768 11
3067 3726 3215 3772 detto

746 3797 784 3841 11
799 3795 992 3850 Zoppo.
1013 3795 1098 3839 Ma
1117 3806 1218 3839 non
1237 3795 1281 3838 si
1303 3793 1519 3837 essendo
1539 3793 1624 3845 poi
1647 3793 1916 3836 effettuato
1936 3792 2016 3835 nei
2035 3792 2165 3836 detti
2182 3792 2381 3836 Monaci
2409 3795 2463 3837 la
2478 3805 2633 3848 sopra
2650 3797 2915 3840 nominata
2931 3801 3214 3844 concessio·

747 3880 827 3924 ne,
851 3879 880 3911 e
902 3868 1148 3911 devoluta
1167 3867 1220 3910 la
1240 3866 1393 3910 detta
1412 3866 1600 3908 chiesa
1623 3866 1729 3908 allo
1750 3863 1990 3918 spednle,
2013 3865 2115 3907 ella
2136 3872 2483 3909 nuovatnente
2513 3877 2683 3910 venne
2714 3867 2996 3912 conceduta
3018 3869 3085 3918 da
3105 3871 3211 3915 An-

745 3940 886 3984 tonio
905 3938 1088 3982 Verini
1113 3938 1290 3981 Priore
1311 3939 1357 3981 ἀ·
1379 3949 1493 3981 esso
1513 3938 1578 3981 ad
1602 3949 1668 3981 un
1691 3938 1766 3981 tal
1787 3935 2071 3980 Sacerdote
2092 3939 2323 3980 seculare
2347 3938 2609 3982 nominato
2639 3937 2859 3983 Giovan'
2891 3941 3120 3987 Antonio
3148 3944 3219 3986 de

743 4011 932 4066 Nobili,
955 4022 1048 4055 con
1071 4011 1156 4054 nn'
1177 4021 1350 4054 annua
1370 4008 1728 4064 recognizione
1748 4009 1798 4052 di
1821 4019 1944 4052 cera
1964 4010 2018 4052 al
2048 4009 2191 4052 detto
2221 4009 2443 4064 Spedale
2458 4042 2469 4064 ,
2492 4021 2635 4054 come
2658 4012 2779 4055 dall’
2798 4013 3105 4059 {stromento
3134 4027 3213 4060 so·

741 4093 840 4139 pra
863 4083 944 4127 clo
963 4083 1215 4138 stipulatu
1235 4081 1280 4126 si
1301 4080 1431 4124 vede
1453 4113 1462 4134 ,
1487 4087 1673 4134 rogato
1691 4091 1786 4135 per
1807 4080 2094 4125 Benedetto
2111 4081 2161 4124 di
2184 4081 2403 4126 Nurscla
2420 4093 2451 4126 a
2471 4083 2587 4136 2751·
2608 4083 2789 4138 Aprile
2810 4083 2969 4139 (15⁰2).
2986 4087 3043 4142 ,1⁸
3058 4088 3217 4142 quale

740 4156 825 4210 pol
846 4153 1238 4204 (assentandovl
1262 4153 1298 4196 11
1318 4153 1464 4196 detto
1479 4151 1684 4202 Nobile)
1702 4163 1869 4195 venne
1892 4153 2015 4196 data
2032 4155 2140 4196 alla
2161 4152 2552 4198 confraternita
2586 4155 2721 4199 dello
2744 4155 2939 4210 Spirito
2958 4165 3109 4202 santo
3143 4159 3211 4204 da

740 4225 926 4270 Trotto
946 4226 1024 4269 de’
1045 4223 1218 4268 Trotti
1239 4223 1502 4268 canonico
1523 4225 1663 4268 della
1683 4223 2019 4278 Cathedrale,
2042 4235 2069 4266 e
2088 4223 2255 4279 primo
2276 4224 2455 4268 Priore
2490 4225 2891 4273 comendatario
2924 4229 2975 4272 di
3008 4227 3059 4273 S.
3080 4229 3213 4275 Leo·

738 4299 919 4352 nardo,
942 4309 1038 4342 con
1059 4299 1110 4341 la
1130 4297 1475 4350 ricognizione
1496 4297 1604 4340 alla
1623 4295 1768 4340 detta
1789 4295 2067 4348 Comenda,
2090 4298 2184 4340 che
2205 4297 2249 4340 si
2271 4299 2503 4342 contiene
2536 4301 2656 4343 nell'
2686 4301 2991 4346 istromeuto
3020 4308 3208 4356 rogato

739 4370 1119 4416 Giovanmaria
1141 4369 1396 4423 Aldigieri
1420 4380 1450 4411 a
1474 4369 1525 4412 12
1544 4368 1596 4412 di
1617 4367 1840 4412 Febraio
1861 4368 2021 4420 (1525),
2041 4368 2173 4412 dove
2196 4371 2278 4424 poi
2300 4371 2539 4415 stabilita
2558 4373 2612 4416 vl
2632 4373 2675 4416 si
2698 4373 2860 4417 dilato
2876 4384 2971 4418 con
2986 4374 3208 4419 honora·

739 4442 926 4488 tissimi
941 4442 1220 4498 progressi,
1241 4443 1338 4485 che
1355 4441 1625 4484 indussero
1640 4441 1722 4494 poi
1742 4442 1794 4484 la
1815 4439 2209 4486 Confraternita
2228 4442 2280 4486 di
2296 4442 2457 4487 Santo
2475 4443 2670 4499 Spirito
2689 4445 2737 4488 di
2756 4443 2969 4489 Marara
2986 4447 3052 4491 ad
3067 4448 3205 4491 unir-

737 4516 780 4560 si
800 4526 938 4568 seco,
959 4525 986 4557 e
1009 4515 1226 4568 pagarle
1247 4525 1351 4557 una
1371 4523 1542 4556 annua
1563 4513 1919 4566 recognizlone
1954 4513 2002 4556 di
2026 4525 2094 4556 un
2124 4514 2269 4558 soldo
2298 4526 2392 4569 per
2414 4527 2533 4564 uno.
2554 4527 2581 4560 e
2614 4517 2665 4560 vi
2690 4515 2869 4561 edifico
2899 4519 2983 4563 nel
3004 4519 3210 4564 Pontifi-

737 4593 858 4632 cato
890 4586 941 4630 di
963 4585 1230 4630 Clemente
1251 4582 1350 4628 vn
1371 4595 1474 4628 una
1495 4595 1666 4627 nuova
1688 4583 1875 4627 Chiesa
1896 4591 2034 4628 sotto
2056 4584 2091 4628 11
2114 4585 2264 4630 titolo
2287 4587 2421 4630 dello
2440 4587 2633 4642 Spirito
2652 4587 2812 4632 Santo
2829 4591 2912 4633 nel
2930 4591 3218 4636 medesimo

649 4683 654 4688 -
737 4659 937 4711 luogo...
957 4657 1184 4700 Gnatum
1201 4690 1211 4708 ,
1234 4657 1266 4698 l.
1289 4666 1316 4698 c
1342 4689 1354 4710 ‚
1377 4667 1496 4709 pag.
1521 4656 1614 4699 192.

817 4732 833 4764 ί
890 4728 1024 4773 Vide
1049 4727 1274 4778 Polanci,
1297 4739 1363 4771 ex
1383 4739 1532 4780 com„
1555 4728 1760 4772 litteras
1782 4729 1847 4772 ad
1874 4730 1925 4774 Ρ.
1950 4729 2199 4782 joannem
2226 4731 2576 4782 Pelletarium,
2599 4733 2653 4775 28
2672 4733 2793 4785 Julii
2818 4734 2938 4780 1554.
