3742 5392
1652 502 1779 561 Aa.
1824 503 1966 563 1554
2937 500 3040 561 197

685 648 825 713 423.
916 648 1074 713 Hoc
1104 649 1261 730 ipso
1295 666 1481 713 anno
1514 648 1704 728 Mag.
1739 649 2050 713 Annibal
2077 650 2165 713 de
2195 648 2614 727 Coudretto,
2650 649 2769 731 qui
2811 647 3036 713 Colle-

566 757 669 837 gii
696 756 1177 820 Messanensis
1206 772 1456 819 curam
1477 756 1804 835 gerebat,
1830 756 1988 836 ipso
2011 755 2123 821 die
2144 754 2610 819 Ascensionis
2631 755 2921 819 Domini
2942 756 3034 820 ad

548 862 1043 927 -sacerdotium
1066 874 1452 943 promotuS,
1484 863 1596 927 die
1618 860 2076 927 Pentecostes
2097 862 2406 944 primurn
2427 862 2852 927 sacrificium
2882 861 3037 926 Deo

566 970 849 1041 obtulit.
883 970 997 1033 cui
1028 967 1387 1050 Stratigus
1416 970 1893 1033 messanensis
1920 970 2262 1034 interesse
2293 970 2520 1033 voluit
2557 970 2901 1050 peculiari
2932 970 3032 1033 af·

553 1076 759 1141 ⁴fectu
814 1077 1245 1155 devotioniS‚
1298 1077 1627 1157 quamvis
1664 1078 1737 1141 in
1782 1076 2194 1142 Cathedrali
2235 1077 2538 1141 ecclesia
2583 1074 2856 1157 [eodem
2895 1074 3032 1158 die]

570 1184 831 1247 divinis
859 1182 1107 1247 officiis
1136 1184 1479 1247 interesse
1520 1184 1853 1262 debebat,
1905 1194 1975 1247 et
2019 1184 2341 1263 rogavit,
2389 1202 2529 1264 quo
2571 1184 2848 1265 utrique
2879 1201 3036 1265 pos·

570 1302 678 1354 set
706 1291 1073 1367 interesse,
1108 1300 1183 1353 ut
1212 1290 1561 1355 maturius
1590 1288 1666 1353 P.
1700 1289 2015 1354 Annibal
2043 1308 2252 1355 suum
2275 1290 2556 1355 offerret
2589 1289 2630 1353 ¹.

687 1396 829 1460 424.
916 1396 991 1461 Ρ.
1026 1397 1505 1478 Hieronymus
1534 1396 1805 1461 Oteilus
1835 1415 1999 1461 cum
2029 1407 2189 1477 post
2231 1396 2508 1461 Pascha
2553 1399 3030 1462 conscientiae

569 1522 781 1569 casus
808 1506 1276 1584 praelegeret,
1312 1505 1527 1567 immo
1558 1512 1627 1567 et
1657 1504 1729 1567 in
1762 1505 1916 1585 ipsa
1947 1502 2537 1584 Quadragesima,
2572 1522 2732 1568 cum
2762 1505 2836 1568 in
2867 1522 3027 1568 con·

566 1612 890 1676 cionibus
920 1622 1105 1675 esset
1136 1620 1551 1691 occupatuS,
1588 1628 1630 1674 a
1662 1610 1900 1674 multis
1930 1610 2543 1691 interpellabatur,
2577 1611 2698 1692 qui
2737 1611 2824 1675 de
2865 1629 3028 1675 con-

568 1720 907 1783 scientiae
930 1718 1217 1783 casibus
1240 1734 1403 1781 eum
1426 1718 1910 1782 consulebant:
1940 1735 2101 1781 cum
2125 1718 2311 1781 enim
2335 1718 2763 1782 cathedralis
2785 1720 3030 1800 templi

570 1826 1062 1904 concionator,
1096 1826 1216 1906 qui
1244 1842 1337 1889 ex
1367 1825 1613 1889 ordine
1643 1825 2198 1905 capuccinorum
2226 1834 2412 1903 erat,
2445 1825 2755 1906 quotidie
2785 1843 3034 1891 casum

574 1932 880 2014 aliquem
908 1933 1389 1997 conscientiae
1418 1940 1794 2011 tractaret,
1828 1940 1900 1995 et
1927 1932 2580 1996 numerosissimum
2610 1932 2868 2013 alioqui
2909 1950 3025 1996 au-

577 2040 911 2103 ditorium
944 2040 1271 2117 haberet,
1317 2050 1464 2102 tam
1506 2056 1755 2102 severe
1797 2047 1868 2101 et
1913 2046 2110 2102 arcte
2159 2038 2246 2102 de
2297 2036 2700 2118 hujusmodi
2748 2040 3032 2104 casibus

571 2147 747 2227 egit,
782 2158 855 2210 ut
886 2146 1358 2211 conscientias
1385 2146 1726 2210 nobilium
1760 2155 1829 2209 et
1858 2154 2335 2210 mercatorum
2362 2146 2644 2226 magnis
2681 2147 3034 2226 scrupulis

574 2264 644 2318 et
670 2253 1198 2318 difficultatibus
1229 2252 1651 2334 impleverit,
1683 2261 1753 2316 et
1777 2253 1878 2316 ita
1899 2268 2206 2331 magnae
2229 2252 2708 2319 restitutiones
2729 2271 2772 2316 a
2796 2254 3032 2318 multis

570 2361 942 2425 faciendae
971 2362 1420 2438 dicebantur,
1454 2371 1524 2423 et
1564 2361 1741 2423 haec
1780 2375 2002 2423 causa
2039 2360 2448 2423 consulendi
2491 2360 2567 2423 P.
2613 2360 3032 2443 Hieronymi

567 2469 813 2533 ’multis
841 2468 995 2531 fuit.

688 2577 829 2641 425.
915 2573 1073 2639 Νοη
1104 2575 1429 2639 omittam
1456 2574 1646 2656 quod
1675 2573 1750 2638 P.
1783 2572 2141 2638 Antonius
2171 2574 2554 2653 Vinchius,
2589 2592 2752 2639 cum
2789 2575 2863 2639 in
2900 2575 3031 2640 Ita-

568 2686 680 2748 lae
700 2682 963 2764 oppido
984 2692 1418 2758 versaretur,
1444 2698 1588 2745 non
1619 2683 1848 2745 solum
1871 2682 1960 2745 de
1989 2682 2130 2760 illo,
2165 2681 2291 2745 sed
2319 2682 2405 2745 de
2434 2682 2786 2762 religiosis
2815 2684 3032 2746 etiam

566 2792 876 2854 fructum
904 2798 1271 2869 reportare
1300 2788 1596 2851 studuit:
1630 2788 1953 2852 ordinem
1982 2788 2082 2850 illi
2111 2786 2190 2851 B.
2225 2787 2468 2852 Basilii
2493 2788 3026 2870 profitebantur,

568 2906 641 2961 et
667 2914 964 2978 prorsus
990 2896 1181 2959 vitae
1212 2895 1561 2958 rationem
1591 2894 1663 2957 in
1692 2896 1945 2958 melius
1984 2904 2374 2974 mutarunt,
2423 2896 2601 2959 adeo
2647 2904 2724 2958 ut
2763 2895 3034 2960 dictum

570 3003 648 3067 P.
682 3002 957 3067 Natalis
984 3018 1237 3066 verum
1267 3019 1423 3065 esse
1454 3002 1893 3082 experientia
1931 3010 2101 3064 tunc
2145 3001 2496 3081 docuerit,
2541 3002 2728 3084 quod
2764 3003 3038 3067 scilicet

576 3111 875 3175 aliorum
905 3109 1233 3174 ordinum
1262 3109 1579 3188 religiosi
1610 3126 1651 3170 a
1682 3106 2040 3172 Societate
2061 3118 2310 3172 nostra
2328 3108 2627 3189 J'uvandi
2655 3121 2914 3174 essent.

693 3216 836 3281 426.
924 3216 1167 3280 Mense
1194 3216 1406 3299 Junio
1436 3215 1701 3280 dictum
1724 3214 1861 3279 fuit
1901 3213 2280 3278 Messanae
2320 3232 2362 3279 a
2401 3217 2740 3297 quodam,
2784 3219 2906 3299 qui
2943 3218 3040 3281 si-

576 3326 721 3388 mul
769 3341 931 3388 cum
980 3322 1057 3387 P.
1102 3324 1377 3407 Joanne
1430 3322 1744 3386 Guttano
1784 3322 1857 3384 in
1895 3322 2149 3385 biremi
2199 3322 2509 3403 quadam
2546 3322 2808 3403 fuerat,
2851 3322 3040 3405 quod

577 3442 883 3512 quatuor
922 3442 1085 3493 ante
1129 3448 1412 3494 menses
1456 3430 1529 3492 in
1569 3430 1799 3494 insula
1844 3428 2152 3497 Sanctae
2195 3429 2488 3494 Maurae
2531 3440 2823 3511 propter
2859 3447 3041 3494 rnor-

576 3540 742 3604 bum
771 3539 859 3602 ab
890 3556 974 3601 eo
1006 3538 1316 3617 relictuS,
1353 3538 1473 3619 qui
1504 3538 1591 3601 de
1630 3554 1845 3602 manu
1887 3540 2164 3621 piratae
2198 3556 2361 3603 eum
2387 3548 2694 3619 emerat,
2741 3548 3042 3601 mortem

578 3646 881 3723 obierat;
913 3645 1039 3709 sed
1067 3645 1140 3709 id
1169 3662 1311 3709 non
1342 3644 1689 3708 creditum
1717 3644 1879 3724 fuit,
1913 3655 1983 3710 et
2025 3655 2173 3710 toto
2217 3647 2352 3710 hoc
2390 3663 2578 3709 anno
2616 3644 2704 3709 de
2743 3642 2893 3725 ejus
2937 3662 3040 3707 re-

578 3753 980 3833 demptione
1011 3751 1319 3830 agebant
1358 3752 1619 3831 nostri,
1666 3752 1837 3815 etin
1877 3752 2177 3833 singulis
2215 3752 2466 3818 litteris
2505 3752 2854 3815 rationem
2893 3752 3043 3815 red-

658 3962 676 3990 ¹
732 3956 817 4001 ⁸‘ln
840 3958 951 4011 ipso
974 3955 1318 4001 messanensis
1348 3955 1563 4011 Collegii
1596 3957 1913 4012 magistratu
1933 3957 2161 4002 Annibal
2185 3956 2439 4002 Codretus
2471 3958 2784 4002 Panormum
2805 3969 2837 4003 a
2859 3957 3044 4003 Dome-

576 4030 758 4075 nechio
787 4029 1097 4081 accersitus,
1118 4035 1177 4072 ut
1208 4028 1491 4083 majoribus
1512 4028 1583 4072 ibi
1615 4027 1881 4072 ordinibus
1910 4028 2228 4083 initiaretur,
2251 4028 2350 4073 ΧΠ
2381 4028 2636 4073 Calendas
2655 4028 2777 4073 Maii
2805 4028 3046 4075 Messana

570 4100 931 4156 proficiscitur.
951 4100 1285 4153 mandatque,
1306 4111 1361 4143 se
1384 4102 1625 4153 absente,
1650 4098 1869 4154 collegii
1905 4100 2408 4145 administrationem
2426 4099 2482 4145 P.
2503 4101 2730 4145 Antonio
2753 4100 2964 4155 vinitio,
2986 4108 3038 4145 et

576 4173 827 4217 celeriter
856 4173 1000 4223 inde,
1021 4183 1081 4216 re
1110 4171 1371 4227 confecta,
1390 4170 1724 4222 Messanam,
1742 4177 1798 4215 ut
1832 4171 1942 4226 ipse
1963 4172 2026 4216 de
2055 4183 2110 4216 se
2142 4171 2242 4225 ait,
2270 4182 2538 4223 reversus,
2565 4174 2810 4227 primum
2831 4171 2943 4217 Deo
2963 4182 3046 4216 sa-

572 4245 837 4301 crificium
858 4243 946 4287 die
968 4243 1311 4287 Pentecostes
1331 4242 1547 4295 obtulit:
1566 4244 1868 4297 recepitque
1891 4243 2262 4297 magistratum
2276 4277 2287 4297 ,
2308 4245 2360 4288 in
2381 4255 2480 4298 quo
2499 4244 2868 4298 perseveravit
2888 4246 3043 4300 paulo

568 4318 715 4361 ultra
732 4316 1033 4368 biennium...
1056 4315 1330 4359 Acarnan
1344 4347 1355 4368 ,
1378 4314 1537 4358 Prov.
1560 4314 1777 4359 Siculae
1797 4314 1851 4359 S.
1871 4314 1926 4370 J.
1951 4314 2114 4359 Ortus
2136 4318 2186 4359 et
2207 4316 2318 4359 Res
2336 4318 2538 4369 gestae,
2557 4326 2674 4370 cap.
2695 4326 2766 4369 ιν,
2789 4327 2839 4360 n.
2861 4327 3045 4360 1111.-

574 4388 651 4433 “A
670 4390 840 4444 gloria
858 4388 1039 4433 divina
1058 4388 1137 4431 sia
1158 4387 1192 4431 ii
1214 4387 1504 4431 sacerdotio
1526 4394 1579 4430 et
1600 4398 1692 4441 per
1712 4389 1877 4432 molta
1897 4387 2210 4441 perfettione
2231 4388 2369 4431 della
2397 4388 2610 4442 propria
2630 4388 2804 4432 anima
2826 4395 2880 4432 et
2898 4389 3042 4432 aiuto

577 4460 629 4505 di
647 4461 815 4515 quelle
836 4460 917 4504 dei
946 4459 1201 4515 prossimi,
1222 4459 1257 4503 ii
1288 4460 1383 4503 che
1412 4460 1460 4503 io
1490 4468 1642 4513 spero
1664 4461 1771 4503 cosi
1803 4461 1928 4503 sara
1947 4490 1972 4513 .,
1993 4458 2248 4504 Poiancus
2276 4459 2421 4503 Patri
2445 4459 2688 4504 Annibali
2711 4470 2746 4504 a
2767 4458 3044 4525 Condi-eto·

576 4531 631 4577 18
647 4531 784 4586 Junii
806 4530 1113 4576 iffae-“Cia
1144 4530 1299 4575 credo
1329 4532 1382 4574 la
1402 4530 1464 4575 R.
1485 4530 1551 4574 V.
1572 4542 1635 4575 :a
1654 4531 1737 4575 del
1770 4530 1827 4574 P.
1850 4529 2002 4576 Mtro.
2035 4530 2294 4579 Annibale
2314 4531 2448 4576 fatto
2475 4531 2634 4575 etiam
2667 4531 2940 4575 sacerdote
2956 4564 2968 4586 ,
2989 4540 3042 4575 et

576 4604 746 4658 prima
763 4605 859 4648 che
881 4603 1015 4648 fosse
1045 4614 1313 4657 promosso
1333 4614 1425 4646 era
1445 4603 1580 4647 fatto
1601 4602 1819 4647 Rettore
1839 4602 1892 4647 di
1911 4604 2031 4657 quel
2063 4602 2284 4657 collegio
2303 4602 2354 4646 di
2376 4602 2614 4647 Messian.
2637 4602 2691 4647 Si
2711 4609 2865 4657 porta
2885 4604 3044 4647 molto

579 4675 707 4719 bene
728 4676 807 4719 nei
844 4686 937 4719 suo
958 4674 1117 4719 offitio
1138 4680 1189 4717 et
1210 4676 1334 4718 sara
1348 4706 1358 4726 ,
1382 4684 1525 4718 come
1558 4674 1834 4728 spei-lamo,
1856 4674 2090 4719 attieino
2125 4684 2218 4730 per
2247 4675 2367 4729 ogni
2387 4684 2521 4729 gran
2547 4674 2764 4719 servitio
2785 4674 2834 4718 d‘
2853 4672 3044 4728 Μαῖα..

576 4744 719 4791 Idem
740 4746 888 4791 Patri
910 4745 1173 4790 Ludos-ico
1194 4746 1255 4789 de
1278 4745 1554 4801 Coudreto,
1577 4746 1851 4790 Annibalis
1873 4746 2025 4791 fratri
2039 4779 2050 4801 ,
2071 4746 2126 4789 23
2143 4744 2422 4799 Juni1155a.
