3742 5392
1545 483 1672 539 AN.
1719 481 1858 539 1554
2870 489 2939 545 17

471 625 672 690 fieret
699 625 776 689 P.
811 626 1173 705 Canisius;
1207 636 1277 689 et
1333 635 1504 689 tunc
1542 626 1889 704 Legatus,
1934 627 2197 708 alioqui
2231 629 2739 710 amicissimus,
2780 649 2937 694 rem

466 743 712 812 totam,
745 748 930 814 quae
957 743 1163 812 gesta
1203 733 1438 796 fuerat
1487 750 1572 795 eo
1601 733 1994 810 nesciente,
2030 733 2103 796 P.
2148 735 2425 814 Ignatio
2462 738 2743 818 aperuit
2776 737 2827 817 ¹3
2860 750 2933 802 et

467 839 820 904 fatebatur
870 841 1238 920 egregiam
1289 839 1929 904 remunerationem
1973 840 2109 920 ipsi
2158 840 2376 906 fuisse
2419 843 2843 923 promissam
2872 847 2938 908 si

469 948 885 1011 obtinuisset
915 966 954 1010 a
985 947 1324 1011 Pontifice
1348 996 1362 1025 ,
1415 948 1601 1028 quod
1644 947 1973 1027 petierat3
2006 959 2075 1011 et
2110 949 2411 1012 obtinuit
2451 969 2494 1014 a
2533 950 2610 1014 P.
2654 951 2935 1032 Ignatio

473 1063 549 1118 ut
594 1053 669 1118 Ρ.
734 1054 1065 1117 Canisius
1121 1053 1806 1117 administrationem
1865 1055 2339 1135 Episcopatus
2398 1057 2791 1138 susciperet
2845 1060 2935 1123 ad

469 1178 685 1226 unum
715 1163 1088 1225 dumtaxat
1117 1179 1412 1224 annum.
1447 1163 1546 1224 ita
1577 1172 1816 1224 tamen
1848 1171 1925 1225 ut
1954 1162 2041 1225 de
2065 1164 2405 1228 reditibus
2429 1166 2602 1228 nihil
2632 1167 2933 1245 attinge-

465 1280 606 1346 ret,
637 1286 768 1331 nec
800 1269 871 1332 in
902 1285 1108 1332 usum
1151 1267 1446 1348 aiicujus
1491 1268 1578 1332 de
1619 1267 1973 1332 Societate
2018 1269 2116 1332 illi
2154 1282 2774 1352 converterentur,
2808 1275 2935 1337 sed

468 1378 538 1440 in
569 1394 789 1458 opera
826 1377 1111 1456 pietatis
1151 1371 1282 1455 per
1317 1376 1664 1438 bonorum
1704 1377 2025 1439 virorum
2064 1394 2317 1440 manus
2354 1377 2629 1441 fructus
2657 1379 2933 1459 dispen-

469 1493 803 1546 sarentur
833 1481 878 1545 ’ζ

593 1589 690 1653 17.
776 1590 940 1653 Alia
972 1591 1186 1654 etiam
1217 1591 1289 1652 in
1320 1607 1394 1652 re
1426 1590 1686 1652 bon-um
1717 1606 1922 1652 suurn
1955 1591 2267 1652 animum
2298 1601 2365 1653 et
2394 1590 2718 1655 savorem
2761 1611 2938 1672 erga

469 1695 902 1760 Societatem
938 1696 1266 1760 Summus
1295 1696 1625 1760 Pontifex
1652 1697 1766 1759 his
1799 1696 2049 1759 diebus
2074 1698 2401 1761 ostendit.
2429 1697 2723 1781 Juvenis
2747 1701 2936 1778 enim

469 1804 762 1885 quidam
789 1803 1330 1884 Neapolitanus,
1366 1803 1452 1866 de
1483 1822 1621 1884 quo
1651 1804 1979 1883 superius
2010 1805 2271 1866 mentio
2301 1804 2489 1868 facta
2522 1817 2627 1868 est
2674 1805 2729 1884 ³,
2772 1825 2935 1870 cum

473 1927 740 1974 annum
769 1912 1124 1991 integrum
1163 1925 1244 1980 et
1273 1910 1578 1990 amplius
1620 1911 1692 1974 in
1734 1908 2090 1973 Societate
2130 1910 2409 1989 fuisset,
2452 1925 2519 1976 et
2564 1931 2653 1976 ex
2694 1911 2938 1978 Sicilia

473 2018 774 2087 Romam
805 2029 1148 2082 evocatus
1176 2019 1460 2097 fuisset,
1497 2017 1646 2097 eJus
1674 2028 1911 2098 pater,
1946 2019 2063 2098 qui
2094 2019 2322 2099 priuS,
2358 2021 2609 2084 videns
2630 2021 2749 2086 filii
2775 2040 2935 2084 con-

474 2126 848 2201 stantiam,
882 2127 1313 2206 probaverat
1345 2124 1494 2204 eJus
1523 2126 1976 2204 electionem,
2010 2125 2311 2188 Romam
2331 2127 2555 2204 venit,
2583 2139 2650 2191 et
2675 2147 2717 2192 a
2739 2127 2934 2192 Sum-

477 2252 590 2297 mo
621 2232 958 2296 Pontifice
987 2233 1398 2313 impetravit
1429 2244 1504 2295 ut
1543 2233 1911 2311 negotium
1941 2234 2077 2296 hoc
2118 2233 2482 2298 Cardinali
2524 2234 2871 2300 Theatino
2914 2235 2943 2266 ⁴

473 2339 1057 2404 committeretur.
1098 2340 1272 2404 Erat
1313 2348 1550 2402 autem
1589 2340 1704 2402 ille
1744 2338 2143 2404 Cardinalis
2181 2341 2491 2403 amicitia
2531 2343 2943 2422 parentibus

477 2448 665 2510 illius
687 2446 970 2528 juvenis
1001 2445 1453 2526 conJunctuS,
1491 2455 1558 2510 et
1588 2463 1712 2508 eas
1743 2463 1784 2507 a
1816 2457 2019 2526 patre
2048 2447 2361 2509 rationes
2386 2449 2706 2512 audierat
2733 2450 2938 2531 (quae

479 2555 629 2617 sere
657 2555 858 2618 carni
902 2566 969 2618 et
1005 2553 1343 2634 sanguini
1385 2553 1923 2630 innitebantur),
1974 2565 2048 2616 ut
2094 2553 2547 2618 monitorium
2585 2556 2941 2635 quoddam

469 2661 548 2724 P.
584 2660 862 2740 Ignatio
891 2662 1193 2739 miserit,
1239 2671 1314 2724 ut
1348 2659 1680 2739 juvenem
1729 2660 2143 2739 parentibus
2185 2661 2586 2726 restitueret
2624 2664 2756 2726 sub
2792 2665 2939 2744 qui·

561 3014 580 3046 ¹
638 3013 852 3057 Rectius
867 3011 998 3056 haec
1019 3011 1414 3066 disponerentur
1435 3011 1532 3053 hoc
1553 3011 1732 3054 modo:
1765 3009 1924 3053 Patri
1956 3009 2171 3063 Ignatio
2204 3021 2317 3054 rem
2348 3014 2546 3063 totam,
2572 3015 2734 3066 prout
2756 3023 2815 3055 eo
2850 3025 2937 3056 ne-

477 3087 682 3129 sciente
702 3088 855 3138 gesta
864 3083 1080 3139 suerat,
1103 3083 1342 3138 aperuit.

559 3157 582 3188 2
634 3155 762 3200 “Gia
795 3154 860 3200 V.
895 3154 956 3198 R.
993 3153 1129 3198 forse
1162 3155 1288 3197 sara
1319 3154 1527 3196 avisnto
1563 3163 1708 3196 come
1745 3151 1936 3195 Nostro
1973 3152 2160 3208 Padre,
2197 3155 2429 3198 vedendo
2464 3156 2516 3198 la
2549 3157 2769 3199 volunta
2803 3157 2942 3199 della

474 3229 591 3272 Mai
609 3227 775 3283 Regia
793 3234 942 3272 tanto
963 3227 1168 3270 efficace
1190 3226 1334 3269 accio
1356 3226 1409 3269 la
1434 3223 1492 3267 R.
1515 3223 1588 3267 V·
1614 3224 1858 3279 pigliasse
1883 3227 1936 3268 la
1966 3225 2421 3270 administratione
2442 3227 2524 3270 del
2546 3228 2867 3272 veschovato
2888 3228 2941 3272 di

473 3300 696 3354 Vienna,
717 3303 744 3343 e
763 3307 904 3344 stato
925 3305 1162 3343 contento
1183 3307 1276 3352 per
1297 3297 1380 3340 un·
1401 3297 1550 3340 Anno
1571 3297 1622 3340 in
1645 3303 1792 3340 tanto
1827 3297 1925 3340 che
1954 3297 2000 3340 si
2034 3303 2189 3341 trova
2218 3299 2300 3342 un'
2331 3301 2487 3342 altro.
2510 3298 2593 3342 Ma
2614 3305 2807 3353 quanto
2836 3301 2937 3343 alle

475 3379 682 3416 entrate
703 3375 730 3415 e
751 3383 906 3426 perso
922 3383 955 3415 a
967 3370 1159 3414 Nostro
1175 3369 1344 3412 Padre
1362 3375 1414 3411 et
1431 3369 1539 3411 cosi
1555 3369 1594 3411 ε’
1609 3369 1790 3411 ordina
1808 3380 1841 3412 a
1855 3367 1922 3412 V.
1942 3369 2002 3412 R.
2020 3369 2113 3412 che
2132 3381 2233 3413 non
2246 3370 2287 3414 s'
2305 3370 2508 3424 aggiuti
2524 3371 2574 3415 di
2592 3373 2758 3425 quelle
2774 3372 2942 3425 pecho

475 3448 524 3490 n’
539 3444 681 3488 assai
701 3445 750 3487 la
773 3441 1091 3496 compagnia
1113 3447 1294 3484 nostra
1316 3441 1363 3484 n’
1384 3439 1571 3483 huomo
1593 3439 1644 3482 di
1665 3441 1866 3494 qucum
1886 3447 1939 3484 et
1961 3443 2084 3494 cosi,
2106 3443 2246 3486 oltra
2276 3444 2447 3496 quello
2479 3442 2571 3486 che
2595 3453 2688 3497 per
2713 3444 2768 3488 la
2786 3455 2940 3498 spese

473 3518 526 3561 di
547 3516 614 3559 V.
635 3515 696 3560 R.
718 3521 772 3558 et
790 3527 860 3558 un
877 3525 970 3558 suo
989 3514 1292 3569 coadjutore
1311 3512 1354 3555 si
1377 3512 1648 3566 spendera,
1683 3517 1822 3555 tutto
1843 3512 1882 3557 il
1902 3521 2044 3556 resto
2065 3513 2187 3556 dell'
2206 3520 2414 3558 entrate
2434 3515 2481 3558 si
2498 3515 2697 3569 spendo.
2714 3515 2765 3559 in
2785 3527 2943 3570 opere

471 3588 557 3642 ple
577 3597 671 3641 per
691 3597 842 3630 mano
863 3585 913 3629 di
934 3594 1150 3638 persone
1170 3583 1413 3646 publicne
1435 3589 1487 3626 et
1508 3583 1558 3626 d¹
1579 3583 1825 3636 autorita,
1848 3587 1903 3625 et
1922 3583 2115 3627 habbia
2134 3583 2391 3638 patientia
2412 3586 2463 3628 la
2487 3585 2547 3628 R.
2581 3585 2645 3630 V.
2672 3586 2725 3630 in
2755 3592 2941 3640 portat

469 3667 658 3715 questa
677 3669 826 3701 croce
847 3657 929 3702 un’
948 3658 1114 3708 Anno,
1136 3662 1206 3708 et,
1226 3667 1280 3699 se
1303 3656 1376 3710 gli
1397 3667 1592 3710 preme,
1615 3655 1862 3699 cerchate
1886 3655 2005 3709 (sic)
2026 3666 2120 3699 eon
2141 3657 2401 3712 diligenza
2435 3659 2725 3712 qualchuno
2746 3660 2843 3703 che
2863 3661 2941 3703 sia

469 3733 524 3776 al
545 3731 823 3786 proposito,
841 3735 894 3772 et
915 3729 1051 3773 forse
1071 3729 1123 3772 in
1144 3727 1380 3772 Lovanio
1401 3739 1430 3770 o
1453 3726 1668 3771 Colonia
1690 3739 1719 3771 o
1741 3729 1884 3771 altra
1905 3733 2057 3780 parte
2077 3728 2121 3772 si
2146 3731 2367 3772 trovara
2395 3729 2689 3773 facilmente
2720 3741 2943 3784 persona

469 3804 572 3847 che
591 3802 892 3847 satisfaccia
911 3803 1018 3846 alla
1039 3799 1152 3844 Mat
1173 3801 1337 3852 Regia
1360 3807 1410 3844 et
1433 3800 1604 3844 saecla
1623 3799 1658 3842 il
1683 3800 1856 3843 debito
1878 3811 1987 3842 suo.
2021 3798 2235 3843 officiali
2269 3801 2311 3843 si
2344 3801 2585 3845 cerchino
2616 3802 2817 3854 buoni.„
2852 3803 2942 3847 Po-

467 3880 670 3928 laticus,
691 3885 756 3918 ex
775 3885 925 3925 com„
945 3874 1092 3918 Patri
1115 3871 1344 3926 Canisio,
1361 3873 1412 3916 21
1437 3873 1568 3918 Nov.
1595 3871 2003 3924 wok—“Quanto
2038 3873 2144 3916 alla
2174 3883 2301 3916 cura
2330 3873 2377 3916 d'
2406 3873 2829 3918 administratore
2860 3876 2944 3918 del

469 3948 796 3992 veschovato
815 3946 864 3990 di
885 3946 1105 4000 Vienna,
1125 3945 1317 3989 Nostro
1338 3944 1506 3988 Padre
1530 3945 1644 3988 dice
1663 3945 1760 3987 ebe
1782 3943 1824 3986 si
1848 3944 2072 3989 consulti
2094 3945 2175 3988 fra
2196 3944 2269 3998 gli
2292 3952 2372 3989 tre
2394 3946 2589 3990 dottori
2623 3947 2794 4000 quello
2824 3958 2942 3991 con·

465 4021 626 4065 viene
646 4019 784 4063 circa
805 4019 839 4062 il
860 4017 1011 4062 modo
1030 4018 1082 4062 di
1101 4025 1248 4061 stare
1269 4017 1321 4060 di
1343 4016 1410 4060 V.
1432 4016 1511 4067 R..
1534 4017 1740 4071 quando
1761 4016 1831 4070 gli
1857 4016 1937 4058 sia
1957 4016 2181 4071 imposta
2202 4023 2386 4070 questa
2407 4028 2553 4072 cura,
2576 4029 2630 4061 se
2649 4019 2839 4062 vivera
2860 4021 2945 4063 nel

465 4089 724 4143 colleg-io,
743 4100 773 4132 o
792 4090 1016 4142 altrove,
1037 4093 1090 4131 et
1109 4099 1164 4132 se
1188 4087 1416 4142 pignera
1435 4088 1488 4130 la
1509 4087 1891 4130 sustentatione
1914 4096 2008 4140 per
2026 4097 2083 4130 se
2105 4093 2156 4130 et
2176 4099 2270 4141 per
2290 4088 2374 4131 un’
2394 4089 2550 4141 altro,
2573 4100 2603 4131 ο
2621 4089 2735 4140 due,
2752 4100 2782 4132 o
2800 4095 2899 4143 tre,
2916 4101 2947 4134 ο

465 4170 695 4207 nessuno
715 4161 766 4204 in
787 4161 936 4204 modo
955 4161 1051 4204 che
1073 4159 1116 4203 si
1139 4165 1298 4214 tenga
1319 4164 1471 4202 conto
1491 4169 1589 4202 con
1610 4160 1661 4201 ia
1682 4157 2013 4202 edificatione
2033 4191 2043 4211 ,
2068 4167 2119 4202 et
2140 4170 2237 4213 pur
2258 4171 2357 4203 non
2377 4161 2584 4204 entrino
2604 4161 2792 4205 danari
2811 4162 2945 4206 delle

463 4235 670 4278 intrate
691 4234 742 4275 in
762 4243 914 4276 mano
933 4233 984 4276 di
1005 4231 1073 4275 V.
1094 4231 1156 4274 R.
1179 4241 1264 4275 ma
1294 4232 1464 4285 quello
1495 4231 1773 4274 medesimo
1806 4241 1898 4285 per
1928 4229 2013 4273 cui
2041 4231 2180 4274 mani
2214 4233 2257 4274 si
2289 4232 2697 4285 dispensarnnno
2727 4233 2781 4278 in
2811 4235 2947 4278 altre

462 4315 630 4360 opere
648 4305 746 4358 pie,
771 4305 856 4348 dia
874 4305 1046 4359 quello
1065 4307 1094 4346 e
1115 4303 1341 4346 necess.⁰
1363 4313 1456 4357 per
1478 4303 1531 4347 la
1551 4313 1704 4357 spese
1725 4302 1777 4345 di
1799 4301 1866 4344 V.
1889 4301 1969 4354 R..
1992 4303 2189 4346 benche
2224 4303 2275 4346 in
2297 4314 2479 4358 grosso
2511 4311 2564 4348 et
2596 4316 2697 4348 non
2726 4305 2949 4349 minuta·

465 4382 666 4423 mante.
688 4376 792 4419 Pur
811 4375 862 4419 di
882 4377 1054 4430 quello
1073 4375 1170 4419 che
1193 4376 1566 4424 risolueranno,
1589 4375 1739 4417 nuole
1764 4373 1828 4416 N.
1856 4375 1927 4417 Ρ.ο
1951 4385 2125 4418 essere
2146 4375 2400 4429 anisum„
2418 4376 2475 4418 30
2494 4375 2821 4421 Novembris·

558 4448 704 4501 Quae
723 4448 776 4491 in
795 4448 893 4491 hoc
913 4458 964 4490 n.
987 4447 1038 4491 16
1057 4447 1404 4498 continentur,
1426 4455 1772 4490 enarraverat
1795 4446 2055 4490 Polancus
2075 4445 2223 4490 Patri
2248 4445 2529 4492 Francisco
2551 4447 2611 4490 de
2629 4446 2951 4492 Vilianueva

463 4521 685 4574 litteris,
707 4531 774 4562 ex
792 4531 946 4569 com„
965 4519 1101 4563 datis
1119 4519 1176 4562 25
1195 4518 1504 4561 Novembris
1531 4517 1648 4560 1554.
1673 4517 1805 4561 Vide
1829 4518 2021 4562 Carens
2036 4519 2103 4562 de
2124 4519 2235 4561 San
2260 4519 2506 4572 lgnacio,
2530 4525 2568 4564 t.
2599 4530 2673 4573 ιν,
2694 4531 2819 4574 pag.
2844 4520 2944 4563 876.

553 4594 578 4625 ³
635 4591 972 4642 Octavianus,
993 4601 1150 4645 saepe
1173 4589 1439 4642 Octavius,
1464 4589 1662 4633 Cesari.
1687 4589 1822 4633 Vide
1843 4601 2020 4644 supra,
2042 4597 2079 4634 t.
2106 4601 2180 4644 m,
2204 4601 2324 4645 pag.
2351 4591 2447 4644 169,
2472 4601 2520 4634 n.
2540 4590 2639 4645 355,
2658 4597 2710 4634 et
2728 4603 2853 4645 pag.
2879 4591 2957 4634 190

471 4672 532 4710 et
553 4675 648 4718 seq
671 4696 682 4717 ‚
706 4675 754 4707 n.
774 4663 853 4706 ⁴01
878 4669 930 4706 et
955 4673 1066 4716 seq.

557 4739 585 4770 ⁴
639 4735 691 4780 Is
712 4745 825 4780 crat
848 4735 1074 4788 joannes
1097 4733 1283 4778 Petrus
1306 4733 1517 4787 Carasa,
1545 4734 1917 4787 Neapolitanus
1942 4735 2396 4790 Archiepiscopns.

769 4807 845 4864 Τ.
881 4825 958 4863 ιν.
2568 4827 2598 4863 2
