3742 5392
750 464 861 523 238
1667 462 1926 524 Cimon.
1968 462 2122 523 Soc.
2162 464 2301 537 Jsss.

752 619 1053 672 exactus
1089 609 1407 689 ipsorum
1445 608 1758 673 delectus
1802 609 2085 672 habitus
2126 608 2370 682 suerit,
2417 608 2604 671 unde
2651 608 3058 671 admonitus
3087 610 3220 671 fuit

754 716 832 779 P.
866 716 1217 795 canisius,
1250 726 1347 792 ut,
1383 718 1444 779 si
1474 716 1595 797 qui
1624 716 1697 779 in
1738 728 2098 797 posterum
2139 726 2377 779 essent
2417 716 2773 795 mittendi,
2809 717 3220 780 selectiores

754 825 1204 888 mitterentur
1238 822 1278 887 ¹.

872 930 1013 994 526.
1103 930 1280 995 Cum
1312 933 1380 994 in
1409 930 1783 1011 Hungaria
1828 948 2010 993 uxor
2041 928 2130 993 D.
2175 929 2465 994 Ssorzae
2511 928 2941 1007 palavicini,
2977 932 3094 1009 qui
3135 949 3220 993 eo

757 1039 829 1101 in
869 1054 1093 1118 regno
1138 1055 1544 1121 supremum
1588 1038 2112 1101 mareschalum
2154 1038 2414 1117 agebat
2456 1037 2563 1113 (ut
2614 1040 2940 1115 vocant),
2985 1038 3057 1099 in
3106 1054 3218 1117 pe-

758 1145 983 1208 riculo
1013 1161 1277 1223 magno
1308 1146 1555 1208 mortis
1584 1154 2018 1221 versaretur,
2054 1160 2138 1206 eo
2171 1142 2533 1223 profectus
2564 1156 2670 1206 est
2701 1142 2774 1205 P.
2813 1144 2962 1223 ipse
2992 1145 3220 1208 Lano-

756 1268 913 1331 yuS,
969 1252 1297 1331 quamvis
1347 1261 1628 1314 centum
1669 1250 2088 1315 milliaribus
2127 1250 2386 1313 italicis
2436 1248 2718 1313 Vienna
2772 1250 3103 1325 distaret,
3151 1264 3220 1314 et

759 1356 988 1421 officio
1022 1358 1393 1421 charitatis
1418 1358 1736 1437 functuS,
1771 1358 2126 1421 Viennam
2167 1357 2373 1419 rediit
2411 1356 2451 1417 ².

724 1542 741 1563 ι
876 1464 1017 1527 527.
1108 1465 1319 1527 Anno
1350 1465 1699 1545 superiori
1728 1462 1750 1495 ³
1775 1464 2084 1528 diximus
2113 1462 2302 1543 quod
2331 1463 2677 1542 agebatur
2707 1464 2794 1526 de
2826 1462 2900 1525 P.
2937 1462 3222 1526 Canisio

758 1572 832 1634 in
869 1570 1332 1635 Archiducali
1369 1570 1861 1634 Professorum
1902 1554 2414 1633 Viennensium
2447 1569 2762 1649 Collegio
2795 1570 3220 1633 constituen-

754 1677 871 1756 do,
901 1688 969 1741 et
1001 1679 1286 1741 tandem
1308 1678 1445 1740 hoc
1470 1696 1659 1740 anno
1682 1676 2078 1755 gratificari
2101 1694 2184 1739 ea
2210 1678 2281 1739 in
2307 1686 2509 1756 parte
2534 1675 2709 1755 Regi
2736 1674 3222 1739 Romanorum

838 1846 1137 1891 Alcibiades
1158 1846 1385 1889 Gothart
1404 1844 1863 1890 wratislaviensis
1885 1844 2138 1901 Sylesius.

836 1917 1197 1973 Wolphangus
1222 1917 1553 1972 Wildperger
1576 1916 2014 1971 Eberspergensis
2036 1914 2272 1960 Bauarus
2309 1917 2488 1971 [dioec.
2511 1916 2872 1970 frisingensis]-

836 1989 1087 2033 Melchior
1109 1989 1335 2033 Gertner
1353 1988 1809 2032 &Vratislaviensis
1841 1986 2091 2045 Sylesius.

842 2060 1119 2106 Florianus
1139 2061 1285 2105 XValt
1308 2060 1605 2105 Cat-inthius
1629 2060 1960 2114 [archidioec.
1983 2060 2418 2114 salisburgensis].

836 2132 881 2175 N
886 2133 1082 2177 icolaus
1101 2132 1393 2189 &Veydman
1416 2132 1687 2175 Heluetxus
1708 2130 2082 2176 Heremitensis
2099 2132 2366 2175 Dioecesis
2387 2130 2815 2175 constantiensis.

840 2204 1064 2256 joannes
1086 2204 1310 2249 Zimmer
1331 2202 1605 2259 Spirensis,

839 2273 1137 2319 Bernartius
1156 2274 1528 2329 Wiidnperger
1546 2274 1918 2319 Lanzionensis
1935 2274 2298 2329 Frisingensis.

841 2346 1111 2401 Gasparus
1132 2347 1353 2401 Krieger
1374 2346 1715 2392 Labacensis.

840 2417 1109 2472 Gasparus
1129 2418 1381 2473 VViltzlng
1411 2418 1845 2472 Saltzburgensis.

839 2489 1177 2534 Sebastianus
1198 2489 1403 2534 Molitor
1424 2490 1611 2545 Styrus
1634 2490 1811 2543 [dioec.
1838 2490 2250 2542 neostadiensis1.

840 2560 1133 2616 Stephanus
1154 2560 1428 2615 Fasthang
1450 2561 1637 2617 Styrus
1660 2562 1840 2616 [dioec.
1864 2562 2278 2613 neostadiensisl.

841 2631 1245 2688 christophorus
1266 2632 1528 2677 Hermann
1560 2632 1814 2690 Syleslus.

835 2704 977 2755 (Coti.
997 2716 1127 2749 rom.
1150 2705 1252 2748 All.
1274 2704 1389 2747 coll.
1410 2716 1597 2757 germ..
1619 2716 1667 2759 p.
1688 2704 1797 2755 6-9).
1820 2704 1964 2757 Quae
1995 2706 2142 2749 uncis
2165 2706 2438 2760 quadratis
2466 2708 2667 2750 inclusa
2687 2716 2806 2749 sunt
2828 2708 2892 2748 ab
2925 2704 3222 2749 eminentis·

750 2778 882 2820 simo
902 2776 1156 2820 cardinali
1178 2776 1396 2820 Andrea
1420 2775 1745 2819 Steinhuber
1764 2788 1827 2819 ex
1860 2778 2076 2831 antiquo
2098 2776 2286 2822 “Libro
2307 2779 2716 2822 iuramentorum
2734 2808 2755 2825 ..
2778 2777 2983 2831 collegii
3005 2777 3222 2830 aliisque

756 2848 983 2891 fontibus
1002 2854 1153 2891 eruta
1174 2858 1237 2891 ac
1271 2859 1468 2891 mecum
1504 2848 1794 2891 liberaliter
1812 2847 2196 2893 communicata
2229 2858 2365 2892 sunt.
2399 2848 2476 2893 Cf.
2499 2848 2728 2892 eiusdem
2763 2848 3101 2893 “Geschichte
3135 2848 3224 2891 des

754 2918 1044 2972 Collegium
1066 2918 1455 2971 Germanicum„
1476 2929 1509 2965 1.
1540 2918 1709 2967 ιιι-«12...

833 2989 900 3033 Hi
922 2990 1124 3034 Vienna
1147 2990 1361 3034 Romam
1384 3001 1565 3033 versus
1586 2990 1712 3033 “alli
1737 2990 1787 3033 15
1807 2991 1855 3034 di
1879 2990 2076 3034 febraio
2101 3003 2130 3043 ρ
2151 2993 2370 3035 artu-ono
2393 3002 2488 3034 con
2521 2992 2720 3045 patenti
2745 2992 2806 3034 de
2828 3004 2924 3034 sua
2947 2991 3147 3035 Maesta⁴
3168 3000 3221 3033 et

750 3062 837 3105 del
866 3061 1315 3105 Reverendissimo
1350 3061 1539 3104 Nuntio
1570 3072 1704 3105 novo
1739 3070 1792 3105 et.
1827 3060 2229 3105 l·1mbasciador
2252 3064 2388 3106 della
2422 3062 2554 3107 Sria.
2575 3063 2623 3106 di
2648 3062 2919 3111 Venetia...
2943 3062 3220 3112 Polancus.

752 3144 820 3175 ex
840 3144 992 3184 com„
1010 3134 1188 3187 ignoto
1209 3134 1413 3175 cuidam
1436 3132 1575 3176 Patri
1601 3134 1651 3176 14
1672 3132 1847 3177 Martii
1874 3134 2001 3176 155⁴.

832 3204 1047 3249 Romam
1068 3207 1379 3259 appulerunt
1400 3206 1498 3247 2ὁ.“
1520 3204 1710 3248 Martii.
1743 3204 1839 3249 “Li
1860 3204 2116 3249 Tudeschi
2139 3216 2416 3249 arrivorno
2437 3207 2474 3249 il
2495 3206 2716 3249 secondo
2737 3208 2919 3259 giorno
2939 3206 2990 3247 di
3023 3204 3222 3248 Pascha

750 3287 785 3319 a
806 3275 1014 3327 Roma...
1036 3276 1307 3327 Polancus,
1330 3287 1395 3318 ex
1414 3286 1565 3327 com..
1586 3276 1732 3319 Patri
1754 3274 1966 3321 Caesari
1993 3276 2178 3327 Helmi.
2199 3278 2250 3321 31
2283 3276 2457 3321 Martii
2481 3278 2601 3320 1551.

832 3346 991 3391 Plura
1013 3348 1073 3391 de
1098 3348 1159 3390 ils
1180 3360 1231 3390 ct
1253 3348 1314 3390 de
1336 3348 1499 3399 modo,
1523 3359 1622 3401 quo
1644 3347 1836 3391 Romae
1858 3350 2063 3403 excepti
2084 3358 2218 3397 sunt.
2241 3349 2448 3403 scripsit
2475 3348 2728 3392 Polaticus
2749 3348 2888 3391 Patri
2915 3351 2975 3392 de
2997 3348 3177 3405 Lanoy
3197 3349 3225 3388 :3

754 3420 964 3474 Aprilis.
984 3418 1215 3473 Longum
1244 3419 1395 3463 nimis
1415 3428 1552 3463 esset
1584 3419 1667 3461 hic
1689 3429 1750 3462 ea
1774 3420 2154 3471 transcribere;
2179 3420 2275 3463 hoc
2299 3428 2471 3463 tamen
2499 3422 2651 3473 juvat
2675 3431 2981 3473 excerpere:
3005 3419 3222 3463 “Nostro

756 3490 919 3535 Padre
942 3491 1011 3534 ha
1031 3492 1239 3545 parlato
1260 3498 1311 3534 et
1334 3494 1539 3534 toccato
1560 3493 1613 3534 la
1633 3502 1784 3535 mano
1804 3502 1837 3534 a
1858 3491 1981 3535 tutti
2003 3492 2038 3534 li
2059 3492 2300 3536 ventidue
2332 3491 2632 3543 Tudeschi.„

832 3562 901 3605 Et
926 3562 975 3605 10
994 3562 1312 3616 Septembris
1338 3564 1478 3606 Patri
1500 3561 1715 3605 Nicolao
1736 3564 1797 3605 de
1820 3562 2018 3619 Lanoy:
2041 3562 2204 3606 'Delli
2227 3563 2280 3606 24
2301 3562 2529 3606 mandati
2555 3563 2604 3605 di
2629 3562 2832 3606 Vienna
2853 3596 2861 3608 .
2883 3562 2910 3604 3
2929 3574 3052 3606 sono
3085 3574 3222 3607 man·

746 3634 861 3677 dati
893 3634 1065 3685 suora;
1100 3645 1196 3677 uno
1230 3634 1491 3677 chiamato
1526 3634 1777 3678 Giacomo
1800 3634 2092 3677 viennense
2113 3667 2122 3685 .
2147 3636 2284 3677 altro
2315 3635 2579 3677 chiamato
2602 3633 2921 3687 Wguisango
2943 3636 3062 3687 (sic)
3097 3634 3224 3677 The-

750 3707 921 3757 desco‚
942 3706 1078 3748 altro
1102 3705 1313 3748 Nicolao
1336 3704 1603 3758 Sguizaro.
1628 3707 1661 3748 li
1685 3706 1825 3759 quali
1846 3716 1947 3748 non
1969 3707 2178 3749 volsero
2198 3713 2402 3749 restare
2425 3706 2565 3748 nella
2587 3705 2966 3755 obedientia...„

834 3778 847 3809 ¹
906 3777 1138 3828 “Quanto
1160 3788 1191 3819 a
1212 3778 1379 3829 questi
1400 3777 1625 3821 scholari
1646 3776 1904 3821 Tudeschi
1925 3778 2042 3820 noui
2057 3810 2068 3827 .
2091 3778 2280 3831 perche
2301 3778 2337 3819 ii
2361 3776 2400 3819 R
2434 3776 2488 3819 P.
2515 3776 2735 3819 Polanco
2759 3788 2838 3819 me
2861 3778 2928 3819 ha
2947 3777 3218 3821 stimulato

749 3857 897 3891 tante
920 3850 1057 3891 uolte
1080 3849 1175 3891 che
1198 3849 1246 3891 io
1269 3848 1301 3891 ii
1332 3849 1621 3901 mandasse,
1643 3860 1743 3892 non
1764 3848 2091 3902 adiungendo
2115 3850 2160 3891 le
2183 3849 2462 3891 conditioni
2483 3856 2536 3891 et
2557 3849 2809 3901 qualitadi
2831 3848 2881 3891 di
2905 3850 3035 3899 loro,
3057 3848 3161 3891 cosi
3187 3850 3220 3890 li

752 3924 815 3963 lio
836 3919 1081 3963 mandato
1103 3929 1197 3963 con
1219 3920 1254 3961 il
1276 3918 1679 3962 consentimento
1701 3920 1822 3963 delli
1844 3919 1970 3963 altri
1995 3918 2100 3962 RR.
2120 3919 2301 3971 Padi-i,
2325 3920 2520 3963 benche
2542 3930 2640 3962 non
2665 3920 2729 3962 mi
2751 3922 2778 3961 e
2802 3930 2957 3973 parso
2979 3920 3072 3962 che
3096 3926 3220 3962 tutti

748 3991 943 4035 sussino
966 3991 1153 4045 equali.
1178 3989 1261 4033 Ma
1282 4000 1431 4045 spero
1458 3992 1689 4033 tuttavia
1710 3991 1805 4034 che
1828 3993 2066 4034 almanco
2102 3991 2151 4035 di
2185 3991 2354 4044 questi
2385 4002 2428 4033 si
2457 3991 2574 4033 fara
2603 4002 2703 4033 una
2733 3992 2868 4033 bona
2903 3991 3136 4034 raccolta
3171 3993 3222 4033 al

750 4072 923 4117 tempo
953 4073 1060 4112 suo,
1084 4073 1180 4115 pur
1200 4069 1459 4115 prometto
1480 4073 1512 4104 a
1536 4061 1600 4104 V.
1622 4061 1682 4104 R.
1704 4072 1804 4105 non
1827 4062 2044 4106 mandax·
2063 4062 2186 4107 altri
2211 4063 2506 4107 sacilmente
2522 4094 2532 4114 ,
2553 4062 2776 4106 secondo
2797 4063 2890 4105 che
2922 4072 3002 4106 me
3023 4062 3092 4105 ha
3111 4064 3196 4105 aui
3211 4084 3222 4093 ·

746 4142 865 4177 sato
888 4134 921 4177 il
953 4133 1013 4177 R.
1036 4133 1093 4175 P.
1114 4133 1340 4176 Polanco
1379 4132 1543 4186 Prego
1567 4134 1617 4175 ia
1648 4135 1979 4187 perdonanza
2008 4134 2332 4183 umilmente.
2355 4135 2450 4177 che
2471 4134 2524 4177 in
2543 4143 2725 4187 questo
2755 4133 3006 4187 principio
3025 4142 3126 4176 non
3156 4133 3220 4175 ho

750 4208 885 4249 fatto
905 4206 939 4249 il
961 4206 1134 4249 debito
1156 4205 1255 4248 mio
1284 4206 1505 4247 secondo
1526 4205 1620 4248 che
1650 4206 1699 4247 io
1719 4204 1906 4249 adesso
1934 4205 2191 4259 intendo...
2211 4204 2450 4249 Canisius
2483 4204 2674 4249 Sancto
2707 4204 2932 4258 Ignatio,
2955 4204 3006 4247 16
3025 4204 3223 4258 Aprilis

754 4278 873 4321 1554.
896 4276 1326 4327 ΒκΑυΝεΒειωεκ,
1346 4278 1381 4317 1.
1404 4286 1468 4327 c.,
1490 4286 1610 4329 pag.
1631 4276 1733 4319 457.

831 4348 853 4381 ²
906 4348 975 4392 *11
998 4348 1300 4391 Reuerendo
1318 4354 1497 4390 nostro
1514 4346 1668 4391 Patre
1686 4347 1867 4405 Lanoij
1887 4362 1985 4394 non
2002 4350 2201 4395 scrieue
2219 4350 2422 4401 adesso.
2441 4350 2630 4403 perche
2653 4352 2679 4393 e
2702 4349 2895 4393 andato
2918 4360 2966 4391 in
2989 4347 3218 4402 Ungeria

746 4432 840 4475 per
874 4420 1138 4464 confessar
1171 4430 1273 4462 una
1305 4420 1643 4473 gentildonna
1662 4418 1918 4474 Italiana.
1941 4422 2118 4476 laqual
2138 4428 2224 4465 sta
2245 4423 2393 4475 quasi
2425 4432 2518 4475 per
2550 4422 2753 4465 morire.
2776 4420 2845 4464 Et
2865 4422 2998 4463 cossi
3033 4420 3219 4474 hoggie

748 4504 873 4538 sono
894 4494 921 4535 8
942 4492 994 4535 di
1028 4493 1122 4535 che
1154 4492 1235 4535 sia
1268 4502 1363 4535 sua
1394 4490 1709 4536 Reuerentia
1736 4499 1879 4537 stato
1907 4495 2074 4539 fuora.
2097 4492 2200 4537 Pur
2233 4504 2376 4536 come
2409 4504 2666 4547 spasmo,
2703 4495 2918 4537 tornata
2949 4497 3146 4547 presto.
3167 4502 3224 4534 et

744 4565 879 4608 dara
914 4566 1001 4619 piu
1035 4562 1167 4607 auizi
1204 4562 1335 4605 delle
1367 4574 1483 4605 cose
1520 4570 1697 4607 nostre
1728 4566 1863 4608 nelle
1897 4577 1989 4610 sue
2023 4567 2221 4617 litere.„
2257 4564 2496 4608 Canisius
2519 4564 2740 4609 Polanco
2769 4566 2796 4607 5
2829 4562 3063 4615 januarii
3100 4563 3218 4606 1551.

750 4636 1177 4687 Baauxsnsnosn,
1198 4636 1231 4677 1.
1254 4646 1316 4689 c.,
1338 4646 1456 4689 pag.
1478 4635 1765 4681 ‹ua—Vide
1786 4649 1961 4693 supra,
1985 4648 2021 4682 t.
2048 4649 2122 4691 ιιι,
2139 4648 2263 4693 pag.
2283 4638 2380 4692 2⁴6,
2403 4648 2451 4681 n.
2471 4637 2570 4683 550.

832 4708 855 4741 ³
910 4708 1043 4751 Vide
1065 4716 1240 4759 supra,
1264 4713 1302 4750 t.
1324 4718 1395 4761 ιιι,
1416 4718 1537 4761 pag.
1558 4707 1654 4763 248,
1676 4722 1724 4753 n.
1741 4710 1837 4755 557.
