3742 5392
728 456 836 515 240
1644 458 1898 519 Canon.
1942 458 2092 519 Soc.
2134 460 2272 532 Jas.

721 604 981 666 bantur
1024 620 1244 685 usque
1290 604 1497 683 ade0,
1546 614 1621 667 ut
1664 606 1879 667 etiarn
1929 604 2260 669 catholici
2313 604 2980 667 communicandum
3035 622 3191 667 esse

724 711 852 772 sub
910 719 1208 791 utraque
1260 712 1494 791 specie
1545 712 1891 788 dicerent,
1947 725 2016 776 et
2078 713 2266 793 quod
2324 711 2656 775 Summus
2707 710 3035 774 Pontifex
3085 722 3192 775 tot

722 816 1087 881 hominum
1116 819 1449 897 millibus,
1488 820 1603 900 qui
1635 838 1795 882 cum
1834 821 1956 883 tali
1999 820 2526 900 dispensatione
2572 817 2955 897 adjuvandi
2997 819 3187 881 vide·

724 924 1001 1002 bantur,
1059 925 1346 989 deberet
1395 927 1837 1007 prospicere:
1893 928 2016 990 sed
2067 929 2172 989 sic
2223 927 2360 990 hoc
2413 926 2762 1005 urgebant
2815 925 3072 1005 ungari
3121 936 3190 988 et

724 1031 907 1095 aliae
954 1032 1403 1111 provinciae,
1457 1045 1533 1096 ut
1584 1050 1671 1096 ne
1721 1034 2072 1115 patienter
2124 1044 2585 1114 expectarent
2629 1031 2910 1112 quidem
2966 1032 3187 1095 donec

724 1136 1157 1216 dispensatio
1209 1149 1585 1218 peteretur.
1631 1140 1983 1204 Numerus
2024 1151 2259 1204 autem
2303 1140 2822 1202 haereticorum
2866 1137 3190 1202 Viennae

727 1244 933 1308 valde
974 1246 1400 1326 augebatur,
1454 1265 1587 1310 nec
1632 1258 1920 1329 propter
1958 1246 2356 1326 huJusmodi
2393 1246 2554 1309 fidei
2604 1246 2956 1309 defectum
3000 1247 3192 1325 quis-

722 1368 935 1431 quam
966 1352 1388 1433 puniebatur
1424 1356 1461 1417 '.
1496 1354 1599 1417 Eo
1631 1356 1914 1418 demum
1944 1371 2060 1418 res
2088 1354 2418 1431 redierat,
2454 1366 2552 1431 ut,
2588 1369 2748 1415 cum
2795 1352 2949 1415 Rex
2983 1353 3190 1416 vellet

724 1460 1167 1539 praelaturas
1218 1470 1288 1524 et
1335 1460 1807 1541 Episcopatus
1861 1463 2142 1525 selectis
2185 1461 2363 1523 viris
2406 1470 2474 1523 et
2517 1459 2791 1522 idoneis
2838 1460 3184 1537 conferre,

724 1567 956 1628 nullus
982 1580 1221 1629 tamen
1250 1565 1655 1646 hujusmodi
1684 1569 2144 1645 inveniretur;
2178 1568 2301 1630 sed
2331 1584 2462 1629 nec
2494 1566 2941 1630 Cathedralis
2968 1568 3186 1629 eccle-

724 1672 829 1734 sia
882 1671 1313 1736 Viennensis
1355 1676 1718 1738 ministros
1760 1674 1984 1737 divini
2035 1676 2264 1738 cultus
2317 1673 2752 1736 inveniebat:
2807 1673 3190 1752 parochiae

728 1796 894 1843 vero
927 1789 1046 1841 aut
1078 1797 1352 1843 vacuae
1384 1798 1423 1842 a
1453 1781 1857 1861 pastoribus
1889 1790 2123 1857 erant,
2160 1790 2278 1843 aut
2313 1780 2400 1841 ab
2433 1780 2779 1859 apostatis
2819 1792 2889 1840 et
2919 1778 3191 1841 infami-

722 1885 852 1947 bus
875 1886 1051 1949 viris
1084 1897 1498 1967 occupatae;
1525 1887 1823 1967 juvenes
1853 1896 2088 1949 autern
2120 1886 2208 1948 ad
2241 1886 2718 1949 sacerdotium
2750 1903 2895 1948 non
2926 1887 3192 1965 aspira—

724 1992 922 2070 bant',
984 2003 1053 2055 et
1110 1992 1470 2058 ferebatur
1525 1995 1780 2073 viginti
1837 1994 2044 2057 annis
2102 2011 2192 2056 ex
2249 2012 2334 2056 ea
2393 1994 2874 2057 Universitate
2933 1993 3190 2072 viginti

725 2100 1135 2162 sacerdotes
1164 2099 1393 2164 factos
1425 2119 1563 2164 non
1596 2101 1809 2164 fuisse
1838 2098 1882 2159 ¹.

841 2205 982 2267 5:29.
1072 2206 1149 2269 In
1182 2208 1350 2270 anni
1382 2224 1763 2287 progressu
1794 2211 2006 2287 paulo
2045 2209 2297 2272 melius
2345 2208 2529 2271 idern
2560 2207 2634 2270 P.
2671 2204 3032 2285 CanisiuS‚
3069 2208 3184 2286 qui

807 2410 821 2441 ¹
883 2408 964 2452 “Io
986 2412 1055 2453 mi
1076 2412 1387 2465 marauiglio
1409 2412 1503 2455 che
1526 2411 1591 2455 fin
1612 2423 1643 2454 a
1664 2414 1750 2465 qui
1770 2423 1870 2455 non
1890 2413 2094 2467 sequita
2115 2412 2151 2456 il
2173 2413 2428 2468 martyrio
2447 2412 2569 2456 delli
2592 2412 2759 2459 buoni.
2778 2412 2829 2455 in
2850 2420 3045 2455 somma
3067 2421 3184 2464 ogni

724 2480 776 2523 di
796 2492 851 2523 se
873 2494 943 2525 va
966 2484 1053 2536 piu
1074 2491 1123 2526 et
1146 2484 1233 2535 piu
1266 2496 1359 2538 per
1379 2495 1591 2527 mancar
1612 2486 1749 2527 nella
1769 2484 2036 2539 Religione
2051 2517 2061 2536 ,
2083 2492 2134 2527 et
2154 2485 2323 2528 anche
2351 2483 2386 2527 li
2409 2482 2665 2527 Catholici
2687 2484 2868 2527 dicono
2899 2483 2990 2525 che
3021 2486 3193 2525 sarria

725 2556 891 2595 buono
914 2554 1262 2598 communicat
1281 2556 1375 2597 sub
1398 2562 1630 2609 utraque.
1650 2566 1701 2598 et
1724 2557 1818 2599 che
1839 2558 1893 2599 la
1915 2556 2018 2600 Sua
2041 2556 2249 2600 Santita
2265 2556 2482 2599 haneria
2499 2555 2780 2609 proaedere
2798 2566 2830 2597 a
2847 2559 2991 2597 tante
3011 2552 3195 2596 millia·

725 2625 807 2668 ria
828 2624 890 2667 de
910 2626 1079 2679 genti,
1102 2627 1137 2669 li
1160 2627 1299 2680 quali
1322 2637 1416 2670 con
1439 2629 1513 2670 tal
1534 2626 1915 2681 dispensatione
1940 2630 2260 2682 potrebbono
2281 2640 2344 2671 ex
2364 2634 2516 2681 parte
2537 2637 2681 2669 esser
2701 2625 2978 2679 adglutati.
2996 2624 3065 2667 Et
3085 2626 3194 2667 cosi

724 2706 777 2738 se
799 2706 1132 2740 murmuratio
1153 2697 1189 2741 li
1212 2697 1415 2751 Vngari
1435 2709 1527 2752 per
1548 2704 1685 2742 tutto
1706 2710 1799 2743 con
1820 2707 2000 2753 queste
2031 2702 2169 2744 altre
2201 2700 2510 2753 prouintie...
2533 2709 2596 2741 ne
2625 2708 2750 2741 sono
2770 2697 2874 2741 mai
2904 2696 3070 2750 puniti
3101 2706 3194 2749 per

725 2768 800 2810 tal
821 2767 1106 2811 defectione
1130 2773 1256 2820 etc.,.
1278 2768 1514 2813 Canisius
1535 2770 1759 2814 Polanco
1780 2772 1807 2813 5
1826 2770 2061 2823 januarii
2086 2771 2209 2816 1554.
2230 2770 2655 2819 Βκᾼυκεεειιῦειι,
2679 2771 2711 2811 1.
2735 2781 2795 2820 c.,
2817 2778 2937 2821 pag.
2958 2768 3052 2809 443.

712 2887 717 2893 ,
802 2840 826 2871 ²
882 2838 952 2882 “Il
974 2839 1047 2882 Re
1079 2840 1119 2883 si
1154 2848 1305 2884 troua
1340 2842 1386 2884 in
1420 2843 1587 2895 questi
1621 2843 1825 2887 termini
1861 2844 1954 2886 che
1984 2844 2202 2887 nolendo
2236 2844 2360 2887 dare
2399 2840 2626 2895 beneficij
2647 2874 2656 2889 .
2681 2842 2952 2894 prelatura
2985 2845 3033 2881 et
3060 2837 3188 2879 Ves-

724 2910 935 2956 chouati
956 2923 987 2955 a
1008 2924 1223 2966 persone
1246 2925 1313 2957 vn
1335 2914 1499 2968 pocho
1520 2914 1765 2968 disposte.
1786 2926 1886 2959 non
1906 2927 2005 2969 puo
2025 2924 2237 2958 tronare
2253 2924 2470 2957 nessuno
2489 2912 2640 2968 dapoi
2659 2914 2792 2956 tanti
2813 2914 2958 2957 mezi.

805 2981 899 3031 „Et
916 2982 1049 3025 cossi
1066 2984 1229 3025 anche
1248 2984 1297 3026 la
1314 2984 1568 3027 Ecchieza
1585 2984 1900 3028 cathedrale
1915 2986 1999 3039 qui
2017 2996 2117 3028 non
2131 2998 2232 3040 puo
2252 2994 2432 3029 trouar
2448 2985 2690 3028 ministri.
2709 2995 2734 3026 e
2758 2983 2992 3029 officiati.
3013 2992 3064 3027 et
3087 2996 3192 3026 res—

723 3060 846 3095 tano
869 3052 915 3093 le
936 3052 1178 3104 parochie
1201 3064 1229 3094 ο
1248 3064 1431 3105 vacue,
1450 3064 1608 3097 ouero
1628 3062 1878 3108 occupate
1899 3054 2021 3097 delli
2042 3056 2272 3109 apostati
2293 3061 2346 3097 et
2366 3064 2583 3108 persone
2603 3054 2813 3106 infami,
2837 3066 2896 3097 ne
2921 3054 2955 3097 li
2979 3054 3188 3108 giouani

722 3134 778 3165 se
809 3133 999 3165 curono
1020 3123 1102 3166 del
1123 3126 1433 3179 sacerdotiO,
1462 3128 1711 3169 taimente
1732 3126 1827 3169 che
1860 3126 1921 3169 de
1944 3136 2128 3180 questa
2151 3126 2454 3171 Vniuersita
2473 3132 2644 3174 (come
2677 3125 2888 3177 dicono)
2919 3126 2968 3169 in
2999 3124 3053 3167 20
3071 3126 3194 3167 anni

720 3196 869 3249 quasi
886 3206 985 3249 non
1001 3206 1123 3238 sono
1141 3196 1260 3239 fatti
1276 3196 1329 3240 20
1342 3198 1478 3251 preti
1495 3206 1619 3249 etc...
1637 3197 1874 3242 Canisius
1891 3206 1945 3240 ut
1966 3210 2140 3253 supra.
2164 3198 2358 3251 Quibus
2375 3197 2546 3241 subdit
2569 3197 2738 3239 editor
2757 3197 3187 3240 Bnauusntamta:

721 3266 902 3310 “Anno
926 3266 1028 3309 1544
1048 3274 1261 3310 senatus
1286 3268 1573 3313 viennensis
1593 3281 1708 3313 cum
1724 3270 2086 3314 visitatoribus
2107 3271 2358 3314 dioecesis
2379 3269 2677 3312 viennensis
2695 3274 3002 3322 conquestus
3018 3278 3112 3311 est:
3135 3266 3192 3309 In

724 3340 947 3382 ecclesia
966 3338 1258 3383 cathedrali
1277 3340 1327 3382 S.
1351 3338 1599 3396 Stephani
1619 3352 1777 3385 antea
1802 3344 1851 3385 18
1870 3343 2172 3386 sacerdotes
2198 3341 2522 3386 contionibus
2540 3372 2552 3392 ,
2567 3348 3012 3383 sacramentorum
3033 3340 3195 3382 admi-

724 3410 1049 3460 nistrationi.
1082 3412 1201 3453 aliis
1232 3412 1397 3454 sacris
1431 3413 1729 3457 ministeriis
1760 3425 1972 3468 operam
1994 3413 2217 3467 dedisse3
2254 3414 2358 3457 iam
2397 3413 2618 3457 autem6
2653 3418 2854 3454 tantum
2894 3412 3193 3454 sacerdotes

723 3488 877 3536 atque
899 3482 1035 3525 inter
1056 3494 1143 3525 eos
1163 3483 1291 3525 duos
1313 3490 1514 3527 tantum
1534 3486 1919 3529 contionatores
1938 3496 2224 3540 superesse.
2261 3484 2583 3537 Wiedemau,
2607 3484 2641 3526 1.
2664 3493 2723 3533 c.,
2746 3482 3076 3533 (Geschichte
3099 3482 3190 3523 der

726 3552 1077 3597 Reformation
1106 3554 1207 3619 unfl
1240 3554 1753 3608 Gegenrei'ormation
1785 3556 1836 3599 in
1870 3556 2049 3601 Lande
2082 3564 2235 3599 unter
2269 3556 2362 3600 der
2393 3554 2536 3598 Enns
2570 3553 2729 3608 [Prag
2765 3554 2884 3607 1879]
2920 3565 2980 3603 11,
3015 3556 3186 3597 394⁰.

722 3622 1078 3668 Ferdinanclus
1110 3625 1220 3669 Rex
1252 3630 1263 3667 1
1293 3625 1529 3678 januarii
1561 3628 1665 3672 1551
1694 3638 1745 3671 et
1774 3630 1827 3672 24
1847 3628 1971 3681 Julii
2003 3627 2107 3672 1556
2139 3630 2390 3671 ecclesiae
2421 3628 2494 3670 illi
2527 3626 2990 3679 “reformationes„
3025 3626 3190 3677 dedit,

716 3706 847 3750 quae
880 3698 1019 3751 typis
1054 3698 1345 3752 exscriptae
1367 3705 1484 3742 sunt
1504 3702 1572 3743 ab
1604 3700 1790 3743 Herm.
1816 3700 2100 3749 Zschokke‚
2120 3698 2434 3743 Geschichte
2460 3698 2550 3742 des
2571 3696 3193 3752 Metropolitan-Capiteis

718 3778 831 3809 zum
853 3766 1078 3821 heiligen
1103 3768 1333 3823 Stephan
1356 3772 1407 3813 in
1429 3770 1581 3815 &Vien
1614 3770 1783 3825 [Wien
1810 3773 1941 3825 1895]
1965 3782 2012 3825 p.
2038 3769 2234 3814 121—130.
2257 3769 2453 3814 Canisii
2475 3780 2686 3823 operam
2711 3771 2760 3811 in
2783 3781 2850 3812 ea
2871 3780 2927 3811 re
2949 3770 3194 3813 interces—

722 3840 849 3882 sisse
872 3847 955 3881 sat
978 3841 1256 3884 verisimile
1281 3850 1405 3893 est.„
1425 3844 1458 3885 1.
1494 3854 1555 3895 c.,
1580 3854 1697 3897 pag.
1718 3844 1814 3886 4⁸3.

806 3910 978 3965 Atque
1007 3912 1087 3954 hic
1112 3913 1333 3956 observa
1362 3922 1504 3957 recte
1538 3926 1571 3958 a
1603 3914 2012 3958 Baavxssaaona
2033 3914 2362 3959 emendatum
2392 3922 2650 3966 errorem,
2675 3913 2758 3966 qui
2781 3924 2843 3955 ex
2881 3910 3040 3955 Bostu
3071 3924 3193 3966 apo-

724 3983 925 4036 grapho
958 3985 1209 4037 epistolae
1228 3984 1538 4030 Canisianae
1569 3986 1755 4041 (habet
1788 3988 1885 4029 hoc
1907 3987 2010 4030 due
2040 3988 2192 4041 preti
2221 3988 2334 4030 loco
2353 3984 2424 4028 20
2438 3985 2620 4038 preti)
2653 3984 2865 4037 irrepsit
2897 3985 2948 4027 in
2979 3984 3194 4035 JOANMS

724 4052 943 4105 JAnssax
969 4054 1279 4098 Gesclaeichte
1300 4057 1395 4099 des
1415 4057 1705 4101 deutschen
1740 4057 1954 4110 WoIkeS,
1973 4056 2076 4107 (IV
2101 4058 2171 4111 [14
2191 4058 2267 4101 ed.
2297 4055 2431 4109 18911,
2447 4054 2535 4106 98).
2557 4054 2812 4098 Polancus
2841 4055 2992 4107 enim,
3015 4056 3192 4107 procul

725 4126 877 4169 dubio
900 4128 949 4169 in
974 4130 1318 4182 autographo,
1350 4129 1476 4182 legit
1498 4129 1583 4173 20.

804 4198 899 4241 fiis
920 4206 1092 4242 autem
1112 4232 1122 4251 ,
1145 4212 1275 4254 quae
1296 4203 1558 4245 scribebat
1582 4200 1841 4251 Canisius.
1862 4202 2130 4255 rescripsit
2154 4200 2406 4245 Polancus
2428 4200 2608 4243 eadem
2629 4198 2682 4241 27
2704 4196 2991 4241 Februarii:
3017 4198 3102 4241 “L'
3121 4200 3194 4241 ul-

726 4268 847 4313 time
870 4271 919 4313 di
943 4269 1005 4313 V.
1029 4270 1089 4314 R.
1112 4282 1235 4315 sono
1256 4272 1352 4315 (115
1370 4280 1421 4315 et
1442 4273 1491 4316 21
1514 4274 1562 4316 di
1594 4272 1853 4325 Gennaio;
1878 4281 1928 4317 et
1953 4282 2145 4328 quanto
2167 4274 2274 4316 alla
2304 4272 2533 4316 carestia
2555 4271 2616 4315 de
2649 4270 2910 4314 sacerdoti
2933 4270 3192 4314 crediamo

723 4344 803 4385 sia
824 4344 1019 4396 grande
1042 4352 1092 4387 et
1116 4345 1149 4387 il
1174 4344 1396 4387 remedio
1418 4348 1540 4388 sara
1560 4346 1761 4389 alleuar
1782 4346 1928 4389 molti
1949 4345 2161 4400 giovani
2182 4346 2264 4387 nel
2287 4343 2518 4397 Collegio
2540 4341 2852 4386 Germanico
2873 4341 2922 4384 di
2947 4353 3064 4395 qua,
3091 4353 3120 4385 ο
3142 4344 3194 4385 in

726 4415 864 4458 altro
885 4414 1075 4469 simile,
1100 4416 1238 4469 quali
1260 4415 1302 4459 si
1325 4427 1543 4471 possono
1564 4418 1781 4461 mandar
1803 4416 2074 4461 Sacerdoti
2096 4424 2146 4460 et
2170 4417 2419 4471 litterati,
2441 4427 2470 4459 o
2491 4425 2617 4459 vero
2639 4416 2960 4469 promoversi
2984 4414 3031 4456 di
3069 4416 3122 4457 la
3143 4416 3192 4457 a}

728 4484 1043 4531 sacerdotio,
1068 4485 1131 4529 Se
1166 4488 1325 4531 etiam
1348 4488 1535 4532 sossino
1556 4489 1795 4533 honorati
1816 4498 1867 4533 et
1890 4488 2207 4533 remunerati
2228 4499 2324 4532 con
2345 4489 2538 4532 intrate
2560 4486 2949 4530 ecclesiastiche
2981 4487 3014 4529 li
3038 4487 3192 4529 buoni

726 4555 890 4609 preti,
924 4555 1063 4598 forsa
1092 4558 1379 4600 sarebbono
1414 4558 1463 4601 in
1496 4560 1733 4613 maggior
1765 4570 1992 4603 numero.
2025 4558 2331 4613 Sopratutto
2365 4558 2586 4601 orandus
2617 4564 2695 4600 est
2731 4555 2981 4599 Dominus
3011 4558 3196 4599 messis

728 4626 904 4668 mittat
928 4628 1218 4681 operarios,
1241 4633 1366 4679 etc.„

813 4695 1005 4739 Canisii
1027 4696 1233 4740 litterae
1254 4698 1321 4741 ad
1343 4700 1619 4744 Polaticum
1640 4702 1795 4745 datae
1816 4702 1863 4744 21
1889 4700 2122 4753 januarii
2153 4700 2368 4755 periisse
2389 4702 2647 4745 videntur.
