3742 5392
734 446 847 505 122
1654 444 1911 505 Canon.
1953 444 2108 503 Soc.
2145 445 2287 519 με.

732 590 872 656 sibi
901 590 1275 672 displicere
1314 590 1796 670 significabat,
1838 587 2172 653 credibile
2211 597 2366 654 erat
2407 587 2600 669 quod
2637 588 2920 652 Patavii
2955 588 3204 651 codem

736 699 953 763 modo
984 716 1135 762 rem
1165 707 1352 761 esset
1383 706 1838 777 accepturus;
1885 705 1954 760 et
1993 696 2056 759 si
2093 695 2262 776 quid
2303 694 2493 759 dubii
2536 704 2978 773 nasceretur,
3025 694 3206 758 arbi-

739 806 879 869 trio
909 806 987 869 P.
1021 804 1357 870 Caesaris
1384 804 1459 869 id
1486 803 2094 883 committebatur,
2128 803 2248 883 qui
2276 812 2426 866 tam
2456 802 2733 867 Veneto
2763 819 2974 883 quam
3002 800 3206 865 Pata-

740 913 911 976 vino
940 920 1309 992 praeerat;
1341 920 1411 975 et
1440 928 1603 974 cum
1634 908 1918 973 adesset
1945 908 2034 973 D.
2062 909 2326 988 Priori,
2351 919 2662 973 mentem
2683 909 2906 989 ipsius
2927 909 3210 973 facilius

732 1036 1175 1099 cognoscere
1206 1027 1486 1099 poterat
1520 1016 1561 1080 ¹.

860 1662 1001 1726 239.
1088 1660 1168 1727 In
1208 1663 1368 1725 loco
1417 1660 1718 1725 Bassani
1766 1669 1915 1724 toto
1965 1661 2102 1724 hoc
2156 1677 2344 1724 anno
2395 1660 2470 1724 P.
2519 1659 2804 1741 Gaspar
2847 1658 3212 1741 Gropillus

742 1770 1038 1847 mansit,
1073 1769 1223 1849 qui,
1257 1784 1387 1847 pro
1428 1784 1625 1831 more
1655 1783 1787 1830 suo
1812 1816 1825 1844 ,
1859 1768 2108 1831 diebus
2137 1767 2512 1831 dominicis
2540 1769 2614 1831 in
2643 1767 2901 1847 oppido
2932 1766 3208 1831 concio-

738 1877 1077 1953 nabatur,
1111 1884 1181 1939 et
1208 1874 1694 1938 confessiones
1723 1872 2095 1955 cujusdam
2123 1874 2730 1938 confraternitatis
2755 1876 2830 1938 in
2851 1892 2982 1937 suo
3015 1875 3208 1937 here-

742 1984 1024 2049 mitorio
1074 1982 1428 2046 audiebat.
1479 1981 1593 2044 Ab
1642 1981 1761 2044 illo
1810 1991 2050 2045 autem
2099 1981 2532 2045 monasterio
2592 1982 3003 2045 monialium
3027 2030 3042 2059 ,
3093 1982 3210 2045 cui

735 2108 928 2154 anno
978 2087 1431 2169 praecedenti
1478 2105 1681 2151 suam
1731 2104 2026 2168 operam
2072 2088 2550 2168 praestiterat,
2597 2086 2746 2168 jam
2796 2089 2974 2152 liber
3023 2096 3202 2165 erat,

742 2215 907 2261 nam
947 2197 1127 2260 alius
1166 2195 1645 2259 confessarius
1686 2195 1823 2258 illis
1859 2204 2280 2276 prospectus
2317 2193 2395 2257 P.
2438 2194 2835 2275 Gasparem
2888 2196 3208 2258 subleva·

738 2307 885 2368 bat.
918 2303 1263 2384 Cupiebat
1292 2302 1405 2366 ille
1435 2303 1893 2368 vehementer
1917 2311 1994 2364 ut
2016 2299 2340 2365 Societas
2363 2303 2638 2383 aliquos
2661 2303 2734 2366 in
2755 2304 2990 2367 locum
3017 2304 3211 2366 illum

746 2410 1088 2489 mitteret;
1121 2426 1287 2472 nam
1317 2408 1648 2485 Bassani,
1681 2409 1801 2471 ubi
1830 2409 2210 2489 collegium
2238 2408 2524 2489 aliquod
2556 2411 2721 2473 utile
2749 2410 2899 2473 fore
2931 2409 3211 2473 videba-

746 2528 892 2595 tur,
924 2526 1215 2597 propter
1258 2516 1497 2597 oppidi
1538 2524 2066 2595 paupertatem,
2100 2516 2266 2579 licet
2308 2517 2460 2596 ipse
2490 2518 2829 2594 tentavit,
2864 2516 3214 2598 primores

746 2623 903 2703 ejus
932 2623 1172 2705 oppidi
1203 2621 1623 2704 alloquendo
1646 2670 1661 2701 ,
1695 2622 1968 2686 institui
1993 2640 2138 2685 non
2169 2622 2377 2687 facile
2407 2633 2708 2705 poterat.

868 2731 1012 2795 240.
1098 2730 1276 2795 Cum
1306 2742 1543 2794 autem
1572 2748 1649 2793 se
1679 2730 1913 2793 minus
1940 2730 2224 2793 facilem
2255 2730 2346 2793 ad
2377 2732 2924 2811 abnegationem
2945 2731 3212 2813 experi-

752 2850 948 2902 retur
984 2856 1197 2919 quam
1241 2838 1641 2901 institutum
1677 2835 2056 2901 Societatis
2091 2846 2383 2901 nostrae
2423 2839 2787 2917 exigebat,
2838 2852 2907 2902 et
2955 2838 3218 2917 alioqui

753 2944 965 3008 valde
988 2960 1382 3025 propensus
1405 2953 1592 3007 esset
1614 2944 1707 3007 ad
1730 2944 1964 3007 locum
1988 2944 2206 3023 illum,
2239 2944 2313 3007 in
2341 2963 2480 3024 quo
2507 2946 2643 3009 sibi
2665 2944 3042 3009 videbatur
3061 2944 3216 3009 Deo

752 3062 825 3114 ct
875 3051 1231 3114 communi
1274 3050 1462 3114 bono
1516 3050 1748 3129 magis
1796 3066 2011 3130 quam
2053 3050 2222 3113 alibi
2259 3052 2610 3115 inservire
2655 3069 2898 3132 posse,
2953 3051 3214 3132 intepe-

754 3175 965 3220 scens
990 3158 1062 3220 in
1083 3156 1368 3221 fervore
1391 3174 1565 3219 suae
1588 3156 2013 3235 vocationiS,
2040 3157 2323 3238 scripsit
2349 3167 2498 3221 tum
2522 3157 2718 3222 Patri
2739 3158 3028 3239 Laynez
3047 3158 3213 3222 Pro-

753 3264 1077 3343 vinciali,
1109 3273 1262 3328 tum
1290 3264 1504 3327 etiam
1534 3261 1611 3327 P.
1643 3262 1920 3339 Ignatio
1938 3311 1953 3341 ,
1986 3271 2064 3326 ut
2091 3264 2153 3327 si
2181 3264 2382 3327 locus
2408 3265 2522 3327 ille
2550 3266 2865 3345 placeret
2885 3314 2900 3343 ,
2939 3266 3217 3346 aliquos

752 3388 845 3434 eo
875 3371 1455 3447 transmitterent,
1488 3370 1551 3432 si
1578 3369 1811 3433 minus
1842 3370 2178 3449 placeret,
2213 3380 2288 3434 ut
2317 3372 2550 3435 locum
2579 3372 2715 3453 ipsi
2741 3373 3216 3449 restituerent,

752 3479 946 3559 quod
975 3477 1312 3543 Societati
1340 3476 1777 3541 offerendum
1805 3486 2207 3555 curaverat,
2242 3485 2312 3540 et
2339 3496 2416 3541 se
2446 3479 2534 3541 ab
2565 3479 2962 3543 obedientia
2989 3478 3220 3543 Socie-

759 3586 925 3649 tatis
948 3586 1419 3664 absolverent;
1450 3600 1526 3649 se
1548 3581 2009 3647 nihilominus
2031 3594 2373 3665 perpetuo
2396 3594 2467 3648 et
2489 3586 2829 3649 Societati
2849 3587 3222 3651 inservitu-

758 3710 917 3756 rum
946 3700 1264 3756 amanter
1292 3692 1367 3755 in
1407 3706 1852 3771 quacumque
1882 3706 1961 3751 re
1993 3699 2256 3770 posset,
2283 3701 2354 3756 et
2382 3693 2770 3774 hospitium
2801 3693 2969 3758 illud
2997 3702 3223 3758 trans·

754 3798 1089 3863 euntibus
1130 3807 1252 3862 aut
1295 3798 1865 3877 valetudinariiS,
1911 3799 2307 3863 mutatione
2345 3801 2534 3865 aeris
2575 3801 3076 3881 indigentibuS,
3108 3818 3224 3865 ex-

760 3906 1167 3971 hibiturum.
1220 3906 1426 3985 Quod
1470 3906 1531 3971 si
1566 3908 1825 3989 aliquis
1866 3909 2288 3988 mitteretur,
2321 3917 2393 3971 et
2441 3917 2516 3972 ut
2555 3926 2762 3971 suum
2801 3907 3226 3972 inhabitaret

760 4028 921 4077 eum
949 4013 1185 4075 locum
1227 4010 1547 4076 Societas
1564 4060 1578 4089 ,
1611 4032 1757 4078 non
1786 4017 2018 4079 solum
2045 4018 2282 4079 locum
2311 4025 2380 4079 et
2409 4014 2830 4079 industriam
2849 4063 2865 4094 ,
2895 4014 3022 4078 sed
3051 4024 3121 4077 et
3150 4031 3227 4077 se

758 4129 989 4183 totum
1016 4128 1341 4200 prompte
1362 4120 1812 4202 donaturum;
1837 4139 2008 4186 nam
2028 4123 2142 4186 vir
2165 4123 2412 4201 bonuS,
2439 4140 2586 4185 non
2609 4122 2888 4186 defectu
2919 4122 3227 4186 dilectio-

758 4226 869 4291 nis
900 4242 1077 4305 erga
1103 4224 1554 4304 Societatem,
1587 4228 1716 4292 sed
1737 4227 1829 4292 ad
1850 4228 1986 4293 Dei
2020 4230 2472 4311 obsequium,
2513 4246 2696 4309 quae
2733 4240 3225 4309 proposuerat,

760 4333 1116 4413 pertinere
1178 4342 1378 4396 ratus
1398 4381 1413 4411 ,
1472 4350 1656 4413 quae
1713 4335 2195 4414 praediximus
2259 4338 2668 4418 scripserat.
2739 4335 2918 4401 Cum
2995 4345 3230 4401 autem

844 4540 863 4573 ¹
922 4538 1141 4594 saepius
1160 4546 1271 4584 toto
1293 4539 1390 4583 hoc
1410 4549 1563 4589 anno.
1584 4538 1719 4585 sicut
1740 4546 1794 4585 et
1814 4542 2246 4596 praecedentibus
2265 4544 2420 4588 immo
2437 4549 2490 4587 et
2507 4544 2858 4597 sequentibus,
2877 4550 3054 4587 actum
3074 4552 3154 4587 est
3168 4544 3234 4586 de

762 4613 912 4656 modo
930 4613 1067 4657 hanc
1088 4610 1437 4665 collegiorum
1457 4609 1701 4657 Patavini
1722 4618 1773 4656 et
1792 4612 1984 4658 Veneti
2006 4616 2276 4669 penuriam
2305 4615 2635 4665 sublevandi.
2669 4614 2761 4659 sed
2796 4614 3048 4661 videndae
3082 4624 3231 4669 prae·

764 4684 946 4728 sertim
968 4684 1181 4728 litterae
1204 4682 1351 4727 Patri
1370 4682 1555 4734 Joannl
1575 4684 1847 4740 Baptistae
1870 4686 2087 4732 Tau-ono
2109 4689 2265 4732 datae
2286 4686 2342 4731 20
2361 4686 2596 4739 Januarli
2620 4688 2740 4731 1554.
