3742 5392
1637 523 1766 581 Ax.
1813 523 1953 581 1554
2928 523 3039 581 555

569 689 742 752 pere
757 670 1118 750 diligebat,
1139 670 1528 750 postularet
1555 667 1570 699 ¹
1597 669 1903 749 hospitio
1928 667 2161 749 excipi
2182 669 2256 730 in
2294 676 2541 732 nostro
2564 666 2882 746 Collegio
2902 717 2916 746 ,
2944 667 3029 730 si-

567 779 929 856 mulatque
969 775 1400 857 explicatum
1438 776 1570 856 ipsi
1611 785 1720 840 est
1759 793 1905 839 non
1944 776 2327 839 convenire
2370 773 2711 839 Societati
2760 786 2835 838 ut
2876 775 3028 839 reli-

564 885 752 965 giosi
781 884 1057 948 externi
1087 901 1246 947 cum
1275 883 1540 946 nostris
1563 881 1967 946 habitarent
1990 881 2012 912 ²
2032 931 2047 960 ,
2088 891 2157 946 et
2186 881 2345 946 ideo
2368 880 2443 944 P.
2471 880 2800 946 Natalem
2827 900 3027 962 prae-

570 992 944 1072 scripsisse
973 990 1432 1054 eborensibus
1462 1009 1550 1054 ne
1581 991 1763 1053 inter
1802 999 2087 1053 nostros
2116 997 2303 1052 esset
2342 989 2460 1052 Fr.
2493 989 2907 1052 Ludovicus
2944 991 3029 1053 de

569 1099 802 1162 Baeza
820 1147 834 1176 ,
867 1099 982 1161 vir
1010 1098 1318 1178 optimus
1347 1107 1416 1160 et
1445 1096 1811 1160 Cardinali
1837 1096 2287 1176 gratissimus
2313 1145 2328 1176 ,
2363 1096 2484 1177 qui
2512 1105 2679 1160 tunc
2707 1097 2781 1160 in
2811 1097 3031 1162 Colle-

571 1206 692 1284 gio
736 1205 1126 1284 habitabat,
1169 1213 1239 1268 et
1275 1205 1347 1267 id
1386 1221 1778 1268 consonum
1820 1221 1979 1267 esse
2021 1203 2641 1268 constitutionibus
2682 1201 2705 1234 ³
2734 1251 2749 1282 ,
2790 1202 3033 1267 Infans

566 1311 978 1376 Ludovicus
1005 1313 1198 1376 nullo
1227 1311 1438 1375 modo
1480 1311 1732 1388 voluit,
1766 1311 2097 1391 quamvis
2136 1311 2359 1390 ipsius
2386 1311 2682 1374 arbitrio
2710 1311 3033 1374 relictum

565 1429 746 1496 erat,
781 1430 856 1482 ut
881 1419 1002 1482 Fr.
1034 1419 1624 1482 Bartholomaeus
1653 1418 1842 1500 apud
1871 1427 2161 1482 nostros
2188 1417 2563 1481 habitaret.

695 1525 868 1590 1194.
956 1526 1363 1590 Destinavit
1391 1539 1632 1589 autem
1659 1525 2131 1589 Provincialis
2170 1534 2247 1588 ut
2276 1524 2626 1589 Almerini
2663 1536 3035 1589 manerent

565 1651 728 1697 cum
759 1635 959 1697 curia
990 1632 1124 1696 PP.
1158 1633 1562 1697 Gonsalvus
1592 1633 1746 1696 Vaz
1777 1642 1847 1696 et
1874 1632 2178 1696 Michael
2206 1631 2499 1711 SteveZ,
2534 1651 2701 1696 nam
2737 1633 2810 1696 hi
2840 1634 3031 1697 soliti

564 1749 773 1805 erant
803 1741 876 1804 in
903 1742 1171 1822 palatio
1203 1757 1365 1804 cum
1395 1757 1658 1820 magna
1689 1740 1840 1821 ejus
1883 1741 2184 1803 utilitate
2214 1741 2513 1818 versari,
2560 1752 2629 1803 et
2678 1739 3028 1820 significa-

565 1859 775 1915 verat
804 1847 1082 1929 Regina
1110 1849 1300 1928 quod
1328 1848 1586 1911 mirum
1613 1849 1686 1911 in
1716 1849 2005 1911 modum
2034 1848 2255 1928 ipsius
2284 1846 2593 1910 familiae
2620 1846 2696 1911 P.
2732 1847 3029 1912 Gonsal·

569 1970 703 2017 vus
738 1955 1222 2021 satisfaciebat
1251 1953 1297 2019 ⁴.

697 2070 873 2133 1195.
957 2067 1072 2132 Ex
1100 2064 1466 2129 Almerino
1495 2063 1806 2126 Eboram
1837 2061 2203 2141 profectus
2232 2071 2369 2140 est,
2410 2062 2531 2125 ubi
2577 2071 2933 2126 trecentos
2961 2073 3031 2126 et

566 2178 825 2258 viginti
875 2185 1208 2238 externos
1257 2171 1725 2236 scholasticos
1773 2169 2076 2249 invenit,
2128 2179 2197 2232 et
2252 2179 2401 2232 tum
2442 2169 2563 2233 alii
2610 2171 2839 2233 nostri
2881 2179 3029 2234 tum

573 2285 953 2366 praecipue
983 2281 1272 2344 Marcus
1302 2277 1656 2356 Georgius
1683 2278 1756 2339 in
1786 2294 2083 2340 casuum
2114 2277 2591 2340 conscientiae
2630 2278 2931 2341 lectione
2960 2288 3031 2342 et

567 2391 933 2456 Cardinali
962 2398 1030 2451 ct
1061 2385 1546 2450 sacerdotibus
1574 2401 1738 2447 eum
1766 2383 2212 2446 audientibus
2250 2382 2767 2463 satisfaciebat,
2799 2395 2869 2447 et
2914 2403 3029 2465 pe-

567 2498 822 2562 culiari
863 2498 950 2560 ad
999 2497 1068 2558 id
1111 2495 1376 2558 talento
1420 2489 1782 2573 praeditus
1811 2498 1987 2553 erat.
2036 2489 2214 2553 Cum
2244 2501 2481 2554 autem
2517 2490 2919 2555 Cardinalis
2960 2503 3031 2554 et

561 2623 726 2670 eum
757 2617 826 2668 et
855 2605 1034 2668 alios
1061 2609 1562 2683 praeceptores
1591 2598 2005 2677 audivisset,
2040 2596 2115 2660 P.
2151 2598 2499 2662 Mironem
2538 2616 2700 2662 cum
2740 2599 2899 2662 aliis
2938 2599 3032 2662 ad

564 2731 829 2776 novum
861 2711 1258 2790 Collegium
1293 2707 1677 2771 videndum
1717 2723 1961 2769 secum
2000 2705 2234 2785 duxit,
2266 2715 2345 2768 ut
2380 2705 2703 2769 viderent
2742 2723 2913 2768 num
2956 2706 3031 2768 in

564 2821 736 2884 illud
764 2820 1078 2900 migrare
1107 2824 1397 2897 possent
1436 2814 1572 2876 hoc
1602 2821 1967 2890 autumno;
2007 2813 2156 2892 sed,
2190 2813 2520 2892 quamvis
2550 2812 3031 2875 habitationes

565 2936 806 2991 essent
833 2924 1224 2999 confectae,
1251 2939 1384 2985 nec
1407 2921 1710 2984 ecclesia
1736 2937 1868 2982 nec
1893 2920 2161 2982 classes
2181 2919 2459 2983 absolvi
2482 2935 2695 2998 posse
2733 2918 2827 2982 ad
2856 2918 3029 2982 illud

564 3044 846 3115 tempus
887 3031 1297 3096 videbatur:
1345 3027 1820 3092 circumduxit
1863 3025 2387 3090 Provincialem
2424 3043 2553 3106 per
2596 3025 2913 3090 officinas
2956 3035 3029 3088 et

569 3142 856 3206 hortum
877 3189 891 3218 ,
925 3148 994 3203 et
1025 3137 1116 3200 ad
1144 3137 1658 3200 habitationem
1695 3134 2077 3214 quamdam
2115 3134 2428 3215 deduxit,
2461 3152 2677 3215 quam
2704 3133 2836 3197 sibi
2866 3134 3029 3213 ipsi,

569 3266 731 3313 cum
765 3247 1097 3312 secedere
1141 3264 1184 3308 a
1214 3243 1522 3322 negotiis
1564 3243 1798 3321 vellet,
1847 3239 2371 3320 aedificaverat,
2406 3250 2475 3304 et
2504 3242 2892 3323 postulavit
2937 3259 3031 3304 an

565 3357 756 3419 bona
787 3370 952 3418 cum
979 3353 1194 3416 venia
1229 3349 1698 3414 Provincialis
1727 3349 1863 3412 illis
1893 3346 2448 3412 habitationibus
2477 3349 2857 3429 aliquando
2886 3347 3029 3412 frui

565 3472 827 3544 posset;
858 3479 998 3541 qua
1029 3461 1101 3523 in
1135 3476 1215 3522 re
1248 3474 1453 3520 suam
1482 3455 1949 3519 humilitatem
1976 3455 2153 3518 satis
2181 3455 2635 3535 significavit,
2676 3472 3031 3536 quamque

563 3569 942 3633 Societatis
969 3567 1318 3630 rationem
1345 3564 1657 3641 haberet;
1684 3563 2013 3643 quamvis
2034 3572 2273 3625 autem
2297 3561 2487 3642 quod
2510 3563 2837 3644 superius
2853 3563 3029 3626 dixi·

565 3693 722 3740 mus
753 3673 776 3706 ⁵
808 3675 899 3738 ad
927 3682 1331 3737 nostrorum
1353 3671 1941 3733 sustentationem
1964 3680 2032 3732 et
2055 3670 2633 3733 commoditatem
2654 3671 2832 3734 satis
2855 3688 3031 3751 prae

567 3801 642 3846 se
671 3782 944 3846 ferebat
965 3779 1152 3860 quod
1183 3795 1360 3858 opus
1383 3777 1551 3840 illud
1574 3778 1788 3840 vellet
1813 3793 2102 3856 augere.
2131 3776 2441 3857 Optabat
2462 3785 2701 3840 autem
2724 3777 3031 3858 aliquem

565 3889 1054 3972 philosophiae
1077 3893 1637 3967 praeceptorem,
1658 3885 1780 3964 qui
1805 3901 2093 3948 cursum
2110 3885 2245 3948 hoc
2271 3903 2459 3948 anno
2482 3885 2875 3965 inchoaret,
2896 3887 3031 3949 sibi

566 3999 756 4078 dari;
800 3996 926 4060 sed
973 4012 1135 4058 cum
1171 3993 1635 4057 intellexisset
1676 4009 1719 4056 a
1756 3991 1832 4055 Ρ.
1877 3992 2149 4056 Mirone
2193 3994 2382 4071 quod
2419 3992 2647 4056 Roma
2684 3995 3029 4074 scriptum

647 4204 662 4236 ¹
721 4203 836 4258 Ipse
858 4203 1029 4247 infans
1047 4200 1365 4245 Ludovicus.

646 4276 669 4306 ἱ
724 4275 860 4318 Vide
881 4282 1041 4327 supra
1061 4304 1072 4322 .
1091 4283 1213 4326 pag.
1234 4272 1334 4322 471,
1356 4284 1407 4316 ιι.
1429 4271 1553 4325 1004,
1575 4279 1628 4316 et
1651 4283 1768 4326 pag.
1787 4273 1886 4327 ⁴8⁴,
1914 4285 1969 4317 ιι.
1996 4273 2119 4319 1023.

647 4347 671 4376 ³
726 4346 861 4390 Vide
885 4345 1078 4388 Canas
1097 4345 1164 4388 de
1185 4345 1296 4388 San
1317 4343 1557 4398 Ignacto,
1575 4351 1611 4388 t.
1633 4355 1704 4398 xv,
1725 4355 1846 4398 pag.
1876 4345 1975 4389 392.

646 4418 671 4451 ⁴
727 4417 862 4460 Vide
897 4425 1054 4470 supra
1071 4448 1082 4468 ‚
1104 4426 1225 4470 pag.
1245 4415 1340 4466 553,
1360 4427 1410 4459 n.
1432 4413 1552 4466 1189.
1577 4423 1630 4459 et
1652 4422 1690 4459 t.
1711 4426 1746 4458 11
1763 4449 1774 4471 ,
1794 4427 1916 4471 pag.
1936 4417 2033 4471 876,
2069 4429 2155 4462 an.
2192 4419 2309 4472 1551,
2342 4431 2389 4463 n.
2408 4419 2506 4473 ⁴28,
2528 4427 2582 4464 et
2613 4428 2651 4465 t.
2686 4431 2743 4466 m
2758 4455 2768 4474 ,
2790 4433 2910 4476 pag.
2932 4423 3029 4472 1⁸07.
3066 4477 3075 4489 ·

565 4498 616 4531 n.
635 4487 732 4532 804.

651 4558 675 4592 ⁸
730 4559 910 4604 Verba
928 4560 1060 4604 haec
1080 4561 1332 4614 quamvis
1364 4562 1548 4602 autem
1569 4559 1708 4613 quod
1739 4561 1999 4614 superius
2026 4561 2271 4606 diximus
2301 4569 2393 4607 aut
2410 4564 2718 4619 redundant,
2741 4571 2833 4610 aut
2854 4566 3032 4620 aliqua

567 4630 675 4675 alia
693 4631 965 4686 requirnnt
983 4663 996 4686 ‚
1016 4639 1074 4676 ut
1095 4637 1148 4676 et
1167 4631 1408 4688 syntaxis
1427 4638 1480 4674 et
1499 4641 1681 4675 sensus
1701 4639 1942 4677 constent
1956 4665 1966 4680 .
1989 4644 2121 4687 quse
2154 4634 2399 4679 librarius
2428 4635 2619 4681 omisit.
2640 4635 2785 4690 Quod
2804 4637 2849 4680 sl
2880 4637 2930 4681 ln
2952 4638 3033 4682 his

565 4703 866 4758 conjectare
886 4704 1068 4748 liceret
1084 4736 1096 4756 .
1115 4715 1211 4748 nos
1229 4703 1306 4748 ita
1323 4703 1695 4747 scriberemus:
1713 4707 1967 4758 quamvis
1987 4708 2191 4755 autem,
2210 4710 2267 4748 ut
2288 4709 2545 4762 superius
2562 4709 2822 4764 diximus,
2847 4709 3031 4754 Cardi-

568 4775 716 4818 naus
736 4777 948 4819 nostros
965 4778 1186 4830 urgeret
1207 4779 1265 4818 ut
1286 4777 1344 4819 in
1367 4785 1563 4819 novum
1586 4775 1898 4834 aedificium
1921 4777 2159 4821 nondum
2181 4779 2487 4824 absolutum
2509 4791 2567 4824 se
2587 4781 2976 4837 transferrent.
