3742 5392
734 476 847 537 222
1655 473 1910 537 Canon.
1955 472 2110 533 Soc·
2151 476 2292 548 Jns.

851 623 992 687 494.
1080 623 1667 687 Calatabellotam
1694 672 1708 699 ,
1777 622 2004 686 Ducis
2066 622 2380 687 Bibonae
2449 622 2787 703 oppidum
2857 640 3000 687 non
3059 624 3212 687 exi-

726 748 986 811 guum,
1036 732 1165 795 sub
1203 729 1477 794 initium
1520 730 1831 811 Augusti
1880 748 1958 793 se
2001 730 2319 807 contulit;
2368 729 2558 809 quod
2600 728 2987 807 Ducissae,
3036 747 3208 793 cum

728 850 977 918 partus
1006 835 1157 915 ejus
1198 837 1625 916 immineret,
1658 837 2148 917 gratissimum
2179 836 2328 899 fuit.
2364 835 2646 917 Peperit
2677 846 2917 901 autem
2947 837 3200 903 illase·

730 945 1037 1009 cundam
1076 944 1325 1021 filiam,
1360 954 1428 1007 et
1458 945 1786 1025 quamvis
1824 961 2022 1008 more
2058 944 2440 1022 sentiendi,
2473 960 2612 1025 quo
2643 946 2904 1023 vulgus
2950 945 3206 1023 utitur,

726 1052 1062 1115 nuncium
1092 1051 1228 1115 hoc
1260 1068 1513 1131 parum
1534 1050 1702 1113 felix
1731 1052 1980 1113 haberi
2011 1052 2257 1130 soleat,
2287 1051 2428 1129 illa,
2466 1067 2646 1131 quae
2678 1050 2965 1113 omnino
2995 1068 3198 1115 suam

728 1161 1168 1222 voluntatem
1205 1156 1489 1220 divinae
1528 1156 1926 1237 subjecerat
1952 1205 1967 1236 ,
2009 1167 2342 1221 contenta
2387 1156 2774 1221 admodum
2813 1157 2968 1221 fuit:
3017 1157 3198 1221 affir-

728 1268 970 1330 mabat
1008 1265 1197 1329 enim
1242 1282 1319 1327 se
1358 1282 1743 1345 numquam
1785 1282 1825 1327 a
1869 1264 2026 1328 Deo
2074 1264 2362 1344 petiisse
2413 1264 2550 1327 nisi
2597 1263 2788 1345 quod
2831 1264 3064 1345 magis
3108 1264 3202 1328 ad

726 1373 955 1453 Ipsius
1006 1372 1419 1452 obsequium
1468 1380 1685 1447 esset,
1738 1381 1809 1434 et
1858 1388 2021 1435 cum
2069 1370 2251 1435 filias
2299 1370 2478 1434 duas
2528 1371 2664 1451 ipsi
2713 1369 3052 1451 dedisset,
3111 1370 3199 1435 de

726 1481 951 1559 Ipsius
980 1497 1193 1543 manu
1225 1497 1300 1541 se
1330 1497 1455 1543 eas
1484 1479 1857 1543 admittere
1890 1487 1956 1541 et
1987 1479 2250 1541 donum
2281 1476 2508 1556 majus
2537 1478 2949 1542 existimare
2979 1496 3194 1559 quam

729 1588 789 1650 si
817 1586 1205 1651 dominium
1235 1586 1521 1666 aliquod
1550 1600 1815 1648 novum
1836 1586 1971 1664 ipsi
1996 1585 2326 1648 dedisset.
2359 1583 2670 1664 Rogavit
2691 1584 2906 1649 etiam
2923 1584 3002 1647 P.
3026 1584 3195 1649 Pro·

727 1694 1106 1758 vincialem
1134 1704 1213 1757 ut
1243 1703 1530 1756 curaret
1558 1692 1832 1771 gratias
1856 1693 1975 1772 agi
1998 1690 2305 1755 Domino
2330 1691 2415 1754 de
2440 1692 2576 1755 hoc
2597 1690 2964 1770 beneficiO,
2999 1701 3066 1755 et
3098 1693 3198 1756 ita

726 1800 1149 1881 supplicatio
1178 1800 1459 1880 publica
1490 1798 1733 1863 habita
1758 1809 1864 1861 est
1888 1815 2050 1862 cum
2076 1798 2441 1873 concione,
2475 1809 2544 1861 et
2573 1800 2794 1861 multa
2818 1798 3198 1862 Missarum

728 1908 1079 1971 sacrificia
1122 1908 1191 1970 in
1230 1907 1629 1985 gratiarum
1670 1908 2025 1969 actionem
2065 1906 2336 1984 oblata;
2367 1923 2502 1970 nec
2541 1907 2768 1970 voluit
2799 1916 2874 1969 ut
2919 1906 3197 1970 Calata·

726 2016 984 2079 bellota
1024 2013 1387 2078 recederet
1424 2013 1918 2091 ProvincialiS,
1975 2014 2199 2077 donec
2249 2012 2404 2091 ipsa
2448 2012 2828 2077 sanitatem
2879 2024 2950 2077 et
3000 2013 3194 2077 vires

728 2131 888 2203 post
916 2130 1200 2201 partum
1239 2130 1754 2201 recuperasset.

820 2228 988 2291 -495,
1078 2226 1254 2291 Cum
1292 2227 1754 2291 intellexisset
1792 2226 2120 2303 Pro-rex,
2155 2226 2274 2307 qui
2303 2227 2600 2305 littera5‚
2634 2238 2712 2290 ut
2741 2227 3066 2306 superius
3097 2227 3193 2290 di-

728 2336 961 2399 ximus
987 2334 1028 2414 ¹,
1056 2335 1442 2415 scripserat
1473 2336 1547 2399 in
1575 2352 1795 2397 causa
1820 2333 2125 2411 Octavii,
2159 2334 2523 2397 decretum
2553 2352 2710 2397 esse
2741 2351 2783 2397 a
2813 2332 3194 2399 Cardinale

728 2442 1074 2505 Theatino
1128 2452 1205 2505 ut
1264 2443 1677 2521 parentibus
1733 2442 2246 2517 restitueretur,
2309 2457 2524 2521 aegre
2576 2441 2959 2505 admodum
3009 2442 3198 2520 tulit,

725 2550 941 2613 immo
996 2559 1067 2613 et
1116 2548 1532 2612 scandalum
1582 2550 1857 2629 accepit
1909 2549 2097 2630 quod
2130 2548 2496 2628 juvenem,
2543 2548 2615 2611 17
2655 2565 2882 2613 annos
2919 2558 3190 2623 natum,

728 2658 1016 2720 omnino
1044 2674 1089 2719 a
1118 2656 1273 2719 Deo
1296 2666 1634 2719 vocatum
1656 2655 1876 2719 fuisse
1897 2656 2255 2736 credebat,
2291 2668 2361 2720 et
2391 2658 2453 2720 si
2475 2655 2870 2735 accepisset
2897 2653 3190 2719 Provin-

726 2762 927 2827 cialis
958 2780 1001 2825 a
1031 2761 1109 2827 Ρ.
1141 2762 1417 2842 Ignatio
1450 2762 1721 2825 litteras
1761 2773 1834 2826 ut
1867 2764 2258 2827 remitteret
2297 2780 2458 2827 eum
2482 2761 2848 2842 juvenem,
2882 2780 2972 2825 ne
3007 2762 3188 2826 sace-

724 2881 832 2933 ret
866 2868 1361 2950 [hortabatur],
1394 2870 1561 2950 quia
1582 2880 1876 2932 coactus
1912 2871 1982 2933 id
2009 2870 2319 2934 faciebat
2345 2870 2418 2933 Ρ.
2444 2870 2786 2950 Ignatius;
2820 2879 2889 2932 et
2919 2868 2979 2933 si
3003 2868 3192 2949 Apo-

726 2978 1019 3041 stolicae
1058 2977 1371 3041 Litterae
1411 2977 1887 3049 mitterentur,
1931 2994 2008 3040 se
2047 2977 2587 3040 informaturum
2630 2993 2786 3040 esse
2828 2974 3194 3041 Summum

726 3083 1158 3148 Pontificem.
1192 3083 1450 3147 Postea
1481 3094 1718 3147 tamen
1747 3084 2091 3147 intellexit
2121 3100 2248 3163 per
2277 3082 2732 3148 Cardinalem
2762 3085 3190 3164 Compostel-

723 3193 965 3255 lanum
995 3210 1037 3254 a
1066 3189 1144 3254 P.
1176 3189 1455 3271 Ignatio
1485 3208 1657 3269 rem,
1690 3202 1768 3253 ut
1796 3192 2122 3271 superius
2152 3191 2484 3270 diximus,
2520 3191 2921 3255 consectam
2945 3190 3200 3265 fuisse,

722 3311 792 3362 et
824 3315 1088 3379 magna
1117 3298 1387 3362 laetitia
1417 3297 1719 3363 affectus
1747 3297 1881 3363 fuit
1910 3297 1955 3358 ⁸.

842 3405 984 3469 496.
1074 3404 1254 3469 Cum
1294 3414 1583 3484 urgeret
1611 3405 1687 3469 P.
1735 3406 2056 3487 Ignatius
2087 3417 2162 3470 ut
2203 3406 2431 3470 nostri
2469 3422 2718 3468 curam
2757 3405 3192 3486 deponerent

723 3513 1053 3577 audiendi
1084 3511 1566 3576 confessiones
1594 3514 1765 3577 novi
1796 3515 2216 3578 monasterii
2255 3513 2718 3577 Ascensionis
2755 3510 2801 3593 ³,
2835 3510 3186 3592 significa-

725 3621 825 3683 vit
847 3620 1149 3684 Pro-rex
1171 3619 1690 3699 displiciturum
1715 3620 1848 3685 sibi
1875 3638 2032 3684 esse
2057 3622 2119 3684 si
2143 3638 2183 3684 a
2207 3621 2497 3699 nostris,
2524 3620 2598 3683 in
2621 3620 2758 3683 hoc
2783 3621 3036 3682 saltem
3067 3618 3194 3681 mi—

720 3728 1037 3807 nisteri0,
1066 3726 1160 3791 ad
1182 3735 1463 3806 tempus
1485 3744 1627 3789 non
1643 3727 2093 3806 juvarentur;
2129 3738 2198 3791 et
2236 3744 2531 3808 prorsus
2553 3744 2670 3791 res
2691 3728 2792 3790 ita
2825 3734 3029 3789 erant
3058 3726 3192 3788 dis-

721 3836 1015 3915 positae,
1057 3843 1133 3898 ut
1163 3843 1415 3898 contra
1455 3834 1883 3900 charitatem
1929 3853 2086 3899 esse
2116 3835 2643 3915 quodammodo
2671 3833 3034 3897 videretur
3065 3850 3190 3896 eas

720 3951 866 4005 tam
896 3942 1039 4005 cito
1072 3942 1491 4021 relinquere,
1525 3958 1687 4004 cum
1716 3958 1835 4005 res
1864 3943 2184 4022 ipsarum
2222 3942 2534 4005 nondum
2573 3950 2812 4005 essent
2851 3941 3192 4004 constitu·

720 4062 873 4126 tae;
909 4058 979 4112 et
1007 4049 1108 4113 ita
1150 4048 1575 4129 permissum
1619 4060 1726 4111 est
1765 4064 1842 4112 ut
1875 4049 2283 4129 aliquandiu
2321 4049 2395 4112 in
2423 4049 2561 4112 hoc
2603 4047 2994 4112 ministerio
3025 4063 3198 4110 con·

719 4156 1110 4220 sessionum
1140 4154 1654 4219 audiendarum
1684 4156 1917 4219 nostri
1949 4156 2579 4236 progrederentur.

839 4262 958 4325 497
969 4314 982 4328 .
1068 4262 1345 4353 Durum
1375 4263 1588 4325 etiam
1618 4263 1994 4327 videbatur
2021 4262 2174 4325 fore
2217 4263 2276 4325 si
2309 4262 2823 4344 panormitanis
2852 4260 3199 4326 lectiones

801 4505 817 4537 ¹
878 4505 1063 4559 Supra,
1084 4510 1123 4549 t.
1146 4515 1220 4556 ιιι,
1240 4515 1363 4559 pag.
1384 4504 1479 4555 191,
1506 4516 1552 4547 n.
1573 4502 1671 4547 402.

798 4576 820 4608 ⁸
875 4575 1009 4619 Vide
1028 4586 1203 4629 supra.
1224 4585 1345 4629 pag.
1366 4576 1431 4627 17,
1456 4587 1502 4618 n.
1526 4575 1591 4628 17,
1616 4584 1667 4618 et
1690 4575 1899 4618 litteras
1929 4587 2080 4631 quas,
2111 4588 2179 4620 ex
2199 4590 2350 4631 com„
2375 4577 2626 4622 Polancus
2657 4578 2868 4632 scripsit
2889 4576 3033 4621 Patri
3065 4576 3190 4621 Hie-

718 4659 931 4705 ronymo
952 4647 1249 4691 Domenech
1271 4648 1323 4690 16
1342 4646 1602 4699 januarii,
1625 4647 1651 4689 9
1670 4645 1805 4698 Junii
1824 4680 1835 4700 ,
1858 4646 1910 4690 27
1935 4648 2158 4703 Augusti
2177 4658 2230 4694 et
2250 4650 2305 4695 25
2323 4650 2634 4695 Novembris
2649 4650 2800 4705 huius
2820 4650 2942 4695 anni
2964 4649 3084 4694 1554.

800 4718 823 4751 ³
878 4718 1011 4763 Vide
1035 4730 1209 4773 supra,
1228 4730 1347 4772 pag.
1374 4719 1467 4771 191,
1494 4731 1541 4761 n.
1561 4718 1660 4761 416.
