3742 5392
1595 428 1726 486 Aa.
1770 427 1911 485 1554
2910 425 2985 486 59

515 577 690 640 bant
724 575 764 638 ¹.
800 575 978 640 Cum
1007 591 1183 655 ergo
1213 574 1408 655 prius
1437 574 1723 638 ducenti
1749 574 1928 652 fere,
1966 583 2067 652 et,
2100 573 2299 638 initio
2340 572 2545 653 hujus
2586 573 2785 646 anni,
2834 571 2980 636 sere

519 695 806 748 centum
839 691 908 746 et
937 681 1414 763 quadraginta
1442 680 1856 745 scholastici
1884 689 2122 744 essent
2140 729 2154 755 ,
2188 681 2259 744 in
2288 697 2671 760 progressu
2702 679 2795 742 ad
2823 698 2981 744 cen·

523 799 670 854 tum
705 798 774 854 et
804 788 1056 870 viginti
1085 789 1356 852 redacti
1385 788 1700 866 fuerunt;
1743 797 1812 851 et
1855 787 2137 868 quidem
2175 787 2407 851 minor
2448 803 2785 851 numerus
2828 796 2983 851 erat

523 896 948 960 nobiliorum
1005 896 1271 960 civium
1326 913 1541 976 quam
1593 895 1794 975 prius
1849 895 2033 958 inter
2089 912 2213 958 eos
2269 894 2390 976 qui
2446 893 2697 975 reliqui
2752 904 2977 972 erant3

521 1005 856 1084 quamvis
883 1003 1334 1066 satisfactum
1361 1003 1454 1067 sit
1505 1002 1607 1068 eis
1657 1001 2011 1068 Varnium
2052 1001 2075 1034 ⁸
2118 1001 2593 1082 Despauterio
2634 1001 2707 1064 in
2746 1001 2987 1066 classi·

524 1112 657 1174 bus
685 1109 944 1174 infimis
973 1109 1487 1174 substituendo,

649 1216 784 1280 101.
873 1216 1452 1281 Concionabatur
1480 1233 1688 1280 mane
1718 1215 1792 1278 in
1819 1217 2083 1296 templo
2124 1225 2463 1280 consueto
2505 1213 2527 1246 ⁸
2569 1214 2645 1278 P.
2697 1213 2983 1278 Pelleta·

521 1324 706 1400 rius;
739 1322 863 1387 sed
895 1323 1238 1386 invitatus
1264 1321 1398 1386 fuit
1435 1332 1512 1386 ut
1548 1332 1710 1402 post
1755 1322 2131 1402 prandium
2174 1321 2247 1386 in
2289 1321 2599 1403 quadam
2642 1320 2985 1402 parochia

529 1429 792 1494 celebri
823 1428 1206 1511 aliquando
1235 1429 1780 1492 concionaretur
1803 1477 1818 1507 ‚
1850 1445 2035 1509 quae
2064 1428 2152 1491 D.
2186 1427 2545 1510 Stephano
2572 1444 2783 1491 sacra
2806 1438 2912 1491 est
2936 1423 2983 1507 *ς

522 1548 596 1602 et
622 1554 787 1601 cum
815 1537 888 1600 id
916 1535 1201 1600 fecisset
1229 1553 1472 1599 mense
1509 1534 1900 1599 Februario
1935 1535 2047 1598 die
2086 1534 2397 1616 quadam
2438 1535 2792 1623 dominica
2817 1583 2832 1612 ,
2877 1552 2989 1597 ro·

519 1655 878 1723 gaverunt
920 1661 1079 1707 eum
1127 1652 1202 1706 ut
1243 1642 1402 1706 aliis
1445 1641 1694 1705 diebus
1742 1641 1991 1705 eodem
2034 1657 2327 1706 munere
2367 1641 2814 1722 fungeretur;
2862 1642 2986 1706 sed

523 1767 687 1814 cum
717 1759 905 1814 esset
943 1749 1168 1813 variis
1211 1748 1798 1828 occupationibus
1837 1747 2219 1826 distentuS,
2262 1757 2540 1812 tantum
2587 1749 2727 1811 hoc
2770 1748 2988 1812 admi-

519 1857 614 1921 sit
640 1907 656 1935 ,
689 1867 766 1921 ut
793 1855 1042 1920 diebus
1071 1857 1356 1920 veneris
1383 1854 1622 1919 Martii
1652 1855 1919 1919 mensis
1947 1855 2527 1932 concionaretur;
2562 1866 2631 1919 et
2654 1856 2830 1920 satis
2852 1855 2986 1920 fre·

529 1964 776 2045 quenti
805 1962 1159 2027 auditorio
1189 1962 1485 2026 verbum
1513 1961 1685 2042 Dei,
1715 1979 1849 2025 nec
1880 1962 2031 2025 sine
2062 1960 2327 2037 fructu,
2368 1963 2833 2043 proponebat.
2874 1962 3021 2056 Ab.

528 2071 690 2134 aliis
720 2071 934 2134 etiam
963 2069 1322 2150 parochiis
1359 2069 1575 2150 aliqui
1619 2085 1711 2132 ex
1750 2069 2019 2132 nostris
2060 2068 2152 2131 ad
2195 2067 2381 2134 idem
2424 2087 2679 2133 munus
2716 2069 2989 2152 praedi-

530 2177 741 2240 candi
770 2175 1318 2257 expetebantur3
1352 2176 1478 2240 sed
1507 2175 1818 2257 operarii
1860 2175 2071 2257 pauci
2114 2191 2419 2255 magnae
2462 2177 2675 2240 messi
2714 2175 2989 2240 satisfa-

521 2301 694 2346 cere
724 2284 796 2348 in
826 2283 1154 2347 omnibus
1179 2299 1323 2346 non
1353 2290 1704 2362 poterant.

655 2389 792 2454 102.
881 2390 1209 2455 Accessit
1237 2389 1350 2453 his
1377 2389 1624 2453 diebus
1653 2389 1745 2454 ad
1767 2387 1845 2452 P.
1871 2389 2325 2453 Pelletarium
2348 2391 2683 2454 sacerdos
2704 2391 2989 2471 quidam
3064 2415 3075 2425 ·

522 2497 1050 2578 quinquaginta
1084 2505 1388 2578 quatuor
1415 2513 1642 2560 annos
1682 2504 1926 2575 natuS‚
1973 2496 2094 2576 qui
2138 2496 2545 2578 aliquandiu
2581 2499 2992 2579 capellanus

539 2603 830 2670 Domini
856 2603 1128 2668 Prioris
1157 2601 1442 2668 SSmae.
1475 2601 1842 2666 Trinitatis
1871 2599 1896 2632 ⁸
1925 2600 2186 2682 fuerat;
2220 2612 2289 2667 et
2318 2620 2479 2667 cum
2508 2602 2867 2668 videretur
2900 2604 2993 2668 ad

525 2711 1014 2776 sacerdotalia
1039 2710 1281 2778 munia
1309 2727 1454 2774 non
1480 2709 1781 2790 ineptuS,
1815 2719 1885 2773 et
1915 2709 2177 2790 alioqui
2216 2709 2667 2774 sacerdotum
2698 2710 2993 2790 penuria

539 2817 768 2882 nostri
793 2817 1240 2895 laborarent,
1273 2815 1658 2892 admissus,
1691 2827 1760 2881 et
1789 2816 2199 2897 aliquandiu
2234 2815 2610 2880 Ferrariae
2648 2826 2989 2896 retentus,

535 2923 793 2989 deinde
835 2924 927 2988 ad
965 2922 1366 2988 Mutinense
1405 2921 1800 3002 Collegium
1839 2923 2138 3004 missus;
2186 2925 2507 3001 tandem,
2554 2924 2995 2987 conscientia

535 3041 804 3110 tactuS,
837 3029 1208 3094 confessus
1235 3038 1346 3093 est
1374 3047 1450 3093 se
1480 3029 1748 3109 aliquot
1777 3047 2006 3093 annos
2035 3031 2446 3110 religiosum
2473 3029 2720 3110 fuisse,
2756 3048 2995 3112 quam-

617 3309 632 3342 ί
689 3307 824 3352 Vide
847 3318 1022 3363 supra,
1042 3319 1160 3363 pse.
1178 3307 1248 3356 23.
1265 3320 1316 3352 n.
1331 3307 1403 3361 27,
1423 3311 1478 3352 et
1495 3307 1633 3352 iufra
1651 3319 1736 3352 nn.
1759 3307 1840 3352 112
1852 3313 1907 3352 et
1925 3307 2021 3352 ³05.
2038 3307 2165 3352 “Del
2182 3307 2401 3352 mundar
2424 3307 2639 3352 maestrl
2668 3308 2873 3353 italinni
2897 3319 3000 3353 non

547 3380 704 3426 credo
731 3379 814 3424 sla
833 3390 955 3424 cosa
973 3377 1214 3434 possibile
1234 3389 1328 3434 per
1349 3379 1533 3422 adesso
1551 3389 1647 3433 per
1663 3389 1764 3422 non
1785 3389 2025 3434 rumpere
2043 3380 2081 3423 li
2098 3379 2257 3423 studii
2272 3379 2323 3423 di
2340 3379 2676 3434 Philosophia
2694 3380 2817 3424 delli
2832 3381 2999 3424 nostri

531 3451 745 3496 Artlsti.
769 3450 902 3494 Pare
924 3462 956 3495 a
975 3449 1168 3494 Nostro
1197 3449 1366 3494 Padre
1389 3450 1485 3494 che
1507 3449 1724 3494 doverla
1744 3450 2090 3504 gundagnarli
2115 3448 2179 3494 V.
2202 3448 2262 3494 R.
2284 3449 2335 3494 dl
2354 3451 2407 3495 la
2425 3457 2478 3495 et
2496 3461 2599 3495 non
2620 3457 2858 3506 παρεῖται·
2876 3451 2997 3506 ogni

539 3533 663 3567 cosa
685 3521 736 3566 di
765 3533 920 3576 qun...
940 3521 1211 3574 Polaticus,
1233 3532 1299 3565 ex
1319 3532 1471 3572 com„
1490 3520 1638 3566 Patri
1660 3520 1960 3576 Pelletario,
1984 3521 2035 3564 14
2054 3519 2228 3566 Martii
2250 3521 2371 3566 1⁵5⁴.

615 3596 638 3628 ⁸
695 3593 830 3638 Vide
849 3603 1010 3649 supra
1029 3603 1150 3648 pag.
1169 3593 1226 3636 58
1241 3604 1293 3637 ιι.
1311 3593 1384 3646 99,
1405 3599 1578 3637 annot.
1599 3593 1642 3637 2.

613 3667 636 3698 ⁸
693 3666 920 3711 Sanctae
941 3663 1139 3710 Harlne
1160 3675 1191 3709 a
1215 3663 1367 3710 Rosa.
1393 3663 1522 3708 Vide
1543 3675 1718 3720 supra,
1739 3669 1776 3708 t.
1793 3675 1870 3718 ιιι,
1894 3676 2014 3720 pag.
2036 3663 2131 3712 137.
2147 3677 2197 3710 n.
2218 3666 2314 3710 π’).

613 3741 638 3774 ὁ
691 3739 911 3784 “Amica
931 3736 1121 3782 chiesa
1140 3736 1448 3782 parochiale
1469 3740 1496 3780 e
1515 3743 1703 3792 questu
1717 3769 1728 3791 ‚
1748 3737 1974 3782 slttuatn
2004 3739 2087 3782 uel
2115 3738 2365 3794 principio
2392 3738 2477 3784 del
2505 3739 2656 3784 fondo
2677 3739 2899 3792 Βιαειο,
2918 3749 2997 3782 es-

535 3818 686 3866 pooto
705 3811 792 3855 all'
811 3810 1077 3854 occidente
1097 3810 1236 3853 nella
1253 3815 1407 3863 parte
1428 3807 1706 3858 Superiore
1725 3809 1865 3853 della
1883 3807 2029 3853 Cltta
2047 3809 2231 3854 dentro
2251 3812 2303 3854 al
2319 3811 2597 3864 Quartiero
2612 3810 2787 3856 disan
2802 3810 3000 3864 Nicolo,

535 3883 800 3928 nominata
819 3893 888 3926 un
909 3887 1082 3936 tempo
1101 3880 1263 3925 sunto
1284 3879 1496 3925 stefano
1517 3880 1570 3924 dl
1591 3880 1761 3925 Bocca
1781 3881 1831 3925 dl
1854 3880 2067 3930 Canale.
2098 3894 2192 3937 per
2224 3893 2293 3926 un
2326 3884 2510 3928 canale
2544 3882 2640 3927 che
2674 3883 2857 3927 avanti
2892 3885 3003 3927 alla

539 3955 686 4000 detta
705 3953 895 3999 chiesa
918 3953 1238 4006 transitsvn,
1257 3951 1537 4008 eagionnto
1559 3953 1626 3996 da
1645 3963 1751 3998 una
1771 3960 1919 3998 totta
1938 3953 1989 3997 di
2026 3954 2095 3998 Ρὸ
2110 3985 2122 4006 ,
2142 3955 2239 3998 che
2270 3955 2533 3999 mediante
2562 3956 2598 3998 il
2630 3953 2998 4009 Roncnegaum

537 4039 564 4070 e
598 4025 925 4076 vulmarina.
955 4024 999 4068 si
1031 4024 1335 4069 conduceva
1359 4023 1523 4074 (come
1556 4024 1812 4068 rifferlsce
1849 4025 2169 4070 Alessandro
2204 4025 2377 4077 Sardi)
2407 4027 2492 4070 nel
2525 4024 2690 4071 Canal
2728 4025 2913 4078 Fosco.
2948 4028 3001 4070 in

539 4098 690 4142 Valle
711 4097 898 4148 Fosca.
918 4097 1219 4141 altr-{mente
1241 4096 1390 4141 detta
1411 4095 1566 4140 Valle
1588 4095 1637 4139 di
1661 4095 1909 4150 Fet-rara,
1930 4097 2048 4141 dov’
2079 4097 2211 4142 hora
2238 4097 2282 4141 sl
2316 4097 2557 4142 rltruova
2590 4100 2644 4143 ln
2673 4105 2916 4142 contrata
2950 4098 3001 4142 di

535 4169 587 4216 S.
608 4169 920 4224 Gutllelmo,
941 4181 968 4212 e
989 4169 1042 4213 la
1062 4167 1250 4212 Piazza
1271 4178 1462 4220 nuova.
1483 4168 1546 4212 ed
1567 4144 1776 4213 hofveva
1794 4179 2019 4213 ennesso
2038 4181 2138 4214 uno
2154 4168 2395 4224 speciale,
2416 4170 2549 4214 dove
2568 4171 2613 4214 sl
2631 4181 2898 4216 curavano
2916 4183 3003 4225 po-

537 4241 648 4286 veri
668 4241 893 4286 infermi.
913 4239 993 4284 La
1013 4241 1164 4294 quale
1184 4240 1229 4284 si
1249 4238 1362 4284 dice
1382 4250 1556 4284 essere
1577 4239 1710 4284 delle
1733 4240 1937 4294 regioni
1957 4241 2041 4284 del
2062 4239 2303 4296 capitolo
2321 4241 2461 4286 della
2480 4241 2817 4295 cathedrale,
2837 4253 2929 4298 per
2950 4244 3002 4287 la

505 4341 514 4348 -
535 4313 816 4358 donatione
836 4312 1050 4366 fattagli
1072 4312 1209 4356 della
1230 4313 1372 4356 mett
1390 4311 1529 4356 della
1551 4311 1698 4355 detta
1720 4310 1929 4364 chiesa.
1949 4312 2015 4356 da
2038 4312 2297 4358 Samuelle
2318 4313 2562 4358 vescovo
2582 4315 2633 4358 di
2651 4314 2884 4359 Fertur·
2900 4327 2932 4360 a
2954 4316 3003 4358 17

535 4387 582 4429 d·
605 4386 808 4440 Aprile.
826 4394 921 4439 per
943 4383 1114 4438 rogito
1133 4383 1183 4428 dl
1207 4383 1462 4438 Gregorio
1483 4383 1784 4436 Sacerdote,
1803 4396 1832 4428 e
1853 4384 1972 4428 dell'
1992 4387 2134 4430 altra
2168 4389 2325 4438 meta,
2348 4387 2415 4430 da
2450 4387 2618 4431 Guldo
2654 4389 2874 4431 Aretiuo
2903 4399 3003 4442 pur

537 4455 778 4500 vescovo
797 4456 848 4500 di
871 4454 1117 4505 Ferrum.
1135 4455 1172 4500 ll
1193 4455 1334 4509 quan
1352 4455 1516 4499 anche
1535 4455 1748 4500 insieme
1769 4457 1804 4500 li
1828 4457 2091 4500 donarouo
2112 4457 2147 4502 ll
2168 4457 2338 4512 Corpo
2358 4459 2407 4502 di
2432 4457 2536 4502 San
2568 4457 2741 4502 Leone
2776 4459 2956 4514 Papa..
2980 4493 3004 4512 ,,

536 4527 700 4572 ΜΑιιο·
717 4529 953 4572 Amorne
973 4527 1212 4576 Gustum.
1232 4527 1553 4582 compendio
1572 4527 1828 4572 historico
1845 4529 1973 4572 deu‘
1989 4531 2216 4582 origine,
2230 4533 2649 4575 accrescz'mento
2667 4543 2696 4575 e
2708 4537 3003 4587 prerroga-

509 4635 519 4640 -
536 4603 646 4644 eive
665 4599 804 4644 delle
825 4599 1002 4644 chiese
1023 4600 1084 4642 at
1102 4599 1359 4652 Ferrum,
1378 4609 1504 4654 pag.
1532 4599 1624 4646 128.

617 4671 641 4704 ⁸
693 4671 938 4716 Andreae
959 4671 1250 4727 Llpomani,
1272 4670 1528 4716 Venetus.
