3742 5392
675 486 786 543 33⁴
1595 486 1848 545 Cimon.
1892 484 2048 545 Soc·
2088 486 2229 559 Jns.

679 631 1009 711 contulit,
1043 642 1112 695 et
1142 649 1304 695 cum
1333 631 1587 695 fluctus
1615 632 2095 695 conscientiae
2122 648 2323 708 suae,
2352 630 2605 711 quibus
2628 630 2887 694 multos
2914 648 3147 693 annos

679 738 1087 819 exagitatus
1115 787 1130 817 ,
1163 748 1232 802 et
1272 756 1412 801 non
1455 737 1854 816 confessuS,
1904 738 2165 815 fuerat,
2221 738 2701 817 exposuisset,
2751 738 2944 801 misit
2978 755 3146 800 eum

679 846 797 909 Fr.
831 846 1068 911 Micon
1107 846 1197 909 ad
1238 844 1632 925 Collegium
1661 854 1984 908 nostrum
2016 844 2375 908 affirmans
2404 845 2594 923 quod
2621 844 2869 908 nullibi
2896 854 3144 925 posset

679 970 892 1033 quam
924 953 1112 1033 apud
1141 970 1268 1015 eos
1298 951 1546 1015 Patres
1577 952 1648 1015 in
1677 951 1820 1030 his.
1855 968 2037 1031 quae
2068 951 2159 1013 ad
2188 950 2698 1015 conscientiam
2736 948 2890 1030 eJus
2928 952 3139 1031 perti·

679 1062 970 1139 nebant,
1000 1057 1272 1139 juvari,
1307 1068 1376 1122 et
1405 1059 1498 1122 ad
1525 1058 1907 1139 quemdam
1936 1057 2068 1121 sibi
2100 1058 2464 1137 cognitum
2494 1076 2583 1121 ex
2613 1057 2877 1121 nostris
2907 1075 3141 1121 sacer·

681 1169 962 1232 dotibus
991 1184 1152 1230 eum
1180 1166 1474 1244 direxit3
1509 1166 1662 1247 qui,
1697 1164 1847 1245 ejus
1880 1165 2119 1229 audita
2154 1164 2601 1228 confessione
2638 1165 2987 1244 generali,
3024 1164 3143 1226 ho·

681 1276 940 1339 minem
971 1291 1132 1337 cum
1163 1290 1386 1337 uxore
1416 1290 1546 1335 sua
1575 1274 1983 1335 consolatus
2014 1282 2143 1335 est.

784 1371 941 1445 710.
1029 1381 1106 1444 In
1157 1381 1494 1462 hospitali
1531 1380 1838 1460 quodam
1892 1398 2051 1443 cum
2104 1398 2453 1461 pauperes
2495 1387 2951 1459 aegrotantes
2993 1388 3143 1442 tum

682 1490 942 1553 solatio
972 1489 1354 1569 spirituali,
1395 1497 1544 1551 tum
1583 1487 1847 1551 auxilio
1894 1488 2280 1566 corporali,
2324 1488 2752 1567 indigerent,
2799 1496 3144 1550 curarunt

683 1596 912 1659 nostri
956 1605 1035 1658 ut
1074 1594 1620 1658 confraternitas
1664 1595 2013 1675 quaedam
2052 1595 2305 1658 horum
2333 1595 2730 1673 hominum,
2776 1594 2896 1673 qui
2933 1595 3141 1656 colle-

683 1704 879 1783 gium
909 1702 1490 1783 frequentabant,
1537 1700 2058 1779 institueretur,
2103 1702 2355 1782 quibus
2402 1712 2471 1765 et
2510 1702 2631 1764 alii
2666 1701 2833 1764 boni
2876 1700 3012 1763 viri
3062 1718 3139 1763 se

681 1808 1191 1889 adjunxerunt,
1251 1818 1320 1871 et
1371 1808 1919 1871 confraternitas
1962 1808 2435 1888 vigilantium
2479 1810 2842 1872 nominata
2883 1817 3022 1885 est,
3071 1818 3145 1870 et

683 1918 827 1981 duo
859 1936 950 1981 ex
978 1918 1149 1991 illis,
1185 1916 1484 1995 singulis
1512 1916 1836 1979 noctibus
1866 1916 2125 1979 ibidem
2156 1916 2537 1996 vigilantes
2560 1964 2573 1995 ,
2600 1915 3139 1997 pernoctabant,

681 2036 749 2088 et
789 2022 1249 2087 morientibus
1291 2021 1717 2086 adminiculo
1763 2030 1997 2100 erant,
2039 2031 2109 2085 et
2149 2023 2306 2085 aliis
2339 2022 2876 2102 aegrotantibus
2914 2021 3142 2085 subsi-

681 2130 826 2207 dio;
875 2128 1091 2209 aliqui
1141 2128 1357 2192 etiam
1397 2147 1486 2191 ex
1529 2129 1633 2191 eis
1676 2128 1923 2191 diebus
1965 2129 2338 2193 dominicis
2382 2130 2665 2191 eosdem
2712 2128 3135 2207 invisebant,

679 2254 932 2299 manus
961 2252 1206 2299 eorum
1237 2234 1614 2314 lavabant,
1649 2251 1925 2313 ungues
1954 2236 2575 2315 praescindebant,
2608 2246 2679 2298 et
2722 2236 2863 2299 alia
2902 2234 3139 2315 hujus—

679 2343 867 2408 modi
901 2344 1273 2406 charitatis
1304 2360 1520 2422 opera
1553 2342 1654 2405 eis
1685 2344 2186 2422 impendebant
2225 2343 2264 2402 ¹.

679 2651 1095 2707 valencia.para
1117 2654 1497 2707 trasplantarla
1517 2655 1570 2696 al
1589 2654 1672 2696 del
1693 2654 1824 2697 cielo
1846 2660 1965 2698 otra
1994 2654 2309 2699 suavissima
2340 2654 2449 2707 flor,
2479 2666 2575 2709 que
2606 2656 2689 2698 fue
2719 2656 2769 2697 el
2804 2654 2968 2699 Beato
2996 2656 3135 2707 Juan

680 2722 826 2777 Mico,
847 2730 999 2767 santo
1017 2736 1051 2780 y
1072 2723 1460 2778 religiosissimo
1481 2736 1646 2769 varon
1666 2725 1729 2768 de
1750 2726 1804 2770 la
1825 2724 2068 2779 Sagrada
2097 2724 2335 2778 Religion
2364 2725 2446 2768 del
2480 2725 2754 2770 Patriarca
2786 2725 2898 2769 Sto.
2931 2726 3139 2771 Domin-

677 2806 759 2849 go.
783 2796 955 2839 tenido
977 2797 1038 2839 de
1061 2795 1210 2839 todoa
1229 2807 1293 2838 en
1313 2802 1427 2839 esta
1447 2796 1634 2841 cludad
1653 2810 1690 2853 y
1710 2796 1907 2853 Reyn0,
1938 2808 2032 2852 por
2052 2804 2220 2852 santo,
2250 2810 2285 2853 y
2315 2808 2411 2841 con
2442 2808 2615 2842 razon.
2648 2796 2757 2841 Fue
2786 2806 2897 2842 este
2930 2799 3144 2843 bendito

678 2866 846 2911 Padre
867 2879 989 2924 muy
1008 2867 1201 2911 devoto
1220 2865 1559 2911 favorecedor
1578 2868 1642 2912 de
1663 2868 1889 2913 Nuestra
1912 2868 2211 2923 Compsam
2232 2881 2268 2926 y
2291 2880 2353 2913 en
2377 2870 2583 2923 publico
2609 2882 2639 2923 y
2671 2880 2733 2913 en
2760 2876 2967 2914 secreto
3002 2870 3145 2914 dava

677 2940 904 2993 grandes
924 2943 1184 2983 muestras
1205 2952 1240 2995 y
1259 2941 1464 2983 senales
1487 2942 1548 2983 de
1570 2941 1689 2993 ello,
1711 2940 1959 2989 haziendo
1980 2941 2167 2985 mucha
2188 2941 2400 2985 caridad
2423 2952 2456 2984 a
2474 2942 2552 2985 103
2574 2940 2826 2985 Nuestros
2846 2953 2991 2986 como
3011 2950 3139 2986 tam-

680 3011 794 3054 bien
817 3017 960 3053 οτι-03
989 3010 1051 3053 de
1087 3012 1295 3064 aquella
1325 3011 1552 3064 sagrada
1587 3010 1800 3055 familia.
1829 3010 1900 3055 Es
1921 3012 2171 3056 indecible
2194 3013 2245 3056 lo
2273 3024 2368 3067 que
2402 3024 2459 3055 se
2492 3014 2791 3061 consolava.
2818 3026 2852 3070 y
2886 3014 3141 3068 alegrava

679 3081 740 3125 de
761 3081 912 3124 todas
933 3089 1174 3126 nuestras
1194 3092 1346 3125 cosas
1365 3088 1476 3127 este
1496 3082 1794 3126 santissimo
1815 3082 1970 3137 viejo:
1994 3083 2141 3126 todos
2162 3090 2400 3127 nuestros
2419 3084 2613 3127 11001103
2632 3086 2680 3128 10
2699 3088 2949 3138 parecian
2968 3085 3084 3128 bien
3104 3100 3139 3141 y

677 3163 732 3196 se
751 3152 1056 3208 regocijava
1077 3153 1139 3196 de
1162 3152 1310 3196 todos
1331 3160 1570 3197 nuestroa
1591 3164 1885 3208 progresos.
1916 3165 2061 3198 corno
2082 3155 2127 3198 si
2150 3155 2315 3198 inesse
2346 3167 2445 3199 uno
2464 3155 2528 3198 de
2556 3162 2821 3199 nosotros:
2858 3157 3141 3210 queriendo

677 3234 761 3266 ser
780 3224 1038 3278 participe
1061 3224 1122 3267 de
1143 3224 1290 3267 todos
1319 3226 1396 3268 103
1429 3225 1642 3268 meritos
1672 3226 1733 3268 de
1766 3227 1818 3269 la
1853 3224 2154 3280 Compama,
2188 3236 2283 3269 con
2311 3226 2659 3280 especialidad
2682 3227 2841 3271 delos
2860 3227 2923 3271 de
2958 3229 3037 3271 las
3057 3227 3144 3272 In-

679 3294 808 3338 diae.
843 3293 1041 3339 Tenian
1074 3305 1138 3338 en
1169 3296 1216 3338 01
1255 3295 1332 3338 103
1363 3303 1602 3339 nuestros
1625 3308 1691 3339 un
1721 3296 2011 3340 verdadero
2046 3298 2205 3351 padre
2240 3310 2275 3353 y
2303 3303 2584 3351 protector,
2616 3311 2652 3355 y
2684 3310 2827 3344 como
2849 3302 2883 3342 a
2914 3301 2989 3343 tal
3025 3311 3142 3344 acu·

679 3366 798 3410 dian
819 3377 850 3409 a
872 3367 920 3409 el
939 3376 1036 3420 por
1056 3366 1261 3420 consejo
1277 3378 1313 3423 y
1333 3367 1486 3410 favor
1519 3367 1739 3421 siempre
1772 3378 1868 3422 que
1896 3370 1945 3411 lo
1981 3369 2139 3412 avian
2160 3376 2436 3412 menester.
2459 3368 2501 3411 T
2504 3370 2621 3413 enia
2642 3371 2691 3412 01
2712 3369 2767 3412 P.
2792 3369 2922 3413 Mico
2944 3370 3005 3414 de
3029 3382 3139 3415 003-

680 3438 910 3491 tumbre,
945 3446 1041 3479 con
1071 3446 1183 3479 mas
1212 3438 1382 3489 gloria
1413 3437 1474 3480 de
1505 3438 1557 3481 la
1589 3436 1876 3492 Compania
1908 3440 1969 3482 de
2002 3439 2051 3482 10
2085 3450 2181 3493 qne
2216 3440 2270 3482 la
2300 3440 2552 3483 modestia
2587 3440 2805 3494 per-mite
2840 3441 3004 3495 dezir,
3042 3452 3139 3496 que

678 3519 740 3551 en
761 3507 1020 3559 sabiendo.
1054 3510 1083 3551 ό
1113 3509 1464 3552 encontrando
1492 3510 1686 3564 alguna
1707 3521 1928 3563 persona
1963 3511 2025 3553 de
2060 3512 2183 3555 vida
2211 3512 2532 3566 depravada,
2568 3524 2700 3567 para
2722 3515 2772 3557 la
2792 3514 3139 3560 κίοι-01001011

680 3579 740 3622 de
761 3590 848 3622 sus
869 3580 1190 3623 costumbres
1211 3580 1362 3633 luego
1386 3581 1438 3623 la
1459 3581 1688 3625 imbiava
1711 3584 1742 3625 a
1763 3583 1839 3625 los
1874 3590 2128 3637 nuestros‚
2160 3584 2209 3627 lo
2240 3584 2361 3638 qual
2382 3584 2533 3626 hazia
2558 3594 2654 3628 con
2674 3586 2819 3628 todos
2839 3586 2916 3629 los
2937 3597 3034 3640 que
3056 3598 3138 3629 ne-

679 3648 948 3693 cesitavan
979 3650 1041 3693 de
1075 3660 1291 3704 amparo
1323 3662 1355 3704 y
1391 3652 1597 3707 consejo
1637 3663 1767 3707 para
1802 3655 1849 3697 el
1884 3654 1999 3697 bien
2034 3654 2095 3698 de
2136 3666 2222 3698 sus
2252 3658 2435 3698 almas.
2468 3655 2598 3698 Pero
2626 3666 2772 3700 como
2803 3662 3049 3701 entoncea
3082 3659 3137 3702 la

680 3720 962 3775 compania
994 3732 1086 3764 era
1119 3733 1287 3766 nueva
1309 3734 1371 3765 en
1392 3723 1656 3779 Valcncia,
1689 3737 1724 3781 y
1754 3736 1818 3768 en
1852 3727 1901 3769 el
1937 3726 2122 3770 mundo
2157 3738 2219 3770 no
2252 3727 2415 3782 vieja,
2447 3740 2481 3783 y
2512 3736 2565 3769 se
2586 3728 2831 3771 habiasse
2862 3728 3139 3773 diserente·

679 3798 848 3836 mente
873 3792 934 3835 de
964 3804 1052 3836 303
1083 3804 1232 3837 cosas
1269 3798 1296 3837 e
1333 3795 1586 3849 instituto,
1609 3797 1658 3839 el
1691 3796 1751 3839 P.
1779 3795 1923 3854 Fray
1942 3797 2077 3849 Juan
2112 3796 2261 3851 Mico,
2284 3810 2349 3842 no
2368 3800 2477 3842 solo
2507 3810 2571 3841 en
2597 3800 2679 3842 las
2711 3800 3144 3844 convers-aciones

678 3864 1043 3918 particulares,
1063 3864 1175 3909 31110
1196 3878 1258 3909 en
1279 3867 1328 3909 el
1347 3868 1546 3922 pulpito
1577 3870 1629 3912 la
1651 3868 1890 3913 defendla
1913 3882 1948 3926 y
1969 3871 2215 3923 alabava;
2246 3883 2281 3927 y
2310 3880 2406 3913 con
2439 3881 2500 3914 30
2527 3871 2725 3925 grande
2755 3872 3068 3917 authoridad
3103 3886 3141 3929 y

679 3935 876 3979 credito
897 3937 948 3979 la
970 3936 1315 3981 authorizava
1334 3950 1371 3993 y
1390 3939 1716 3995 acreditava;
1737 3952 1772 3996 y
1793 3940 1899 3984 assi
1922 3951 1977 3984 ea
1998 3941 2182 3985 mucho
2203 3943 2252 3985 lo
2272 3953 2369 3995 qne
2391 3942 2635 3986 devemos
2656 3946 2687 3987 a
2708 3944 2759 3987 la
2780 3949 2933 3988 santa
2954 3955 3139 3987 memo-

679 4006 758 4049 ria
782 4006 842 4049 de
867 4011 978 4050 este
1000 4007 1206 4051 bendito
1229 4007 1415 4063 Padre,
1437 4022 1469 4065 y
1491 4012 1524 4054 a
1545 4012 1665 4055 toda
1699 4024 1756 4055 su
1789 4012 2045 4065 Religion.
2067 4012 2115 4055 Y
2137 4024 2193 4056 es
2213 4014 2273 4056 de
2304 4014 2604 4057 considerar
2633 4026 2730 4069 que
2752 4016 2803 4059 al
2826 4017 3019 4070 tiempo
3041 4028 3142 4071 que·

678 4080 756 4122 103
775 4086 1013 4123 nuestros
1033 4090 1096 4122 en
1117 4078 1389 4134 Caragoza
1421 4092 1550 4126 eran
1577 4084 1818 4128 tratados
1838 4086 1943 4128 mal
1968 4095 2031 4127 en
2053 4085 2129 4128 los
2160 4084 2387 4139 palpites
2402 4118 2413 4139 ,
2437 4097 2499 4128 en
2524 4084 2776 4130 valencia
2798 4088 2846 4130 01
2868 4086 2922 4130 P.
2945 4086 3075 4132 Mico
3104 4102 3139 4145 y

678 4150 888 4194 muchos
909 4160 1052 4195 otros
1071 4153 1148 4195 103
1169 4154 1438 4197 abonaban
1458 4168 1492 4211 y
1512 4156 1770 4199 alababan
1792 4167 1854 4199 en
1877 4158 1955 4200 los
1984 4168 2275 4200 sermones:
2297 4168 2427 4211 para
2450 4169 2547 4212 que
2576 4168 2631 4201 30
2660 4170 2761 4202 vea
2787 4163 2931 4204 como
2957 4160 3083 4204 Dios
3106 4165 3141 4205 a

678 4222 756 4265 103
775 4232 948 4278 suyos,
971 4234 1034 4267 no
1053 4225 1164 4266 solo
1185 4235 1246 4266 cn
1265 4224 1547 4270 differentes
1569 4227 1804 4281 tiempos,
1825 4228 1939 4271 sino
1962 4239 2024 4270 en
2044 4228 2091 4270 el
2124 4228 2304 4271 mismo
2327 4229 2455 4272 haze
2484 4231 2533 4273 lo
2564 4242 2661 4283 que
2684 4230 2803 4273 dixo
2825 4233 2876 4274 la
2901 4231 3141 4275 Profetis·

677 4304 754 4337 sa:
777 4292 1067 4348 Mortificat
1089 4296 1140 4337 et
1159 4295 1417 4350 vivificat,
1437 4296 1654 4341 deducit
1674 4299 1748 4341 ad
1769 4297 1979 4354 inferos
2000 4302 2052 4342 et
2073 4299 2296 4344 reducit.
2320 4298 2343 4342 1
2365 4300 2493 4354 Reg.
2516 4300 2581 4354 11,
2603 4313 2653 4345 v.
2675 4302 2746 4355 6.„

759 4367 776 4398 ¹
835 4364 1039 4411 Similes
1059 4367 1178 4411 11010
1199 4368 1660 4414 confraternitates
1689 4372 1891 4425 piorum
1911 4372 2189 4421 hominum.
2212 4373 2295 4427 qui
2317 4372 2548 4427 aegrotis
2569 4374 2619 4416 111
2646 4374 2989 4429 hospitalibus
3009 4377 3138 4419 haec

678 4437 954 4482 charitatis
975 4438 1140 4483 officia
1168 4447 1457 4494 praestent.
1477 4443 1710 4495 pluribus
1733 4444 1781 4486 in
1802 4444 1932 4487 locis
1955 4453 2114 4497 opera
2146 4443 2423 4487 Societatis
2456 4445 2727 4489 institutae
2756 4453 2891 4501 sunt,
2919 4458 3139 4502 quarum

677 4510 881 4564 aliquae
904 4510 1072 4555 adhuc
1094 4518 1450 4563 perseverant.
1471 4512 1530 4556 In
1549 4525 1736 4569 magno
1758 4518 1932 4559 autem
1956 4515 2202 4569 hospitali
2224 4516 2366 4559 urbis
2388 4514 2685 4571 valentiae,
2720 4519 2781 4561 de
2818 4530 2914 4573 quo
2944 4520 3029 4563 1110
3058 4528 3139 4562 est

677 4592 862 4634 sermo,
884 4582 1001 4635 quia
1023 4583 1275 4627 reditibus
1296 4584 1524 4628 abundat
1547 4594 1616 4639 et,
1653 4586 1694 4629 si
1728 4588 1944 4631 turbata
1976 4587 2231 4641 quaedam
2263 4593 2499 4641 tempora
2526 4588 2880 4645 excipiantur,
2915 4591 3137 4645 optimos

678 4664 882 4707 semper
902 4654 1258 4698 moderatores
1279 4662 1485 4699 nactum
1508 4662 1602 4706 est,
1624 4658 1841 4711 exiguus
1863 4668 1997 4701 nunc
2020 4658 2173 4701 datur
2195 4658 2339 4701 locus
2372 4660 2725 4704 saecularibus
2748 4661 2877 4706 viris
2897 4662 2984 4716 pia
3006 4663 3139 4705 haee

679 4736 838 4779 opera
861 4726 1149 4771 exercendi.
1181 4729 1194 4768 i
