3742 5392
1675 497 1804 556 ΑΝ.
1847 496 1993 556 1554
2975 497 3079 556 541

609 645 754 708 suit
783 643 974 724 quod
1002 644 1230 724 pridie
1262 641 1604 724 Corporis
1643 641 1912 708 Christi
1958 643 2354 707 declaravit
2404 639 2480 706 P.
2534 625 2943 707 Gonsalvus
2996 643 3085 706 de

614 750 920 816 Silveira
969 751 1472 815 clementinam
1520 751 1607 814 de
1657 751 1973 830 reliquiis
2024 761 2092 814 et
2141 749 2603 814 veneratione
2642 758 3081 827 sanctorum,

615 875 800 938 quae
829 858 1040 940 hujus
1075 858 1546 922 solemnitatis
1591 857 1930 939 Corporis
1970 857 2236 923 Christi
2285 857 2809 921 solemnitatem
2864 857 3083 921 conti-

613 975 736 1029 net
771 966 822 1042 “,
855 982 1070 1045 quam
1100 983 1261 1028 cum
1291 983 1334 1028 a
1363 965 1666 1046 prandio
1695 964 2191 1029 declaraturus
2219 972 2429 1044 esset,
2463 964 2691 1046 major
2718 981 2934 1045 quam
2958 981 3085 1028 un-

615 1091 832 1154 quam
858 1072 1223 1136 hominum
1251 1072 1648 1153 frequentia
1689 1072 1780 1136 ad
1818 1073 2239 1136 concionem
2278 1071 2463 1135 hanc
2502 1071 2929 1135 audiendam
2968 1089 3087 1134 ac-

615 1181 854 1244 cessit.

743 1287 918 1350 1160.
1007 1287 1312 1367 Aliquae
1340 1288 1692 1368 virgineS,
1735 1305 1917 1366 quae
1957 1287 2339 1368 aliquando
2380 1287 2558 1350 satis
2608 1304 2841 1350 vanae
2892 1288 3083 1370 quod

611 1394 707 1456 ad
737 1395 1002 1458 cultum
1032 1404 1405 1458 externum
1435 1396 1691 1460 attinet
1718 1393 2000 1458 fuerant
2021 1444 2036 1474 ,
2070 1394 2175 1457 sic
2204 1404 2631 1474 spreverunt
2661 1412 2843 1475 quae
2884 1395 3083 1475 prius

611 1502 1040 1582 diligebant,
1076 1511 1152 1566 ut
1186 1503 1372 1565 inter
1408 1520 1486 1566 se
1531 1501 1997 1565 convenerint
2046 1501 2135 1566 de
2185 1501 2501 1565 crinibus
2554 1501 3078 1582 abscindendiS,

613 1627 793 1689 quos
841 1626 1106 1689 magno
1160 1611 1233 1672 in
1283 1610 1512 1690 pretio
1563 1610 1824 1673 habere
1876 1610 2129 1672 solitae
2173 1610 2493 1689 fuerant,
2538 1617 2607 1673 et
2650 1626 2793 1673 una
2834 1627 3083 1672 earum

613 1717 900 1781 inaures
931 1735 1111 1798 quas
1139 1718 1528 1797 pendentes
1555 1717 1862 1780 habebat
1894 1725 1963 1780 et
1988 1717 2289 1781 annulos
2319 1716 2673 1796 confregit
2695 1726 2766 1780 et
2796 1736 2837 1780 a
2862 1702 3085 1780 seab-

605 1825 804 1904 jecit;
835 1834 905 1888 et
935 1825 1057 1904 ita,
1092 1824 1535 1889 confessione
1559 1835 1820 1888 octavo
1844 1841 2126 1908 quoque
2150 1824 2263 1888 die
2286 1824 2503 1903 facta,
2529 1824 2740 1889 valde
2762 1823 3085 1905 proficie-

613 1932 808 1996 bant.
843 1931 1212 2011 Quaedam
1241 1941 1478 1995 autem
1507 1949 1598 1995 ex
1627 1932 2054 2012 primoribus
2084 1931 2332 2010 palatii
2362 1931 2763 2011 virginibus
2800 1932 3084 2010 religio·

612 2055 740 2103 sae
795 2039 1030 2120 potius
1088 2056 1303 2119 quam
1361 2039 1761 2119 principum
1818 2039 2140 2119 virgines
2208 2039 2507 2116 (damas
2564 2037 2867 2116 vocant)
2926 2054 3085 2101 esse

613 2147 1026 2228 cupiebant,
1074 2155 1142 2209 et
1182 2163 1478 2226 prorsus
1518 2146 1739 2210 vitam
1783 2146 2019 2226 potius
2056 2145 2557 2223 religiosarum
2600 2162 2817 2225 quam
2855 2145 3086 2207 curia·

616 2254 786 2317 lium
818 2253 1148 2333 agebant.
1182 2253 1373 2316 Inter
1404 2253 1680 2334 aliquas
1708 2253 1958 2332 etiam,
1992 2269 2216 2332 quae,
2254 2269 2295 2315 a
2327 2254 2643 2333 peccatis
2666 2251 3085 2333 resipiscen-

615 2370 752 2439 teS,
787 2359 942 2424 Deo
973 2361 1246 2424 servire
1277 2361 1464 2423 serio
1493 2369 1918 2440 coeperunt,
1952 2359 2306 2440 quaedam
2334 2358 2368 2421 f
2369 2359 2466 2422 uit
2512 2377 2731 2440 quae,
2777 2376 2942 2422 cum
2982 2359 3085 2422 vi·

610 2468 792 2547 ginti
848 2466 1028 2531 duos
1086 2485 1315 2531 annos
1371 2477 1540 2530 nata
1598 2477 1785 2530 esset
1812 2513 1826 2542 ,
1890 2467 2201 2547 quinque
2260 2467 2331 2528 in
2404 2467 2703 2547 publicis
2767 2467 3087 2547 peccatis

612 2576 1080 2654 expenderat;
1114 2584 1182 2638 et
1213 2583 1358 2637 tam
1391 2591 1644 2637 severa
1675 2575 2110 2654 poenitentia
2142 2591 2405 2654 corpus
2434 2575 2835 2653 castigabat
2854 2622 2869 2652 ,
2901 2582 2980 2636 ut
3014 2574 3087 2636 in

610 2681 862 2745 ciliciis
891 2691 960 2745 et
987 2682 1586 2761 flagellationibus
1615 2689 1682 2744 et
1714 2679 2115 2760 hujusmodi
2140 2681 2465 2761 corporis
2495 2681 3087 2760 castigationibus

613 2789 835 2852 vitam
868 2797 1089 2852 totam
1119 2790 1330 2852 vellet
1362 2789 1789 2868 expendere.

740 2895 916 2958 1161.
1003 2895 1608 2976 Archiepiscopus
1637 2894 2217 2974 olyssiponensis
2258 2901 2320 2972 ²,
2363 2895 2457 2958 ad
2493 2911 2703 2974 quem
2750 2893 2827 2957 P.
2879 2895 3090 2974 Igna-

617 3001 756 3066 tius
795 3003 1216 3083 scripserat,
1259 3012 1328 3066 et
1370 3000 1800 3066 Societatem
1848 3010 2171 3064 nostram
2221 2999 2855 3083 Olyssiponensem
2896 3019 3086 3065 com·

614 3110 1116 3188 mendaverat,
1149 3108 1588 3190 respondens
1629 3108 1777 3172 suis
1815 3108 2077 3172 litteris
2130 3107 2208 3172 Ρ.
2260 3108 2569 3188 Ignatio,
2622 3117 2693 3171 et
2730 3109 3085 3172 maximas

615 3233 840 3295 agens
867 3218 1144 3297 gratias
1173 3217 1365 3297 quod
1393 3234 1470 3280 se
1501 3215 1656 3280 Deo
1688 3215 2179 3279 commendari
2210 3233 2253 3278 a
2294 3216 2559 3279 nostris
2596 3215 3080 3294 intellexisset,

615 3339 1052 3405 magnopere
1101 3324 1532 3404 exemplum,
1586 3323 1889 3386 virtutes
1940 3331 2011 3385 et
2050 3322 2308 3386 merita
2350 3331 2758 3386 nostrorum
2780 3371 2795 3402 ,
2838 3321 2959 3402 qui
2988 3322 3086 3385 ibi

615 3431 949 3511 resident,
971 3433 1441 3508 commendat,
1470 3441 1760 3511 propter
1783 3448 1965 3512 quae
1982 3449 2129 3494 non
2154 3440 2437 3510 poterat
2461 3430 2565 3493 eis
2582 3447 2724 3493 non
2748 3429 3086 3494 exhibere

619 3556 900 3602 omnem
931 3539 1318 3602 amicitiam
1345 3548 1416 3603 et
1445 3556 1576 3619 pro
1605 3537 1945 3602 fratribus
1974 3553 2100 3601 eos
2145 3537 2430 3600 habere.
2476 3533 2875 3617 Scripserat
2917 3536 3079 3599 huic

613 3644 1177 3726 Archiepiscopo
1207 3645 1282 3711 P.
1317 3646 1666 3726 IgnatiuS,
1699 3646 1817 3726 qui
1849 3644 2233 3725 aliquando
2278 3661 2355 3707 se
2385 3644 2650 3708 nostris
2701 3644 2937 3707 minus
2963 3645 3079 3708 be-

613 3753 945 3816 nevolum
975 3753 1394 3817 exhibuerat
1422 3751 1470 3816 ³.

693 4031 710 4062 ¹
771 4030 1233 4074 Clemenn‘narum
1260 4031 1731 4082 constitutionum,
1750 4031 1838 4073 lib.
1856 4040 1931 4082 ιιι,
1954 4031 2036 4073 tit.
2060 4040 2171 4080 xvi.
2191 4041 2307 4082 cap.
2329 4029 2482 4084 unic„
2505 4029 2558 4072 Si
2575 4028 2851 4073 Domitium
2873 4031 2924 4072 in
2956 4027 3085 4072 San·

611 4103 714 4147 ctis
733 4103 846 4158 ejus
869 4103 1084 4146 laudare
1101 4103 1359 4157 jubemur.

692 4175 717 4207 ἱ
771 4173 1134 4219 Ferdinandus
1156 4173 1528 4218 Vasconcellos
1547 4179 1600 4216 et
1621 4171 1870 4217 Meneses.
1894 4173 2029 4217 Vnde
2050 4184 2226 4228 supra,
2252 4179 2289 4216 t.
2312 4183 2387 4227 m,
2410 4183 2529 4227 pag.
2550 4172 2647 4224 354,
2670 4184 2718 4215 n.
2738 4171 2837 4215 781.

692 4247 714 4278 5
770 4246 902 4290 Vide
924 4257 1108 4300 supra.
1131 4251 1167 4288 t.
1189 4256 1242 4300 11,
1265 4257 1385 4300 pag.
1404 4245 1504 4296 710.
1525 4256 1644 4290 ann.
1669 4245 1790 4299 1552,
1811 4256 1860 4288 n.
1882 4245 1979 4299 638,
2001 4251 2055 4288 et
2076 4257 2196 4300 pag.
2216 4245 2312 4297 711,
2334 4255 2383 4287 n.
2400 4243 2579 4287 639.-“
2590 4243 2670 4287 La
2691 4244 2901 4287 ocasion
2921 4243 2984 4286 de
3006 4255 3085 4287 ea·

609 4318 770 4362 cribir
788 4317 1012 4361 Nuestro
1034 4317 1200 4361 Padre
1224 4317 1276 4360 al
1297 4317 1586 4371 Arzobispo
1610 4316 1673 4359 de
1693 4315 1919 4360 Lisbona
1940 4317 2025 4360 fue
2047 4327 2145 4370 que
2176 4318 2273 4360 aea
2295 4314 2613 4359 entendimos
2633 4324 2732 4368 que
2760 4325 2815 4356 se
2837 4316 2883 4358 le
2907 4315 3085 4358 envia-

609 4393 676 4433 ba
697 4401 764 4433 un
793 4389 958 4433 cierto
977 4387 1236 4442 despacho
1271 4399 1366 4443 por
1384 4398 1536 4432 mano
1565 4389 1649 4432 del
1671 4387 2007 4443 Embajador,
2028 4399 2124 4442 por
2153 4387 2518 4432 encomiendas
2552 4388 2828 4439 generales
2848 4387 2933 4430 del
2953 4385 3085 4442 Rey,

607 4461 774 4505 dende
793 4472 849 4504 se
874 4462 1086 4504 trataba
1108 4461 1170 4504 de
1187 4457 1380 4503 dividit
1400 4470 1504 4503 una
1523 4461 1691 4504 cierta
1711 4461 1995 4515 partoquia
2010 4493 2022 4513 ,
2040 4461 2091 4504 la
2112 4461 2231 4504 cual
2252 4459 2336 4503 fue
2358 4458 2514 4504 uuida
2534 4469 2603 4501 un
2624 4458 2817 4512 tiempo
2838 4461 2871 4502 a
2894 4459 2945 4501 ιι
2962 4459 3087 4511 igle·

607 4535 688 4577 sia
710 4533 772 4576 de
793 4531 898 4576 San
919 4533 1118 4585 Anton,
1141 4543 1174 4586 y
1195 4532 1396 4586 aplicar
1415 4537 1568 4586 parte
1589 4531 1652 4574 de
1681 4533 1734 4576 la
1754 4543 1883 4576 cura
1910 4533 1973 4575 de
1995 4532 2196 4575 animas
2216 4534 2249 4575 a
2272 4531 2376 4575 San
2402 4532 2602 4584 Anton,
2624 4541 2768 4574 como
2789 4530 2833 4574 si
2868 4531 3085 4584 pudiera

607 4605 656 4648 el
677 4605 966 4659 Arzobispo
997 4605 1240 4658 disponer
1261 4604 1324 4647 de
1347 4603 1502 4647 dicha
1533 4603 1742 4658 igleaia;
1769 4617 1806 4660 y
1827 4603 2232 4656 pareciendonos
2253 4613 2349 4657 que
2382 4603 2566 4658 podria
2594 4602 2692 4646 dar
2725 4603 2917 4656 alguna
2938 4602 3085 4656 veja·

606 4677 724 4720 cion
743 4677 966 4721 irritatio
987 4687 1082 4731 por
1103 4687 1167 4721 no
1199 4678 1360 4720 hacet-
1381 4685 1504 4720 caso
1525 4676 1610 4719 del
1625 4707 1637 4728 ,
1658 4687 1751 4720 nos
1771 4677 1895 4720 vino
1916 4680 1950 4720 a
1969 4677 2021 4720 la
2050 4683 2221 4720 mente
2242 4675 2516 4719 escribirle
2542 4681 2657 4718 esta
2678 4676 2815 4718 letra
2844 4685 3083 4718 amorosa

612 4760 638 4800 γ
674 4749 916 4793 visitat-le
951 4749 1362 4802 oficiosamente3
1398 4759 1494 4802 que
1525 4748 1688 4802 podra
1719 4758 1806 4792 ser
1840 4754 1953 4792 esto
1982 4758 2161 4792 escuse
2196 4749 2277 4792 las
2311 4747 2579 4791 molestias
2593 4781 2604 4801 ,
2640 4747 2782 4790 ultra
2816 4747 2877 4790 de
2907 4757 3005 4802 que
3027 4755 3087 4789 es
