3742 5392
1601 477 1728 536 Ax.
1773 466 1937 536 1554‘
2442 503 2451 514 ·
2920 475 2995 536 85

517 631 714 700 sent,
749 629 820 684 et
850 621 1004 684 sine
1033 620 1172 684 illis
1205 617 1220 650 ¹
1252 617 1654 700 Argentam
1685 621 1919 684 redire
1951 622 2184 700 coacti
2214 631 2482 698 essent,
2516 620 2587 684 id
2616 636 2832 700 aegre
2872 621 2989 684 ad-

520 727 810 792 modum
840 728 1184 807 tulerunt;
1217 737 1288 791 et
1315 728 1642 808 promisit
1672 728 1776 791 eis
1805 745 1883 791 se
1911 726 2141 792 denuo
2177 728 2269 791 ad
2299 727 2376 792 P.
2424 727 2777 808 Ignatium
2818 728 2985 792 scri-

521 846 832 917 pturum.
869 833 1050 900 Cum
1078 845 1318 899 autem
1347 835 1516 900 Dux
1545 845 1616 899 et
1646 835 1951 900 ministri
1980 835 2262 900 extrahi
2291 839 2314 871 ²
2336 844 2615 916 tempus
2636 834 2980 912 viderent,

515 942 982 1006 vehementer
1026 959 1286 1022 urgere
1335 952 1622 1006 nostros
1671 953 2096 1023 coeperunt;
2145 951 2215 1006 et
2260 943 2541 1006 interim
2592 943 2985 1022 argentinis

479 1050 964 1130 -scripserunt
992 1059 1068 1114 ut
1098 1049 1336 1114 omnia
1365 1059 1725 1129 pararent.
1761 1049 2151 1130 Respondit
2178 1058 2416 1114 autem
2444 1049 2519 1114 Ρ.
2553 1049 2871 1130 Ignatius
2908 1059 2985 1113 ut

524 1157 616 1222 ad
645 1167 926 1238 tempus
955 1157 1173 1238 aliqui
1199 1157 1681 1236 mitterentur,
1715 1157 1909 1236 iude,
1942 1174 2105 1222 cum
2132 1157 2439 1238 primum
2469 1156 2841 1221 commode
2870 1154 2981 1218 fie-

521 1265 585 1328 ri
612 1273 885 1345 posset,
920 1263 1264 1328 educendi
1293 1260 1353 1343 ⁸;
1387 1264 1717 1344 quamvis
1747 1263 2025 1328 difficile
2054 1265 2126 1328 id
2146 1263 2297 1327 fore
2321 1263 2398 1328 P.
2427 1262 2845 1328 Pelletarius
2865 1262 2982 1326 ad-

509 1381 920 1451 monuerat,
953 1369 1140 1434 hanc
1170 1371 1360 1435 enim
1389 1388 1545 1434 esse
1574 1370 1802 1434 Ducis
1829 1372 2269 1434 voluntatem
2308 1370 2815 1450 intelligebant.

645 1479 780 1542 154.
869 1475 1048 1542 Sunt
1080 1489 1317 1542 autem
1349 1477 1632 1542 evocati
1659 1476 1932 1542 Mutina
1959 1477 2369 1542 Ferrariam
2398 1476 2471 1541 P.
2506 1477 2801 1560 Joannis
2823 1476 2977 1542 Phi·

515 1586 749 1666 lippus
776 1585 1046 1650 flander
1078 1583 1102 1616 ⁴
1129 1594 1200 1648 et
1240 1583 1432 1665 Mag.
1474 1585 1786 1668 Joannes
1823 1584 2161 1650 Valerius
2199 1594 2273 1649 ut
2314 1582 2715 1666 Argentam
2756 1586 2979 1650 mitte·
3016 1643 3021 1650 .

503 1701 790 1771 rentur,
823 1691 887 1756 si
932 1709 1050 1756 res
1085 1691 1565 1772 necessariae,
1607 1701 1820 1772 prout
1861 1693 2251 1772 scripserat
2293 1690 2495 1771 Dux,
2540 1702 2837 1772 paratae
2882 1693 2979 1756 ibi

505 1807 774 1864 essent.
807 1798 1099 1864 Iverunt
1128 1815 1304 1878 ergo
1333 1798 1732 1879 Argentam
1749 1846 1764 1877 ,
1797 1807 1867 1862 et
1896 1815 2235 1877 magnam
2260 1808 2538 1880 partem
2562 1816 2828 1876 eorum,
2856 1801 2977 1880 qui

512 1905 836 1986 primarii
865 1906 1370 1984 censebantur,
1407 1904 1708 1970 infectos
1734 1905 2015 1968 haeresi
2042 1905 2416 1984 intellexit,
2460 1915 2529 1970 et
2570 1915 2977 1970 nostrorum

521 2012 864 2078 adventui
891 2012 1294 2091 adversari;
1327 2013 1612 2076 domum
1643 2031 1686 2076 a
1723 2011 2247 2078 Communitate
2285 2013 2596 2076 oblatam
2637 2030 2781 2076 non
2819 2030 2975 2076 esse

514 2117 846 2184 idoneam
864 2168 879 2199 ,
911 2119 1039 2182 sed
1069 2120 1281 2182 aliam
1311 2118 1848 2198 conductitiam,
1884 2135 2099 2199 quam
2128 2118 2369 2197 amici,
2402 2119 2521 2199 qui
2550 2127 2836 2184 nostros
2858 2137 2973 2182 ex-

515 2226 884 2307 petebant,
917 2225 1315 2290 conducere
1354 2225 1714 2290 volebant.
1746 2225 1927 2291 Cum
1969 2243 2143 2306 ergo
2184 2243 2300 2290 res
2321 2236 2615 2306 paratas
2644 2242 2783 2288 non
2818 2242 2975 2290 esse

515 2331 596 2396 P.
629 2332 1049 2398 Pelletarius
1077 2333 1536 2414 intelligeret,
1570 2333 1732 2398 inde
1765 2333 2213 2397 occasionem
2252 2333 2529 2413 accepit
2567 2332 2974 2396 missionem

505 2448 921 2504 nostrorum
951 2438 1342 2504 differendi.
1378 2439 1683 2503 Eosdem
1709 2425 2059 2504 Mutinam
2085 2439 2355 2504 remisit
2396 2437 2441 2498 ⁸.

632 2546 766 2610 155.
851 2547 950 2612 At
978 2547 1326 2612 Dominus
1349 2546 1757 2612 Alexander
1780 2548 2040 2612 acriter
2064 2547 2363 2626 urgebat
2376 2541 2463 2611 P.
2491 2546 2967 2626 Pelletarium,

493 2664 574 2718 et
606 2654 944 2720 admirari
972 2671 1049 2718 se
1079 2653 1526 2734 significabat
1555 2655 1746 2736 quod
1774 2653 1961 2718 Duci
1987 2652 2379 2734 gratificari
2407 2654 2481 2718 in
2510 2671 2587 2718 re
2616 2663 2763 2718 tam
2796 2654 2967 2733 utili,

491 2779 720 2842 quam
745 2762 862 2826 ille
891 2761 1401 2840 arbitrabatur,
1434 2762 1704 2826 tamdiu
1733 2761 2077 2841 differret;
2110 2771 2179 2826 et
2207 2761 2306 2825 ita
2337 2761 2413 2824 P.
2448 2761 2727 2842 Ignatio
2758 2761 2971 2826 etiam

503 2867 738 2932 visum
765 2878 874 2932 est
904 2869 1178 2949 aliquos
1208 2869 1497 2933 omnino
1527 2868 1910 2932 mittendos
1952 2885 2141 2946 esse;
2186 2877 2255 2931 et
2292 2885 2381 2932 ne
2425 2867 2503 2932 P.
2544 2867 2968 2950 Philippum,

503 2973 880 3042 Rectorem
929 2975 1228 3054 Collegii
1277 2974 1695 3040 Mutinensis
1721 3024 1734 3054 ,
1788 2974 1953 3039 inde
2003 2975 2356 3039 removeri
2416 2993 2707 3040 necesse
2757 2987 2968 3055 esset,

501 3081 694 3161 Mag.
755 3081 1084 3146 Andreas
1121 3081 1660 3161 Bonainsegna,
1719 3082 2036 3144 nondum
2084 3081 2421 3145 sacerdos
2450 3131 2464 3161 ,
2534 3082 2836 3147 idoneus
2880 3083 2973 3146 ad
3044 3099 3049 3104 ·

497 3187 688 3252 hanc
719 3188 1126 3252 missionem
1155 3188 1306 3252 fore
1328 3187 1688 3268 judicatus
1715 3197 1854 3267 est,
1889 3188 2011 3268 qui
2049 3189 2122 3252 in
2160 3189 2444 3268 graecis
2481 3198 2550 3252 et
2588 3189 2827 3252 latinis
2866 3190 2971 3253 lit·

498 3295 674 3359 teris
703 3296 991 3360 scholae
1019 3313 1353 3376 praeesse
1380 3305 1661 3374 poterat
1679 3343 1694 3374 ,
1739 3305 1810 3358 et
1839 3312 1917 3358 se
1947 3294 2313 3375 Argentae
2342 3296 2416 3360 in
2446 3296 2972 3377 praedicatione

493 3417 862 3466 exercere.
895 3401 1268 3466 Promotus
1295 3417 1469 3480 ergo
1500 3400 1593 3465 ad
1613 3401 2120 3480 sacerdotium,
2148 3414 2217 3466 et
2240 3403 2469 3482 primo
2507 3420 2717 3466 sacro
2742 3401 2973 3466 Bono-

494 3509 665 3572 niae
703 3509 778 3573 in
825 3510 939 3572 die
978 3507 1508 3589 Assumptionis
1556 3509 1947 3588 celebrato,
1989 3509 2397 3574 Ferrariam
2436 3511 2664 3589 venit,
2718 3519 2795 3573 ut
2841 3510 2972 3574 sub

499 3613 714 3682 finem
744 3614 1054 3696 Augusti
1080 3614 1480 3694 Argentam
1507 3614 2102 3696 proficisceretur,
2137 3617 2254 3679 ubi
2298 3613 2707 3680 avidissime
2745 3616 2972 3679 nostri

495 3723 1066 3803 expectabantur
1094 3719 1139 3784 ⁰.
1175 3720 1518 3801 Quamvis
1549 3729 1785 3786 autem
1813 3721 2045 3788 Roma
2073 3725 2305 3788 nullus
2334 3724 2593 3787 missus
2623 3722 2713 3785 sit
2736 3723 2825 3786 ad
2849 3723 2973 3787 hu·

589 4001 606 4032 ¹
665 4000 749 4054 qui
771 4000 840 4044 sd
861 3998 1148 4054 Collegium
1169 3999 1514 4043 inchoandum
1532 4001 1927 4054 expetebantur.

583 4071 608 4102 ἲ
659 4071 762 4116 Ubi
781 4081 875 4115 nos
894 4071 1114 4114 extrahi
1131 4071 1420 4125 scribimus,
1438 4082 1531 4116 ms.
1548 4071 1707 4115 habet
1730 4081 1810 4114 ex.
1833 4071 1892 4112 ia
1912 4072 2087 4122 (extra
2110 4069 2211 4121 id),·
2226 4068 2315 4112 sed
2338 4069 2426 4112 vix
2444 4068 2653 4112 dubium
2668 4079 2779 4112 esse
2797 4075 2970 4124 potest

495 4145 638 4188 mle
659 4142 873 4188 Polsuci
891 4144 1165 4188 librarium
1185 4143 1390 4188 audisse
1413 4150 1465 4187 et
1487 4144 1756 4197 scripsisse
1779 4145 1935 4186 extra
1956 4142 2015 4184 id
2033 4152 2127 4196 pro
2148 4139 2382 4184 extrahi.

583 4215 610 4248 ⁸
661 4213 795 4258 Vide
825 4225 956 4270 quas
986 4214 1260 4266 Polaticus.
1291 4225 1358 4259 ex
1389 4226 1543 4268 com„
1577 4214 1786 4268 scripsit
1819 4214 2028 4258 litteras
2062 4213 2208 4258 Patri
2242 4213 2429 4266 joanni
2462 4211 2745 4258 Pelletsrio
2774 4213 2807 4258 8
2836 4212 2971 4257 Mar-

497 4287 564 4332 tii
587 4287 706 4332 1⁵5⁴.

582 4361 606 4394 ὃ
659 4359 826 4416 Hujus
845 4371 1126 4414 cognomen
1146 4365 1262 4403 erat
1282 4358 1543 4409 Leermcs,
1563 4357 1696 4412 quod
1715 4369 1818 4401 non
1839 4359 1999 4402 multo
2022 4364 2139 4413 post
2160 4364 2395 4413 tempore
2414 4364 2668 4403 mutatum
2698 4365 2777 4403 est
2798 4359 2851 4404 in
2870 4358 2971 4402 Fa·

493 4430 613 4475 her.
632 4431 766 4476 Vide
785 4433 942 4485 infra,
962 4443 1013 4476 n.
1038 4432 1128 4476 1⁶9.

583 4502 607 4535 ⁸
659 4503 845 4549 Totum
865 4505 982 4555 hoc.
1002 4515 1033 4548 a
1055 4515 1181 4548 voce
1203 4503 1448 4554 Iverunt,
1463 4504 1516 4545 in
1536 4512 1632 4546 ors
1651 4503 1892 4558 paginae,
1913 4502 2064 4558 signo
2085 4501 2263 4547 addito
2286 4511 2341 4546 ut
2362 4502 2447 4546 hic
2466 4503 2762 4548 inserantur
2777 4535 2790 4556 ,
2812 4513 2967 4548 manu

495 4576 712 4630 propria
731 4575 943 4631 scripsit
962 4575 1232 4620 Polsneus.

582 4645 608 4680 ⁸
655 4645 817 4702 Infra,
832 4658 884 4692 n.
897 4647 994 4700 213,
1011 4649 1231 4702 primum
1247 4657 1454 4691 sacrum
1471 4645 1552 4690 die
1572 4647 2021 4690 Annunttationis
2038 4645 2095 4690 B.
2113 4645 2179 4692 Μ.
2210 4644 2447 4699 Virginis
2462 4646 2701 4691 Andreas
2718 4646 2963 4690 obtulisse

495 4717 707 4764 dicitur.
729 4719 830 4764 Sed
851 4719 1044 4763 rectius
1067 4719 1151 4762 hic
1183 4718 1610 4774 Assumptionis·
1645 4729 1764 4763 nam
1801 4727 1921 4762 tunc
1951 4718 2012 4762 de
2044 4729 2105 4762 eo
2138 4717 2204 4762 ad
2236 4719 2587 4762 sacerdotium
2612 4719 2967 4773 promovendo
