3742 5392
780 479 886 537 178
1694 476 1951 537 CnRoN.
1995 476 2146 535 Soc.
2188 476 2326 549 Jns.

892 622 1035 687 374.
1121 624 1409 687 Litteris
1450 622 1598 685 suis
1636 632 2069 685 evocaverat
2107 621 2185 685 P.
2220 618 2708 685 Salmeronem
2747 623 2819 684 in
2847 622 3112 687 Urbem
3151 622 3242 685 ad

772 733 950 795 duos
972 732 1090 794 vel
1115 740 1264 795 tres
1291 746 1571 794 menses
1593 728 1668 791 P.
1694 730 2036 809 Ignatius,
2065 738 2132 791 et
2157 729 2246 792 ad
2279 729 2350 792 id
2379 729 2652 793 litteras
2679 729 2771 793 ad
2791 728 3244 793 Cardinalem

776 838 1186 919 Pro-regem
1213 838 1231 869 ¹
1262 850 1329 901 et
1360 837 1452 900 ad
1480 838 1859 917 ipsummet
1884 834 1904 865 ¹
1935 836 2265 911 miserat,
2299 847 2376 899 ut
2406 835 2586 898 libro
2619 835 2718 898 illi
2749 836 3241 900 concinnando

774 946 979 1009 daret
1030 962 1352 1025 operam,
1394 960 1603 1023 quem
1642 941 2130 1007 Romanorum
2167 942 2326 1007 Rex
2369 953 2741 1023 tantopere
2779 943 3156 1023 expetebat
3193 942 3238 1007 ⁵.

772 1052 911 1117 Sed
938 1051 1315 1115 videbatur
1353 1051 1531 1114 haec
1569 1050 1921 1130 profectio
1955 1050 2342 1113 admodum
2383 1049 2832 1113 incommoda
2865 1048 3102 1113 futura
3139 1068 3242 1113 re-

774 1161 903 1223 bus
934 1158 1215 1239 collegii
1242 1157 1782 1237 temporalibus;
1814 1157 2144 1237 quamvis
2173 1157 2362 1219 enim
2396 1157 2601 1220 electi
2640 1156 2922 1220 fuerant
2955 1156 3172 1237 aliqui
3201 1175 3244 1219 a

774 1267 1112 1346 Pro-rege
1153 1275 1229 1328 ut
1271 1266 1827 1345 eleemosynam,
1875 1265 1963 1328 de
2000 1282 2140 1344 qua
2179 1264 2379 1343 prius
2425 1264 2856 1327 mentionem
2894 1263 3191 1328 fecimus
3218 1262 3245 1293 ⁴

776 1374 868 1437 ad
905 1372 1191 1437 domum
1231 1372 1602 1436 emendam
1655 1372 2072 1451 colligerent
2119 1371 2336 1449 (inter
2385 1388 2566 1451 quos
2603 1380 2760 1435 erat
2801 1369 2890 1434 D.
2931 1372 3245 1453 Joannes

776 1480 863 1544 de
911 1479 1329 1558 Mendoza),
1382 1480 1696 1543 nondum
1750 1487 1992 1542 tamen
2047 1478 2296 1559 primis
2353 1478 2601 1542 diebus
2654 1478 2920 1542 mensis
2966 1478 3234 1560 Aprilis

776 1588 1055 1653 exactio
1086 1586 1280 1651 facta
1318 1596 1472 1650 erat
1493 1637 1507 1664 ,
1540 1586 1900 1667 quamvis,
1935 1584 2088 1649 Deo
2117 1602 2272 1649 rem
2299 1585 2682 1665 dirigente,
2716 1586 2788 1649 in
2833 1602 3099 1667 magna
3126 1604 3240 1667 pe-

774 1696 1012 1776 nuria,
1046 1712 1259 1776 quam
1286 1676 1621 1775 Neapolis
1658 1692 2084 1773 patiebatur,
2117 1692 2266 1756 fere
2311 1692 2500 1755 mille
2529 1702 2598 1755 et
2637 1693 3004 1773 quingenti
3043 1693 3241 1757 aurei

775 1804 1054 1867 collecti
1082 1802 1395 1879 fuerant,
1429 1811 1501 1863 et
1528 1800 1621 1863 ad
1650 1800 1791 1863 duo
1822 1800 2040 1862 millia
2070 1800 2246 1863 haec
2279 1816 2556 1863 summa
2585 1800 2964 1863 videbatur
2991 1800 3239 1880 perdu-

779 1910 1038 1988 cenda,
1070 1919 1353 1991 praeter
1385 1907 1691 1970 officium
1721 1906 2076 1987 quoddam
2106 1924 2196 1969 ex
2226 1906 2474 1986 primis
2501 1906 2872 1970 vacaturis
2899 1906 2974 1969 in
3003 1908 3238 1985 operis

775 2016 1203 2095 subsidium3
1236 2024 1406 2078 tunc
1450 2015 1640 2077 enim
1670 2014 1761 2080 ad
1790 2014 1930 2077 tria
1975 2013 2193 2077 millia
2237 2013 2415 2076 haec
2445 2015 2900 2092 eleemosyna
2945 2030 3238 2093 perven-

768 2134 931 2187 tura
975 2122 1374 2200 videbatur3
1416 2121 1542 2185 sed
1579 2122 1639 2184 si
1683 2131 1831 2185 tam
1868 2121 2011 2183 cito
2041 2120 2418 2183 recedebat
2459 2119 2538 2183 P.
2572 2118 2964 2200 Salmeron,
3007 2122 3242 2185 minus

768 2247 1189 2312 prosperum
1211 2246 1621 2293 successum
1644 2244 1763 2291 res
1790 2228 2122 2291 habitura
2152 2226 2552 2290 videbatur.
2584 2226 2828 2306 Itaque
2855 2226 2931 2290 P.
2965 2226 3241 2307 Ignatio

768 2338 1035 2419 placuit
1063 2348 1139 2400 ut
1166 2336 1432 2416 aliquot
1463 2336 1614 2400 dies
1641 2343 2059 2416 expectaret
2085 2331 2130 2412 ⁸,
2166 2350 2312 2397 non
2342 2342 2582 2398 tamen
2613 2342 2689 2397 ut
2717 2334 3239 2413 possessionem

771 2446 1128 2509 omitteret
1148 2440 1195 2503 ⁶.
1222 2443 1501 2529 Primus
1522 2444 1673 2522 ipse
1696 2440 1995 2505 Pro-rex
2020 2450 2304 2521 praeter
2325 2440 2838 2522 quinquaginta
2869 2449 3231 2521 argentos,

768 2569 947 2633 quos
990 2551 1215 2629 dedit,
1258 2550 1561 2613 officium
1602 2549 1654 2627 ⁷,
1698 2558 1772 2612 ut
1825 2549 2168 2628 diximuS,
2204 2550 2549 2629 promisit.
2604 2546 2947 2629 Princeps
3001 2557 3236 2612 autem

767 2660 1136 2740 Bisignani
1160 2666 1517 2721 tercentos
1546 2672 1806 2719 aureos
1836 2657 2110 2735 obtulit,
2136 2658 2260 2737 qui
2291 2656 2621 2719 assiduus
2649 2654 2935 2719 auditor
2958 2656 3234 2719 concio-

770 2784 938 2831 num
988 2766 1215 2829 fuerat
1238 2814 1252 2841 ,
1300 2775 1375 2826 ut
1431 2775 1499 2827 et
1546 2763 1729 2825 duae
1770 2764 1992 2843 ipsius
2043 2780 2358 2842 sororeS,
2391 2779 2572 2842 quae
2623 2771 2984 2826 tercentos
3021 2763 3238 2826 etiam

767 2873 1267 2954 promiserunt.
1300 2870 1819 2934 Marchionissa
1850 2869 2061 2933 Vasti
2089 2878 2368 2933 centum
2400 2867 2613 2932 dedit.
2641 2868 2754 2947 Et,
2790 2880 3076 2950 praeter
3106 2869 3238 2932 uti-

767 2981 1056 3058 litatem,
1090 2995 1271 3059 quae
1302 2995 1393 3041 ex
1424 2978 1560 3041 hac
1592 2979 2046 3056 eleemosyna
2078 2976 2484 3055 quaerenda
2515 2976 3002 3055 proveniebat,
3033 2994 3236 3039 occa-

768 3088 875 3151 sio
922 3086 1034 3150 his
1071 3085 1566 3166 praebebatur,
1610 3085 1730 3165 qui
1781 3085 2304 3162 eleemosynam
2363 3084 2695 3162 petebant
2723 3132 2737 3161 ,
2792 3083 2880 3146 de
2936 3083 3238 3146 utilitate

768 3202 1205 3276 proventura
1235 3210 1326 3256 ex
1356 3192 1659 3272 collegio
1690 3194 1912 3254 multa
1945 3189 2246 3254 dicendi.

883 3300 1024 3364 375.
1112 3298 1253 3365 Sed
1289 3299 1573 3363 demum
1620 3298 1751 3361 sub
1792 3296 2005 3361 finem
2043 3296 2316 3376 Aprilis
2361 3312 2526 3359 cum
2553 3294 2631 3359 P.
2669 3294 3036 3360 Salmeron
3081 3314 3234 3376 pro—

767 3408 1085 3472 fecturus
1130 3415 1347 3485 esset,
1396 3416 1465 3469 et
1516 3406 1763 3469 ultimo
1806 3403 2166 3469 Cardinali
2217 3401 2683 3481 valediceret,
2732 3404 3023 3466 retinuit
3070 3418 3232 3465 eum

772 3514 1200 3591 CardinaliS,
1236 3513 1353 3593 qui
1383 3513 1667 3576 dicebat
1697 3527 2118 3591 responsum
2146 3527 2224 3573 se
2255 3510 2620 3590 accepisse
2652 3511 2744 3573 ab
2771 3510 3231 3589 Imperatore,

773 3630 841 3685 et
870 3620 1153 3701 quidem
1180 3619 1475 3693 bonum,
1508 3620 1597 3683 de
1627 3619 1739 3682 his
1776 3635 1959 3699 quae
2006 3618 2095 3680 ab
2125 3634 2209 3682 eo
2246 3618 2771 3698 postulaverat,
2807 3625 2906 3695 et,
2941 3624 3019 3680 ut
3067 3617 3234 3681 illud

777 3727 1375 3806 consideraretur,
1436 3726 1667 3789 adhuc
1725 3726 1992 3805 aliquot
2047 3725 2198 3787 dies
2254 3724 2572 3799 retinuit,
2609 3741 2723 3786 -ac
2779 3724 3102 3803 promisit
3160 3742 3234 3787 se
3299 3752 3305 3757 ·

770 3834 847 3896 P.
888 3833 1164 3913 Ignatio
1204 3833 1455 3896 litteris
1511 3832 2084 3909 satisfacturum,
2127 3830 2312 3911 quod
2357 3829 2866 3909 profectionem
2917 3832 3048 3894 hos
3087 3831 3236 3894 dies

858 4078 869 4108 ¹
934 4076 1121 4119 Cartas
1142 4075 1208 4118 de
1231 4074 1341 4117 San
1362 4074 1598 4127 Ignacio,
1619 4082 1655 4117 t.
1680 4085 1751 4125 iv,
1775 4084 1894 4129 pag.
1922 4073 2017 4117 189.

852 4150 874 4179 Ξ
930 4147 1057 4191 Ibid.
1079 4158 1200 4201 pag.
1223 4144 1450 4189 1⁴2.—De
1470 4146 1567 4189 hoc
1589 4146 1797 4200 scripsit
1818 4144 1980 4189 etiam
2009 4144 2246 4199 Ignatius
2283 4142 2599 4200 Hieronymo
2625 4142 2800 4187 Vinea.
2821 4143 2968 4199 Ibid.,
2989 4156 3111 4199 pag.
3137 4147 3232 4189 116.

852 4220 873 4250 ⁵
928 4216 1062 4260 Vide
1082 4216 1234 4269 infra,
1254 4217 1340 4262 ubi
1362 4216 1424 4260 de
1446 4214 1677 4271 Collegio
1700 4216 1978 4260 Viennensi
2002 4224 2212 4270 agetur.

852 4291 874 4322 ὁ
929 4288 1114 4343 Supra,
1136 4300 1255 4343 pag.
1279 4290 1371 4342 174,
1399 4299 1449 4332 n.
1470 4288 1567 4332 36⁴.

856 4363 878 4392 ἒ»
932 4358 1153 4405 Litteris
1176 4372 1207 4404 a
1230 4359 1469 4412 Poianeo,
1492 4370 1558 4403 ex
1579 4370 1729 4411 com„
1749 4359 1888 4403 datie
1905 4358 2049 4403 Patri
2067 4360 2312 4403 Andreae
2334 4359 2396 4402 de
2419 4358 2630 4411 Oviedo,
2653 4358 2706 4401 211
2725 4357 2918 4403 Martii.

848 4428 874 4463 6
930 4430 1039 4486 Sic;
1059 4432 1383 4486 suspicamur
1404 4438 1579 4474 tamen
1600 4430 1928 4475 scribendum
1951 4442 2055 4473 non
2076 4434 2264 4475 tamen
2288 4434 2346 4473 ut
2363 4430 2754 4485 prosectionem
2775 4429 3016 4483 (Romam
3036 4436 3238 4482 versus)

774 4503 1063 4547 omitteret.

854 4574 874 4601 ἲ
936 4574 1084 4618 Haud
1106 4574 1257 4619 facile
1292 4574 1556 4619 intellectu
1586 4582 1666 4618 est
1695 4574 1815 4629 qnid
1837 4575 2000 4630 officit·
2019 4575 2223 4619 nomine
2256 4575 2342 4618 hic
2361 4575 2560 4618 veniat.
2586 4572 2834 4619 Fortasse
2855 4576 2993 4619 aliud
3029 4586 3130 4619 non
3159 4581 3238 4619 est

774 4645 1135 4701 nisiofficium,
1156 4646 1289 4700 qnod
1310 4646 1447 4701 apud
1468 4645 1843 4700 Imperatorem
1873 4658 1930 4689 se
1961 4646 2154 4689 Prot-ex
2194 4646 2508 4699 promiserat
2544 4651 2798 4699 acturum,
2821 4654 2878 4689 ut
2912 4647 3110 4691 reditus
3143 4658 3237 4701 pro
3305 4668 3316 4677 ·

776 4714 1007 4770 collegio
1028 4715 1199 4761 firmos
1220 4720 1286 4762 ab
1304 4728 1367 4761 eo
1390 4718 1663 4761 obtineret.
1686 4716 1817 4761 Vide
1841 4717 1996 4769 infra,
2019 4727 2068 4760 n.
2089 4716 2188 4763 399.
