3742 5392
712 489 839 549 270
1659 488 1913 547 Cimon.
1957 486 2110 547 See.
2149 490 2290 562 Jes,

738 643 1026 699 nostrae
1058 632 1433 697 Societatis
1456 634 1559 696 sic
1591 631 1926 696 Coloniae
1974 649 2267 713 sparsus
2295 640 2479 712 erat,
2514 641 2591 695 ut
2623 652 2663 696 a
2694 634 3016 714 plurimis
3054 651 3203 697 mo-

716 743 867 805 ·dus
896 742 1011 804 ille
1040 741 1397 804 tractandi
1430 741 1662 803 studia
1693 739 2028 803 Coloniae
2056 749 2537 819 expeteretur,
2574 741 2694 803 ubi
2727 741 2846 804 illa
2871 739 3205 819 jacebant

736 847 946 912 valde
977 858 1045 911 et
1096 848 1169 910 in
1212 847 1364 911 dies
1405 847 1636 926 magis
1688 847 2256 926 intepescebant;
2309 846 2496 909 unde
2547 847 2741 927 prior
2783 846 3207 912 Carthusiae

719 954 1178 1020 Coloniensis
1210 953 1226 985 ¹
1252 954 1839 1035 supplicationem
1864 950 2158 1016 Senatui
2181 953 2431 1016 obtulit
2456 953 2564 1032 (ut
2593 935 2745 1034 ip'se
2763 954 3024 1017 nostris
3049 970 3207 1018 nar-

738 1061 961 1139 ravit)
996 1070 1070 1123 ut
1100 1060 1377 1141 aliquos
1398 1060 1485 1123 de
1508 1069 1753 1123 nostra
1775 1058 2130 1123 Societate
2156 1062 2627 1140 postularent,
2655 1045 2956 1141 quorum
2989 1079 3210 1141 opera

736 1166 1013 1248 perdita
1042 1168 1277 1231 studia
1308 1168 1906 1245 instaurarentur,
1939 1175 2008 1229 et
2033 1165 2401 1245 JuventuS,
2435 1168 2508 1229 in
2538 1168 2879 1246 religione
2909 1178 2978 1231 et
3002 1167 3210 1232 mori-

734 1276 868 1337 bus
894 1276 1079 1337 male
1112 1273 1458 1350 instituta,
1493 1272 1879 1337 studiosius
1911 1284 1979 1335 ct
2012 1271 2252 1335 utilius
2281 1273 2790 1337 institueretur.
2840 1273 2980 1337 Sed
3005 1292 3210 1339 sena-

732 1392 850 1444 tus
881 1380 1270 1443 deliberare
1301 1397 1377 1443 se
1400 1381 1582 1442 velle
1614 1398 1698 1440 ea
1731 1380 1817 1442 de
1847 1398 1924 1441 re
1957 1376 2249 1460 [dicens]
2284 1396 2706 1459 responsum
2736 1380 3031 1445 distulit.

858 1487 1001 1550 579.
1088 1487 1279 1550 Idem
1311 1488 1536 1550 bonus
1552 1486 1627 1549 P.
1656 1485 1857 1549 Prior
1887 1504 2049 1549 cum
2072 1485 2472 1550 Romanum
2493 1486 2890 1566 Collegium
2911 1488 3213 1568 penuria

738 1612 979 1659 rerum
1009 1595 1502 1674 temporalium
1533 1594 1858 1657 laborare
1889 1594 2343 1672 intelligeret,
2379 1603 2662 1659 centum
2707 1595 2810 1659 illi
2851 1612 3109 1659 aureos
3139 1597 3213 1659 in

738 1702 1137 1766 subsidium
1170 1702 1359 1763 misit
1388 1699 1433 1763 ⁸.

860 1807 1001 1872 580.
1092 1808 1397 1888 Quidam
1425 1808 1639 1871 etiam
1669 1807 1869 1871 dives
1900 1809 2324 1875 coloniensis
2355 1807 2640 1871 domum
2671 1810 3054 1889 quamdam
3091 1808 3214 1873 So·

741 1917 984 1980 cietati
1014 1916 1184 1979 dare
1209 1916 1282 1978 in
1311 1932 1515 1978 usum
1548 1914 1843 1995 Collegii
1864 1914 3110 1996 Coloniensisdecrevitmujusfiliffi,
3141 1917 3215 1983 iu

744 2022 1189 2103 philosophia
1232 2020 1321 2084 ad
1374 2022 1863 2101 magisterium
1915 2032 2318 2101 promotuS,
2374 2020 2802 2085 Societatem
2845 2022 3216 2103 ingressus

742 2130 995 2192 fuerat.
1042 2128 1208 2208 Alii,
1244 2128 1653 2192 muneribus
1679 2128 1939 2207 missiS,
1973 2129 2238 2203 bonurn
2269 2128 2585 2191 animum
2625 2146 2830 2192 suum
2870 2146 3046 2209 erga
3073 2132 3217 2193 col-

744 2234 1006 2315 legium
1035 2234 1569 2314 significabant,
1614 2245 1682 2298 et
1730 2252 2180 2314 summopere
2225 2234 2618 2314 Collegium
2659 2235 2996 2299 Coloniae
3027 2235 3215 2300 serio

744 2342 1016 2405 institui
1072 2342 1413 2423 optabant
1438 2390 1452 2417 ,
1508 2351 1583 2405 ut
1649 2342 2070 2421 simulatque
2129 2341 2343 2405 fuerit
2397 2340 2792 2405 admissum
2849 2343 3028 2406 suis»
3045 2343 3218 2407 illud

748 2449 1031 2512 auxiliis
1060 2449 1567 2527 temporalibus
1598 2457 2125 2528 promoverent.
2170 2447 2280 2512 Ex
2322 2448 2604 2512 duobus
2635 2450 2848 2512 etiam
2891 2450 3069 2514 locis
3096 2468 3219 2513 ex-

746 2566 859 2618 tra
890 2555 1261 2619 Coloniam
1284 2553 1605 2619 Societas
1633 2564 1880 2622 nostra
1903 2555 2365 2635 expetebatur
2389 2564 2457 2618 et
2482 2556 2644 2618 loca
2667 2554 3144 2620 offerebantur
3167 2554 3217 2620 ³:

732 2663 1152 2726 admonitus
1168 2662 1299 2725 fuit
1322 2671 1559 2725 tamen
1583 2660 1658 2725 P.
1686 2662 2104 2725 Leonardus
2127 2679 2170 2723 a
2193 2660 2268 2725 P.
2296 2663 2574 2741 Ignatio
2604 2680 2693 2725 ne
2723 2680 2800 2726 se
2821 2663 3219 2729 inconsulto

750 2771 986 2832 locum
1014 2770 1233 2832 ullum
1260 2778 1465 2831 extra
1496 2767 1866 2833 Coloniam
1897 2768 2329 2847 admitteret;
2356 2767 2502 2848 jam
2548 2770 2737 2833 enim
2777 2762 3218 2850 experientia

736 2874 1092 2940 docuerat
1122 2876 1311 2957 quod
1339 2876 1515 2938 haec
1546 2892 1764 2939 onera
1795 2875 2292 2955 collegiorum,
2337 2876 2668 2956 quamvis
2705 2878 3052 2957 proximis
3089 2878 3222 2940 uti-

754 2982 879 3061 lia,
916 2980 1255 3046 Societati
1284 2993 1519 3045 tamen
1548 2982 1621 3045 id
1648 2982 1988 3061 temporis
2013 2983 2190 3045 satis
2217 2981 2473 3061 gravia
2505 2992 2734 3047 erant.

870 3086 1015 3151 581.
1099 3088 1429 3153 Vacabat
1460 3088 1536 3151 P.
1578 3086 1996 3152 Leonardus
2003 3106 2162 3177 pro
2207 3106 2404 3152 more
2447 3107 2578 3153 suo
2626 3090 3118 3171 concionibuS,
3151 3099 3221 3155 et

740 3210 1093 3273 magnum
1130 3194 1717 3257 scholasticorum
1755 3211 2126 3258 numerum
2168 3194 2259 3257 ad
2297 3176 2824 3259 sacramentum
2864 3198 3221 3276 poeniten-

750 3300 891 3363 tiae
922 3300 1406 3365 accedentium
1438 3301 1801 3381 audiebat;
1834 3319 1926 3364 ex
1956 3302 2412 3382 popularibus
2441 3312 2679 3365 autem
2701 3320 2843 3365 non
2867 3304 3099 3384 pauci,
3132 3322 3220 3369 ac

752 3407 1171 3487 praesertim
1218 3407 1467 3487 vicini,
1530 3407 1621 3471 ad
1674 3406 2194 3472 confessionem
2243 3419 2314 3471 et
2363 3410 2908 3474 communionen
2959 3420 3218 3475 octavo

738 3530 1032 3594 -quoque
1060 3512 1173 3577 die
1214 3514 1555 3577 accedere
1586 3524 2132 3578 consueverant.
2171 3514 2350 3578 Cum
2389 3525 2628 3578 autem
2657 3517 2896 3595 gratia
2929 3515 3220 3596 jubilaei

739 3620 846 3683 -ad
874 3620 1201 3683 eumdem
1250 3618 1327 3681 P.
1360 3620 1811 3684 Leonardum
1858 3620 2085 3685 Roma
2130 3622 2348 3684 missa
2395 3622 2687 3700 fuisset,
2732 3623 3078 3687 intellexit
3127 3625 3218 3689 ab

752 3726 1103 3807 Episcopo
1134 3728 1351 3790 etiam
1380 3727 1670 3791 missam
1701 3727 1950 3808 fuisse;
1975 3738 2046 3791 et
2089 3727 2371 3791 dolebat
2402 3728 2587 3807 quod
2629 3728 3027 3809 hujusmodi
3056 3748 3218 3811 gra-

736 3833 869 3897 ·tiis
926 3831 1128 3897 Sedis
1170 3833 1627 3914 Apostolicae
1678 3852 1932 3915 parurn
1983 3836 2308 3899 homines
2370 3835 2468 3898 illi
2519 3835 3005 3901 afficerentur:
3066 3839 3216 3919 ipse

748 3948 997 4004 autem
1027 3940 1581 4023 quibuscumque
1632 3941 1882 4021 potuit,
1930 3940 2317 4021 jubilaeum
2355 3942 2526 4006 illud
2579 3952 2646 4006 et
2684 3942 3116 4023 significavit
3149 3957 3220 4009 et

740 4047 1155 4127 :impertitus
1178 4055 1307 4110 est.

872 4152 1015 4217 582.
1102 4152 1193 4217 D.
1226 4152 1589 4234 Groperus
1618 4150 1641 4183 ⁴
1670 4172 1747 4217 se
1786 4154 2166 4219 admodum
2205 4154 2514 4218 amicum
2553 4153 2897 4219 Societati
2937 4158 3244 4223 exhibe-³

836 4359 853 4391 Ι
912 4358 1179 4403 Gerardus
1216 4358 1623 4414 Kalckbrenner‚
1658 4358 2032 4414 flammantius,
2054 4360 2116 4403 de
2151 4371 2250 4415 quo
2283 4360 2394 4415 jam
2427 4360 2634 4414 saepius
2667 4360 2748 4404 hic
2772 4367 2825 4404 et
2862 4362 2912 4405 in
2935 4362 3078 4405 Hise.
3103 4362 3218 4407 Soc.

752 4429 887 4485 Jes„
914 4439 965 4474 et
990 4430 1181 4473 Canas
1199 4430 1265 4473 de
1287 4429 1397 4473 San
1418 4428 1655 4483 Ignacto,
1673 4438 1788 4480 etc..
1809 4437 1908 4475 etc.

835 4501 859 4533 ⁸
916 4500 1045 4545 Vide
1066 4500 1257 4552 Ignatii
1278 4502 1343 4545 ad
1367 4501 1599 4546 Pr10rem
1628 4501 1940 4547 Carthasim
1969 4502 2289 4547 coloniensis
2309 4502 2516 4547 litteras
2551 4504 2600 4547 in
2621 4504 2812 4551 Carras
2831 4504 2898 4548 de
2916 4504 3026 4550 San
3049 4506 3212 4559 lgna-

740 4572 852 4627 -cn'o,
874 4578 911 4615 t.
934 4582 1005 4623 ιν.
1026 4584 1147 4627 pag.
1168 4573 1250 4617 477
1268 4580 1319 4616 et
1341 4572 1437 4616 298.

834 4643 858 4676 ³
910 4644 1045 4687 Vide
1064 4642 1307 4687 Lacte-rae
1326 4644 1789 4697 Quadrltnestres,
1810 4652 1847 4688 t.
1870 4656 1925 4697 η,
1949 4657 2066 4702 pag.
2090 4644 2186 4699 630,
2210 4651 2384 4689 annot.
2407 4646 2448 4689 1.

830 4717 859 4749 ⁴
913 4716 1006 4761 Dr.
1028 4716 1252 4769 joannes
1272 4716 1585 4771 Gropperus.
