3742 5392
1681 495 1816 557 Δ..
1854 495 2010 556 15⁸-
2967 494 3078 555 623

541 678 565 697 0
592 638 741 720 jam
772 638 1175 720 quindecim
1210 640 1555 722 baptizati
1593 650 1797 705 erant
1818 690 1833 721 ,
1866 650 1937 705 et
1975 641 2380 721 complures
2415 640 2541 707 afli
2577 640 3076 707 cmm

600 747 731 811 sub
755 745 1067 815 Antonio
1094 746 1499 830 Rodriguez
1521 748 1541 780 ¹
1566 758 2034 830 praeceptore
2049 748 2314 828 optime
2337 748 2668 813 instructi
2689 748 3073 813 versaban-

597 862 739 933 tur,
774 854 893 934 qui
922 853 1119 920 horis
1147 855 1728 921 antemeridianis
1749 864 1911 935 post
1939 855 2314 921 lectionem
2333 855 2622 919 litanias
2643 855 2718 919 in
2741 856 3068 935 ecclesia,

608 960 1110 1041 pomeridianis
1141 963 1501 1027 canticum
1538 961 1757 1025 Salve
1788 961 2083 1042 Regina
2113 960 2623 1041 decantabant,
2660 961 2908 1026 diebus
2951 970 3073 1027 au-

600 1078 745 1133 tem
775 1068 1061 1133 veneris
1088 1085 1353 1148 magna
1396 1086 1562 1134 cum
1589 1068 1974 1133 devotione
2011 1070 2087 1133 in
2116 1068 2693 1150 processionibus
2725 1084 2950 1149 usque
2981 1069 3071 1133 ad

600 1174 1025 1255 sanguinem
1052 1193 1130 1240 se
1161 1176 1460 1257 flagellis
1490 1176 1916 1253 caedebant,
1951 1185 2022 1241 et
2051 1192 2142 1241 ex
2169 1176 2282 1241 his
2310 1174 2552 1257 pueris
2575 1224 2590 1253 ,
2623 1191 2788 1239 cum
2815 1191 3068 1256 paren·

600 1282 789 1347 tibus
816 1282 965 1347 suis
994 1283 1459 1349 succederent
1478 1332 1493 1362 ,
1528 1284 1869 1364 populum
1905 1282 2060 1347 Deo
2097 1292 2388 1363 gratum
2425 1280 2871 1349 efficiendum
2913 1300 3070 1349 esse

603 1389 835 1455 nostri
862 1390 1270 1470 sperabant.
2497 1398 2504 1403 ·

729 1496 905 1561 1327.
991 1496 1101 1563 Ex
1130 1505 1279 1562 toto
1306 1505 1547 1563 autem
1576 1496 1837 1578 oppido
1869 1508 2154 1563 centum
2193 1497 2490 1578 triginta
2525 1498 2777 1579 paucis
2815 1498 3068 1563 mensi·

599 1604 737 1669 bus
768 1603 857 1667 ad
886 1603 1397 1669 catechismum
1428 1603 1890 1684 accedebant,
1919 1604 2012 1669 ad
2041 1604 2471 1686 baptismum
2502 1613 2741 1669 autem
2763 1623 2855 1669 ex
2875 1606 3068 1669 omni

600 1728 781 1775 sexu
818 1712 1115 1791 triginta
1156 1722 1225 1776 et
1261 1728 1391 1779 sex
1427 1710 1714 1777 fuerunt
1742 1712 2071 1776 admissi:
2104 1712 2214 1776 bis
2263 1712 2576 1793 quotidie
2624 1712 2698 1775 in
2743 1711 3070 1777 doctrina

592 1819 989 1883 christiana
1008 1817 1533 1899 erudiebantur,
1558 1818 1871 1883 dicentes
1897 1819 2256 1883 orationes
2273 1819 2346 1883 in
2368 1818 2744 1884 lusitanico
2767 1829 2836 1883 et
2857 1818 3070 1883 etiam

596 1926 673 1989 in
725 1924 1127 1991 brasiliensi
1174 1925 1533 2005 idiomate;
1586 1925 2064 1990 foeminarum
2111 1934 2352 1990 autem
2401 1942 2796 1991 concursus
2842 1925 3071 2007 maJ'or

599 2050 814 2105 quam
844 2034 1163 2097 virorum
1192 2042 1369 2097 erat.

728 2138 903 2205 1328.
988 2138 1301 2219 Singulis
1330 2139 1703 2205 dominicis
1733 2140 1982 2204 diebus
2010 2140 2114 2205 eis
2143 2139 2363 2204 Missa
2393 2138 2784 2220 dicebatur;
2816 2147 2885 2203 et
2907 2156 3070 2205 cum

602 2246 1097 2313 catechumeni
1144 2256 1307 2328 post
1345 2246 1779 2311 offertorium
1826 2247 2344 2312 dimitterentur
2365 2294 2380 2325 ,
2423 2246 2748 2327 graviter
2782 2246 2852 2311 id
2894 2245 3066 2313 fere-

599 2354 795 2432 bant,
831 2364 899 2418 et
927 2364 1213 2419 nostros
1242 2354 1595 2434 urgebant
1622 2363 1699 2417 ut
1728 2371 1803 2417 se
1834 2353 2185 2435 baptismo
2215 2352 2471 2433 dignos
2509 2353 2895 2429 efficerent;
2941 2352 3070 2417 sed

594 2462 827 2527 nostri
864 2472 1071 2527 caute
1110 2462 1183 2526 in
1225 2479 1310 2526 eo
1362 2461 1926 2526 administrando
1967 2460 2496 2542 procedendum
2537 2461 3064 2541 existimabant,

598 2586 687 2631 ne
721 2569 810 2634 ad
842 2572 1189 2634 vomitum
1216 2585 1499 2633 morum
1527 2568 1984 2649 antiquorum
2011 2566 2362 2647 redirent,
2395 2585 2527 2633 nec
2557 2568 2694 2633 nisi
2723 2578 2885 2648 post
2914 2569 3066 2633 lon-

595 2692 769 2755 gam
795 2677 1289 2758 probationem
1320 2692 1747 2757 quemquam
1766 2674 2250 2757 baptizabant.

724 2782 900 2849 1329.
988 2782 1263 2848 Placuit
1292 2792 1531 2847 autem
1560 2780 1852 2846 divinae
1881 2782 2185 2846 bonitati
2223 2799 2313 2845 ex
2351 2781 2495 2861 hiS,
2527 2782 2651 2863 qui
2689 2781 2778 2844 ad
2818 2798 3068 2845 veram

595 2892 1017 2971 religionem
1046 2889 1515 2969 accedebant,
1547 2891 1807 2954 multos
1847 2888 1985 2952 hac
2015 2888 2166 2953 vita
2195 2888 2510 2971 privare,
2543 2887 2636 2953 ad
2675 2897 3064 2965 aeternam,

594 3006 676 3061 ut
705 2998 1127 3061 credebatur
1146 3046 1161 3075 ,
1194 3014 1319 3061 eos
1349 2995 1781 3061 deducturos
1826 2994 2031 3074 (sic),
2065 3013 2233 3060 nam
2272 3011 2536 3075 magna
2581 2994 2952 3075 diligentia
2991 3003 3064 3058 et

597 3105 837 3169 studio
866 3114 1194 3169 curatum
1224 3114 1333 3169 est
1364 3114 1441 3168 ut
1470 3103 1544 3167 in
1568 3102 1705 3167 fide
1730 3102 2022 3166 stabiles
2043 3102 2368 3183 firmique
2392 3101 2840 3166 decederent.
2867 3100 3062 3166 Inter

592 3229 723 3275 eos
753 3213 1069 3276 nonnulli
1097 3212 1512 3276 innocentes
1545 3219 1705 3292 post
1747 3210 2182 3290 baptismum
2219 3218 2630 3290 susceptum
2667 3206 2758 3271 ad
2801 3206 3063 3273 Dnum.

599 3320 1125 3399 migraverunt.
1240 3372 1247 3379 .
1336 3314 1350 3331 ⁸
2863 3372 2868 3379 .

724 3424 899 3489 1330.
987 3426 1293 3505 Quidam
1320 3442 1413 3489 ex
1441 3426 1898 3505 primoribuS,
1931 3426 2053 3506 qui
2081 3442 2126 3487 a
2155 3434 2440 3489 centum
2469 3422 2690 3486 leucis
2719 3430 2791 3485 et
2815 3438 2902 3484 eo
2923 3436 3068 3485 am-

599 3534 787 3611 plius
826 3548 989 3597 cum
1030 3532 1241 3596 Petro
1281 3532 1575 3612 Correa,
1608 3532 2046 3597 christianae
2073 3529 2234 3594 fidei
2264 3546 2506 3608 causa,
2549 3526 3069 3607 Piratiningam

593 3648 927 3716 venerat,
978 3657 1138 3703 cum
1179 3638 1291 3705 die
1329 3640 1639 3721 quadam
1684 3640 1757 3703 in
1796 3639 2266 3703 lusitanorum
2303 3635 2816 3700 habitationem
2842 3634 3070 3699 tribus

596 3746 820 3809 leucis
849 3746 1230 3809 distantem
1262 3762 1338 3809 se
1370 3745 1817 3823 contulisset,
1852 3764 1896 3809 a
1925 3744 2233 3827 quodam
2264 3742 2655 3807 christiano
2699 3740 2790 3805 ad
2818 3753 3066 3823 potan-

595 3852 767 3915 dum
796 3850 1161 3931 invitatuS,
1194 3850 1560 3933 respondit
1582 3870 1661 3917 se
1676 3851 1827 3933 jam
1849 3851 2188 3934 pristinos
2211 3866 2446 3914 mores
2467 3847 2874 3930 reliquisse,
2903 3848 3066 3913 sibi-

588 3975 733 4037 que
765 3976 807 4022 a
838 3960 1102 4024 nostris
1132 3957 1535 4039 hujusmodi
1556 3960 1962 4040 potationes
1989 3974 2149 4023 esse
2178 3956 2598 4037 prohibitas.
2633 3954 2730 4021 At
2759 3956 2902 4020 ille:
2940 3958 3066 4021 “ne

596 4066 874 4141 timeaS‚
906 4066 1157 4147 inquit:
1192 4085 1323 4131 nec
1354 4066 1545 4131 enim
1568 4066 1707 4131 hoc
1738 4066 1839 4131 illi
1877 4064 2173 4143 scient„.
2218 4064 2474 4128 Victus
2517 4079 2695 4143 ergo
2733 4062 3065 4127 invitato-

594 4174 697 4237 ris
746 4172 1281 4253 importunitate
1318 4190 1397 4237 se
1434 4174 1781 4255 potationi
1820 4172 2050 4251 dedit,
2104 4189 2195 4236 ex
2240 4186 2381 4251 quo
2431 4170 2504 4235 in
2552 4169 3064 4250 gravissimum

596 4280 921 4344 morbum
949 4279 1218 4359 incidit,
1245 4297 1455 4361 quem
1478 4290 1547 4345 et
1572 4298 1763 4344 mors
1786 4287 2224 4360 consequuta
2249 4286 2380 4357 est;
2405 4294 2612 4341 suum
2643 4286 2884 4340 tamen
2906 4292 3064 4356 pec·

586 4396 835 4451 catum
863 4388 1109 4452 dolens
1138 4388 1630 4467 confitebatur,
1664 4394 1773 4465 et,‘
1788 4386 2142 4468 baptismo
2167 4394 2500 4465 suscepto
2525 4383 2715 4462 (nam
2739 4382 3066 4447 catechu-

594 4511 845 4559 menus
872 4496 1083 4573 erat),
1130 4496 1223 4560 ad
1262 4494 1647 4561 Dominum
1685 4494 2047 4575 migravit.
2092 4492 2230 4557 Hic
2267 4508 2484 4573 saepe
2521 4488 2789 4555 nostris
2829 4488 3067 4554 dicere

678 4738 695 4770 ¹
753 4738 887 4783 Vide
905 4743 943 4782 t.
964 4750 1039 4791 ιιι,
1060 4750 1186 4795 pag.
1212 4738 1294 4783 ⁴56
1314 4746 1367 4783 et
1386 4738 1484 4792 457,
1506 4749 1590 4782 nn.
1612 4737 1685 4781 992
1711 4745 1761 4780 et
1782 4737 1886 4779 992.
