3742 5392
1649 494 1794 551 Am
1823 491 1960 551 1554
2943 492 3050 552 271

578 638 721 701 bat.
756 636 1154 702 Videbatur
1184 644 1424 701 autem
1452 646 1523 699 et
1542 636 1677 717 ipsi
1704 646 1775 699 et
1806 636 1994 709 aliiS,
2029 637 2148 717 qui
2168 636 2494 699 benevoli
2517 637 2781 701 nostris
2804 648 3047 717 erant,

580 746 674 808 ad
703 743 839 808 Dei
867 744 1173 823 gloriam
1210 754 1281 806 et
1330 744 1709 807 multorum
1758 744 2134 807 utilitatem
2182 743 2358 823 fore,
2401 743 2464 807 si
2504 743 2582 807 P.
2629 743 3049 808 Leonardus

572 860 787 915 extra
819 850 1189 915 Coloniam
1216 850 1451 931 aliqua
1482 847 1634 928 ejus
1665 849 2010 913 dioecesis
2037 851 2196 913 loca
2224 850 2564 914 lustraret
2583 900 2597 929 ,
2632 860 2700 913 et
2742 869 2905 914 cum
2935 868 3057 933 pa·

584 959 823 1022 rochis
854 966 1123 1037 ageret,
1160 955 1250 1019 ad
1279 956 1515 1037 aliqua
1544 957 1938 1037 spiritualia
1963 957 2304 1020 exercitia
2329 954 2502 1038 [eos]
2535 957 2952 1021 adducendo
2983 968 3054 1022 et

574 1066 675 1129 -ad
706 1044 1002 1129 meliora
1034 1063 1517 1143 exhortandO,
1550 1072 1621 1127 et
1647 1074 1725 1127 ut
1754 1064 2040 1127 scholas
2068 1081 2452 1145 puerorum
2483 1064 2828 1129 inviseret
2851 1075 2917 1128 et
2947 1082 3053 1129 re-

583 1172 881 1237 formari
909 1167 1194 1234 curaret
1227 1168 1269 1249 ¹,
1303 1171 1395 1233 ad
1424 1188 1603 1250 quae
1636 1171 2045 1250 peragenda
2075 1171 2350 1233 litteras
2391 1180 2460 1233 et
2492 1169 3053 1251 jurisdictionem

583 1278 1069 1342 necessariam
1101 1276 1189 1339 ab
1215 1276 1569 1357 Episcopo
1600 1277 1731 1339 sibi
1762 1277 2002 1340 datam
2031 1277 2096 1339 ei
2125 1278 2653 1341 communicare
2691 1278 3050 1359 volebant;

582 1384 708 1447 sed
738 1395 907 1451 tunc
938 1384 1221 1465 quidem
1250 1382 1477 1463 frigus
1507 1384 1760 1462 ingens
1789 1383 1859 1447 id
1890 1383 2346 1463 impediebat,
2381 1384 2512 1447 sub
2543 1384 2754 1448 finem
2785 1386 3055 1449 scilicet

580 1491 937 1575 Januarii3
974 1489 1225 1554 deinde
1256 1508 1417 1553 curn
1448 1490 1641 1553 solus
1682 1498 1870 1553 esset
1906 1490 2277 1570 sacerdOS,
2310 1491 2600 1572 optabat
2647 1508 2688 1553 a
2731 1490 2807 1555 P.
2854 1492 3058 1571 Igna·

585 1600 683 1662 tio
711 1598 985 1663 socium
1016 1597 1319 1677 aliquem
1351 1597 1795 1659 sacerdotem
1825 1596 1918 1659 ad
1939 1613 2016 1659 se
2045 1597 2258 1677 mitti,
2285 1610 2362 1661 ut
2392 1598 2556 1661 dum
2583 1598 2734 1678 ipse
2759 1615 3058 1679 peregre

584 1706 675 1769 ad
705 1705 877 1769 talia
927 1703 1299 1767 charitatis
1348 1721 1563 1784 opera
1606 1702 2005 1766 exercenda
2048 1702 2650 1783 proficisceretur,
2687 1703 3051 1784 Coloniae,

584 1811 805 1893 ipsius
854 1812 1035 1889 Ιορο,
1070 1810 1310 1873 domui
1340 1818 1731 1890 praeesset,
1766 1821 1833 1871 et
1876 1810 2128 1872 saltem
2165 1809 2476 1873 fructum
2520 1812 2636 1875 ille
2676 1828 3056 1875 conserva·

586 1927 726 1994 ret,
770 1918 891 1998 qui
942 1934 1085 1980 non
1134 1914 1599 1997 poenitendus
1642 1915 1715 1980 in
1744 1916 1855 1978 his
1885 1916 2279 1996 videbatur,
2314 1917 2433 1997 qui
2464 1916 2808 1981 Coloniae
2836 1918 3058 2000 ipsius

580 2042 807 2105 opera
839 2024 1240 2087 utebantur.

706 2130 848 2195 583.
936 2130 1141 2209 Nam,
1185 2138 1468 2210 praeter
1504 2130 1973 2211 frequentiam
2003 2141 2650 2213 sacramentorum,
2696 2133 3057 2214 superflui-

586 2248 808 2303 tatem
838 2238 939 2302 illi
966 2238 1041 2301 in
1062 2237 1402 2315 vestibuS,
1422 2237 1774 2300 conviviis
1791 2286 1805 2315 ,
1840 2246 2001 2315 ete.,
2030 2237 2122 2300 ad
2145 2239 2300 2317 pios
2324 2255 2494 2301 usus
2519 2241 3056 2319 convertebant3

585 2358 658 2411 et
686 2347 787 2409 illi
816 2344 973 2426 ipsi,
1009 2345 1128 2425 qui
1158 2344 1347 2407 soliti
1390 2343 1669 2407 fuerant
1708 2362 1789 2407 eo
1820 2354 2163 2424 tempore,
2198 2344 2388 2425 quod
2419 2345 3058 2426 Quadragesimam

584 2452 981 2534 praecedit,
1016 2450 1287 2514 saeculi
1316 2448 1521 2529 huJ'us
1549 2451 1986 2513 vanitatibus
2015 2468 2091 2513 se
2122 2449 2404 2530 dedere,
2438 2468 2699 2532 magno
2734 2470 2898 2517 cum
2925 2453 3059 2517 fer-

587 2578 785 2638 vore,
820 2576 905 2622 eo
936 2558 1091 2639 ipso
1125 2567 1473 2637 tempore,
1508 2558 1978 2636 orationibus,
2013 2558 2263 2621 ciliciis
2294 2569 2364 2621 et
2393 2558 2550 2621 aliis
2582 2559 3059 2639 poenitentiae

576 2667 917 2748 operibus
942 2665 1333 2743 vacabant,
1359 2672 1429 2727 et
1457 2662 1737 2743 quidem
1766 2674 2016 2743 sponte
2047 2680 2176 2728 sua
2206 2673 2275 2728 et
2303 2681 2445 2728 non
2478 2665 2570 2730 ad
2596 2666 2733 2729 hoc
2757 2666 3055 2745 incitati,

584 2784 662 2838 ut
688 2782 1146 2855 peccatorum
1177 2770 1683 2853 poenitentiam
1710 2780 2028 2850 agerent,
2063 2781 2133 2834 et
2173 2789 2215 2833 a
2244 2771 2401 2837 Deo
2430 2773 2894 2853 impetrarent
2928 2773 3062 2837 eis-

582 2880 747 2943 dem
776 2879 1292 2943 emendationis
1321 2878 1659 2957 gratiam,
1694 2895 1916 2958 usque
1945 2877 2123 2940 adeo
2149 2926 2162 2957 ,
2197 2887 2272 2941 ut
2303 2878 2380 2942 P.
2422 2879 2841 2945 Leonardus
2871 2880 3061 2944 cohi-

584 2989 753 3051 bere
784 2985 1128 3066 eJ'usmodi
1158 2985 1629 3065 poenitentiae
1661 3001 1880 3064 opera
1909 2984 2216 3049 deberet.
2250 2984 2699 3051 Exercebant
2738 2988 2952 3051 etiam
2979 3005 3058 3051 se

582 3104 877 3159 strenue
906 3094 981 3157 in
1020 3092 1349 3174 operibus
1396 3091 1798 3171 charitatiS,
1850 3100 1929 3154 ut
1977 3092 2050 3154 in
2101 3093 2528 3173 pauperibus
2570 3094 2948 3160 visitandis
2988 3105 3057 3159 et

582 3218 722 3265 sua
765 3202 1219 3279 eleemosyna
1260 3198 1747 3275 sublevandiS,
1790 3206 1859 3261 et
1909 3198 1986 3261 hi
2039 3198 2224 3261 bona
2264 3216 2356 3263 ex
2404 3210 2608 3280 parte
2660 3220 2750 3265 ex
2800 3203 3058 3266 vicinis

580 3315 813 3371 crant.
846 3306 987 3370 Sed
1010 3315 1079 3368 et
1102 3305 1243 3380 alii,
1272 3305 1391 3385 qui
1406 3305 1477 3367 in
1500 3304 2065 3384 Quadragesima
2089 3306 2289 3368 multi
2306 3318 2782 3387 accesserant,
2813 3326 3058 3373 omnes

578 3416 809 3479 'vitam
838 3414 913 3478 in
943 3414 1193 3477 melius
1218 3420 1505 3491 ,mutare
1546 3411 1953 3490 studebant,
2012 3412 2195 3475 inter
2245 3429 2424 3493 quos
2464 3413 2602 3477 duo
2634 3414 3055 3497 desperatis·

586 3522 747 3587 simi
776 3520 1101 3583 homines
1130 3529 1366 3595 erant,
1410 3518 1529 3598 qui
1568 3534 1732 3581 cum
1777 3516 2121 3581 daemone
2168 3534 2293 3596 per
2336 3536 2563 3583 annos
2607 3521 2876 3601 aliquot
2904 3521 3052 3585 fue·

588 3639 749 3695 rant
815 3626 1256 3691 conversati:
1321 3625 1460 3688 duo
1512 3624 1725 3688 etiam
1773 3624 2300 3706 anabaptistae,
2354 3635 2731 3707 postquam
2791 3629 3058 3709 aliquot

576 3752 811 3799 annos
842 3751 926 3797 ea
956 3742 1153 3814 peste
1184 3716 1658 3810 laborassent,
1688 3732 1777 3795 ad
1801 3732 1988 3794 ovile
2011 3732 2276 3796 Christi
2300 3733 2658 3797 redierunt
2679 3784 2694 3814 ,
2724 3744 2792 3798 et
2815 3736 3056 3816 singu-

584 3844 675 3905 lis
702 3838 1175 3905 hebdomadis
1204 3837 1521 3903 confiteri
1550 3848 1619 3901 et
1648 3838 2176 3903 communicare
2205 3840 2620 3920 pergebant.

669 4155 686 4187 Ι
743 4153 913 4205 “Quod
938 4151 1095 4196 Rdus.
1118 4132 1280 4195 θὼρ..
1309 4149 1612 4204 Grupperus
1640 4149 1752 4201 (sic)
1771 4150 1956 4193 suadet
1977 4149 2038 4191 de
2075 4148 2310 4192 Dioecesi
2340 4147 2632 4194 Coloniensi
2668 4153 2956 4206 invisenda,
2991 4154 3056 4197 de

574 4224 879 4269 -curionibus
899 4224 949 4267 in
971 4222 1331 4278 spiritualibus
1359 4222 1679 4273 exercendi&
1701 4221 1763 4265 de
1782 4221 1968 4265 studiis
1980 4221 2274 4277 ⁸iuventutis
2295 4222 2657 4278 reformandis,
2679 4224 2965 4279 perplacet,
2999 4234 3052 4269 et

582 4308 731 4341 tuam
750 4306 965 4351 operam
985 4294 1057 4339 V.
1082 4294 1143 4338 R.
1170 4294 1377 4338 utiliter
1396 4293 1669 4338 admodum
1690 4304 1752 4337 ea
1782 4292 1835 4337 in
1854 4304 1913 4337 re
1929 4293 2142 4337 videtur
2163 4294 2504 4340 collocatura.
2523 4294 2636 4339 Non
2657 4300 2831 4340 tamen
2861 4297 3058 4341 diuati-

582 4369 787 4413 modum
806 4374 957 4411 extra
980 4366 1245 4410 Coloniam
1267 4366 1573 4409 manendum
1594 4375 1705 4409 esee
1725 4364 1995 4409 videretur
2025 4364 2137 4409 nse
2153 4364 2202 4408 V
2223 4375 2285 4407 ιο.
2303 4364 2438 4411 Nam
2455 4368 2654 4421 aliquos
2669 4378 2736 4411 ex
2751 4378 2812 4411 ea
2831 4366 3060 4412 Univer-

580 4442 741 4484 sitate
763 4439 851 4484 ΚΡ
876 4438 1006 4483 Dno.
1026 4439 1298 4492 acquirere
1334 4438 1507 4490 magni
1530 4436 1821 4481 faciendum
1848 4437 2184 4491 arbitramur,
2226 4445 2280 4482 et
2301 4438 2436 4482 forte
2466 4438 2630 4483 Dnus.
2652 4438 2788 4483 Deus
2817 4438 3054 4494 collegia

584 4512 696 4557 fieri
717 4511 962 4557 Coloniae
984 4518 1037 4553 et
1058 4509 1279 4555 Levanii
1302 4508 1461 4553 noluit
1484 4514 1539 4552 ut
1555 4509 1749 4563 aliquid
1770 4509 1952 4552 meiius
1971 4509 2038 4553 ad
2054 4521 2320 4554 commune
2339 4512 2528 4555 bonum
2545 4510 2866 4565 provideret.
2887 4508 2959 4553 Et
2975 4521 3060 4555 re·

585 4594 713 4627 vera
728 4584 950 4638 juvenes
972 4580 1232 4625 studiosos
1250 4585 1301 4622 et
1324 4579 1467 4623 bonis
1488 4579 1693 4633 ingenii,
1708 4579 1990 4632 probitatis
2011 4586 2064 4623 et
2085 4580 2354 4624 doctrinae
2375 4580 2582 4627 dotibus
2597 4586 2810 4631 ornatos
2829 4580 2897 4623 ad
2917 4578 3052 4625 Xau-

576 4654 796 4705 atrahere
816 4664 943 4709 prae
966 4653 1142 4696 multis
1161 4650 1394 4705 collegiis
1422 4651 1781 4695 materialibus
1808 4651 2188 4695 aestimandum
2217 4652 2490 4705 ductuum„
2513 4651 2784 4709 Polaticus,
2806 4662 2874 4696 ex
2895 4662 3058 4705 com„

581 4724 732 4769 Patri
756 4724 1027 4769 Leonardo
1050 4722 1247 4777 KesseI,
1270 4724 1289 4765 1
1315 4722 1437 4777 Maji
1460 4723 1581 4766 1554.
