3742 5392
1641 511 1771 569 ΑΝ.
1815 512 1955 569 1554
2919 508 3029 569 375

559 672 668 721 ter
709 673 1022 737 operam,
1067 674 1282 738 quam
1325 656 1576 721 studiis
1621 659 2023 737 complures
2064 674 2311 719 eorum
2353 655 2885 736 impendebant,
2921 654 3025 735 jn-

563 763 815 827 vandis
844 764 1056 827 etiam
1087 764 1432 845 proximis
1459 780 1586 844 per
1625 775 2074 827 sacramenta
2115 763 2581 826 confessionis
2620 772 2687 825 et
2718 780 3023 827 commu-

561 872 795 935 nionis
836 871 956 934 alii
993 871 1403 935 sacerdotes
1437 872 1452 901 ¹
1508 872 1895 947 vacabant,
1944 880 2013 935 et
2042 872 2215 951 ipsis
2244 869 2444 934 festis
2476 870 2855 949 NatalitiiS,
2899 889 3021 934 seu

557 980 728 1042 anni
759 979 980 1057 initio,
1013 977 1161 1042 fere
1200 978 1570 1060 quingenti
1599 995 1882 1042 sacram
1912 978 2481 1043 communionem
2522 978 2710 1057 apud
2740 987 3025 1041 nostros

559 1094 1043 1166 susceperunt,
1088 1087 1328 1165 plures
1356 1086 1569 1166 longe
1607 1086 1855 1163 futuri,
1904 1086 1967 1149 si
2006 1088 2120 1149 vel
2161 1085 2569 1149 sacerdotes
2611 1086 2838 1148 nostri
2875 1086 3021 1166 plu-

560 1211 695 1270 res,
730 1195 845 1257 vel
874 1202 1149 1273 tempus
1180 1194 1416 1256 minus
1444 1193 1663 1256 breve
1703 1192 1974 1256 fuisset.
2010 1191 2280 1255 Diebus
2311 1201 2549 1256 autem
2586 1194 3020 1273 septuagesi-

559 1317 716 1363 mae
767 1301 1150 1387 sequentiS,
1195 1318 1359 1363 cum
1399 1298 1786 1380 jubilaeum
1823 1300 1920 1362 ibi
1958 1299 2447 1380 praedicatum
2486 1299 2732 1363 fuisset
2775 1300 3021 1363 diebus

555 1408 982 1487 quindecim,
1015 1408 1238 1469 nostri
1269 1408 1742 1487 poenitentiae
1773 1416 1841 1469 et
1864 1406 2357 1470 Eucharistiae
2380 1406 2866 1486 impendendis
2896 1425 3021 1487 per

555 1514 956 1595 quindecim
987 1514 1138 1578 dies
1166 1514 1190 1545 ²
1220 1523 1592 1593 vacarunt,
1641 1524 1710 1577 et
1739 1515 1929 1577 mille
1971 1524 2039 1576 et
2078 1516 2505 1595 quingentos
2548 1523 2617 1578 et
2657 1532 2741 1577 eo
2780 1516 3020 1595 plures

558 1630 716 1699 post
747 1622 1266 1685 confessionem
1311 1622 1760 1685 sanctissimo
1792 1622 1985 1684 vitae
2021 1618 2211 1684 Pane
2250 1620 2673 1700 refecerunt;
2715 1639 3014 1704 quorum

558 1747 697 1792 non
730 1730 939 1809 pauci
968 1729 1042 1792 in
1072 1729 1414 1793 orationis
1445 1739 1514 1792 et
1545 1736 2161 1792 sacramentorum
2189 1727 2541 1809 frequenti
2568 1746 2700 1792 usu
2726 1747 2888 1793 cum
2917 1730 3016 1792 vi-

554 1848 670 1899 tae
693 1836 1200 1899 reformatione
1232 1845 1301 1899 et
1331 1854 1594 1916 magno
1624 1836 1973 1915 spirituali
2004 1835 2243 1902 fructu
2273 1848 2849 1915 perseverarunt.

673 1943 816 2005 805.
904 1942 1078 2006 Erat
1128 1953 1366 2006 autem
1414 1944 1676 2006 nostris
1723 1945 2090 2022 negotium
2139 1962 2401 2024 magna
2460 1962 2551 2007 ex
2600 1952 2803 2023 parte
2854 1961 3017 2007 cum

557 2050 1003 2113 scholasticis
1032 2048 1078 2129 ³;
1109 2050 1234 2113 sed
1262 2059 1766 2130 praeceptores
1796 2048 1821 2079 ⁴
1850 2069 1935 2113 ac
1959 2052 2154 2114 cives
2177 2069 2319 2114 non
2350 2052 2558 2131 pauci
2580 2050 2672 2113 ad
2694 2052 2830 2113 hoc
2854 2068 3014 2131 poe-

555 2157 894 2221 nitentiae
939 2165 1464 2221 sacramentum
1504 2159 1592 2220 ad
1631 2168 1919 2221 nostros
1955 2158 2169 2221 etiam
2215 2159 2757 2237 concurrebant;
2800 2158 3017 2222 immo

553 2274 621 2328 et
654 2274 1045 2343 matronae,
1081 2265 1262 2328 inter
1294 2282 1471 2345 quas
1502 2264 1852 2346 quaedam
1895 2265 2151 2328 nobilis
2180 2266 2335 2344 fuit,
2368 2284 2550 2347 quae
2590 2266 2833 2361 div-ino
2878 2267 3015 2348 spi-

553 2372 694 2435 ritu
723 2371 1047 2451 impulsa,
1083 2372 1390 2434 vestium
1433 2374 1696 2435 cultum
1737 2382 1806 2434 et
1851 2372 2089 2435 omnia
2128 2388 2391 2452 genera
2436 2384 3013 2438 ornamentorum

562 2494 647 2539 ac
679 2478 1113 2556 deliciarum,
1148 2477 1400 2557 quibus
1425 2486 1622 2540 aetas
1645 2478 1764 2541 illa
1789 2478 2167 2555 diffluebat,
2199 2480 2270 2542 in
2292 2479 2607 2543 sobrium
2636 2479 3013 2544 admodum

557 2595 625 2647 ct
656 2584 1052 2647 modestum
1080 2585 1273 2647 vitae
1315 2602 1544 2663 genus
1582 2584 2078 2663 commutavit,
2120 2586 2559 2649 orationibus
2598 2604 2683 2649 ac
2727 2588 2887 2667 piae
2924 2590 3014 2649 le-

555 2691 770 2754 ctioni
801 2691 904 2754 sie
928 2691 1187 2768 dedita,
1222 2700 1298 2754 ut
1329 2708 1488 2754 cum
1517 2702 1897 2771 rogaretur
1922 2690 2011 2755 ad
2032 2693 2243 2755 solita
2266 2691 2617 2774 quaedam
2647 2703 3015 2774 spectacu-

557 2800 626 2860 la
659 2798 855 2861 urbis
884 2797 1152 2877 venire,
1190 2797 1571 2877 “gratiora,
1619 2798 1842 2879 inquit
1873 2799 2016 2875 illa,
2050 2809 2119 2862 et
2148 2802 2367 2864 multo
2410 2801 2821 2880 pulchriora
2862 2819 3016 2881 spe-

559 2906 840 2969 ctacula
879 2904 952 2967 in
989 2923 1147 2968 meo
1179 2905 1412 2968 libello
1456 2914 1618 2968 sunt
1657 2905 1843 2983 (erat
1882 2917 2119 2969 autem
2158 2910 2634 2987 precatoriuS,
2685 2909 2773 2972 de
2814 2910 3017 2972 vario

557 3012 957 3075 orationum
986 3030 1072 3074 ac
1110 3012 1648 3075 meditationum
1686 3014 1973 3092 genere)
2013 3031 2225 3094 quam
2265 3016 2428 3093 ulla,
2475 3033 2655 3095 quae
2698 3016 3021 3079 homines

560 3118 769 3198 huJ'us
797 3119 1066 3182 saeculi
1095 3127 1385 3199 possent
1414 3118 1808 3197 exhibere„.

675 3224 818 3289 806.
908 3224 1373 3306 Frequentior
1406 3236 1638 3289 autem
1669 3228 1786 3289 hic
1829 3228 1921 3291 ad
1956 3239 2406 3291 sacramenta
2438 3246 2829 3293 concursus
2867 3231 3020 3293 red-

557 3333 885 3411 debatur,
930 3341 1006 3396 ut
1045 3333 1339 3411 assolet,
1383 3334 1454 3395 in
1493 3332 1692 3397 festis
1731 3335 2315 3414 solemnioribus;
2356 3354 2741 3417 numquam
2782 3346 3019 3401 autem

556 3440 852 3503 deerant
882 3438 1072 3519 apud
1103 3448 1394 3502 nostros
1419 3440 1658 3519 aliqui,
1687 3440 1806 3520 qui
1830 3458 1986 3504 sese
2016 3442 2501 3521 spiritualibus
2530 3444 2891 3507 exercitiis
2922 3445 3020 3508 in-

557 3545 938 3610 struendos
973 3546 1419 3627 praeberent,
1453 3547 1637 3610 inter
1667 3563 1845 3627 quos
1876 3556 2021 3612 tres
2050 3548 2187 3611 viri
2216 3566 2357 3612 non
2390 3551 2839 3615 mediocriter
2870 3570 3023 3616 eru-

652 3724 707 3731 ..q-

639 3822 655 3855 ¹
716 3820 932 3865 Rectius
964 3822 1190 3866 fortasse
1211 3823 1324 3875 qui,
1353 3823 1478 3866 licet
1501 3822 1798 3876 theologiae
1816 3825 2015 3868 darent
2036 3830 2275 3879 operam,
2296 3827 2604 3870 sacerdotes
2628 3832 2801 3872 erant.

638 3894 662 3925 θ
717 3893 1025 3937 Redundant
1048 3894 1132 3938 hic
1155 3896 1318 3937 verba
1338 3900 1428 3937 aut
1451 3893 1759 3948 quindecim
1781 3896 1991 3948 diebus,
2010 3904 2101 3941 aut
2126 3902 2231 3951 per
2250 3898 2557 3951 quindecim
2583 3900 2707 3953 dxes;
2730 3902 2781 3945 ni
2804 3902 3025 3947 velimus

558 3966 852 4019 intelligere
888 3965 1265 4019 quindecimus
1292 3965 1483 4008 diebus
1517 3966 1580 4009 de
1607 3966 1837 4020 anilaeo
1869 3968 2232 4012 concionatum
2263 3969 2436 4023 tuisse,
2469 3976 2523 4014 et
2552 3976 2657 4025 per
2684 3974 2891 4017 eosdem
2930 3984 3017 4018 aut

553 4036 686 4081 alios
707 4038 1014 4090 quindecim
1037 4038 1156 4081 dies
1174 4037 1580 4081 confessionibus
1607 4038 1877 4083 audiendis
1906 4048 2152 4083 vacatum
2187 4052 2379 4094 eorum,
2412 4044 2498 4096 qni
2530 4054 2623 4097 per
2646 4046 2919 4089 conciones
2952 4050 3019 4091 ad

551 4108 773 4165 jubilaei
797 4110 1170 4163 indulgentiam
1187 4109 1490 4153 lucrandam
1512 4109 1725 4154 excitati
1747 4111 1971 4154 fuerant.

633 4180 660 4211 ὅ
713 4181 1020 4225 “Aciertnse
1041 4181 1246 4232 mucho,
1271 4192 1340 4233 vn
1360 4191 1458 4234 qne
1479 4182 1531 4225 la
1552 4181 1925 4226 conversacion
1956 4182 2229 4237 esplrltual
2256 4194 2322 4228 no
2350 4186 2515 4239 puede
2545 4189 2845 4232 estenderse
2878 4192 2911 4233 a
2944 4197 3023 4234 to-

553 4252 661 4302 dos,
679 4264 776 4307 qne
798 4252 1267 4306 particularmente
1287 4262 1344 4295 se
1365 4258 1524 4306 tenga
1549 4263 1645 4296 con
1667 4254 1744 4297 los
1765 4255 2027 4298 escolares
2044 4255 2107 4298 de
2128 4256 2179 4298 la
2200 4255 2565 4309 Universidad,
2588 4271 2781 4314 porque
2803 4272 2867 4303 no
2886 4263 3019 4305 sola·

553 4330 727 4368 mente
748 4336 812 4368 en
834 4326 963 4368 ellos
985 4335 1040 4367 se
1063 4324 1192 4368 hace
1213 4324 1494 4379 provecho,
1517 4336 1642 4378 pero
1662 4336 1764 4369 aun
1785 4336 1881 4379 por
1901 4328 2029 4370 ellos
2048 4338 2113 4369 en
2136 4335 2279 4372 otros
2298 4329 2532 4381 machon,
2555 4342 2650 4381 por
2668 4342 2755 4374 ser
2770 4334 3021 4388 semejan—

554 4402 635 4439 tes
657 4406 910 4451 personas
932 4396 1146 4439 idoneas
1165 4406 1292 4449 para
1316 4396 1614 4440 comunicnr
1634 4407 1730 4440 con
1750 4404 1895 4441 otros
1911 4398 1963 4441 lo
1981 4408 2077 4451 qut·
2099 4399 2385 4443 recibieren
2406 4407 2435 4444 a
2458 4402 2629 4453 gloria
2650 4402 2711 4445 de
2736 4400 2905 4455 Dios.„
2926 4404 3017 4447 Po·

553 4468 756 4512 laneus.
780 4477 847 4509 ex
865 4476 1018 4515 com..
1047 4466 1192 4510 Patri
1227 4464 1438 4510 Rectori
1461 4468 1682 4521 collegii
1711 4467 2141 4513 Salmanticeneis
2172 4468 2593 4519 (Bartholomaeo
2616 4472 2941 4525 Hernandez)
2968 4476 3016 4519 21

551 4536 675 4589 Julii
708 4537 828 4582 1554.
851 4536 1052 4582 Harum
1073 4538 1372 4582 litterarum
1393 4550 1516 4593 pars
1537 4545 1616 4582 est
1639 4540 1730 4583 illa
1751 4539 2061 4595 Respice-sta
2082 4541 2148 4584 de
2168 4541 2230 4585 N.
2252 4540 2303 4584 S.
2330 4542 2388 4585 P.
2409 4544 2562 4587 sobre
2583 4545 2637 4587 la
2660 4545 2933 4598 sequedaa
2953 4548 3023 4590 dc

551 4608 634 4651 103
673 4608 966 4653 hermanos
1006 4609 1348 4653 estudiantes
1381 4621 1448 4654 en
1481 4611 1535 4655 la
1570 4612 1844 4662 devocion,
1876 4612 2017 4657 edita
2049 4613 2101 4657 in
2134 4613 2325 4657 Carras
2359 4615 2425 4658 de
2460 4615 2573 4659 San
2608 4616 2844 4670 lgnacio,
2872 4624 2910 4662 t.
2948 4630 3025 4669 nv„

553 4690 681 4735 pag.
707 4681 804 4725 218.

633 4752 658 4783 ⁴
711 4750 952 4806 luteum-e
974 4763 1078 4804 eoa,
1097 4751 1184 4807 qui
1202 4754 1254 4797 in
1277 4751 1673 4798 Salmantlcensi
1699 4752 2058 4799 Universitate
2082 4755 2353 4801 docebant.
