3742 5392
747 508 864 569 382
1667 510 1927 570 Canos.
1968 508 2123 568 Soc.
2160 510 2303 582 jas.

861 654 1008 720 822.
1091 654 1438 736 Cupiebat
1464 666 1702 720 autem
1733 656 1810 719 P.
1843 656 2235 733 AntoniuS,
2268 656 2387 735 qui
2416 656 2555 717 hoc
2594 654 2861 733 scribit,
2910 653 3057 716 suis
3106 672 3215 717 re-

739 764 1008 829 ditibus
1033 760 1592 828 salmanticense
1621 763 2019 844 Collegium
2040 764 2277 844 potius
2300 780 2513 844 quam
2534 760 2993 825 Cordubense
3010 758 3213 840 juva-

743 885 846 945 re;
879 870 1004 935 sed
1035 870 1576 949 Marchionissa,
1611 872 1834 951 ipsius
1863 882 2115 950 mater,
2158 871 2231 933 in
2270 886 2491 932 causa
2526 868 2655 931 fuit
2692 878 2771 931 ut
2808 870 2997 930 bona
3040 885 3211 948 pars

741 996 992 1042 eorum
1019 977 1460 1043 Cordubensi
1485 979 2043 1059 applicarentur;
2074 978 2353 1056 accepit
2396 976 2857 1039 nihilominus
2894 972 3213 1039 Salman-

742 1086 1010 1149 ticense
1037 1102 1180 1149 non
1209 1086 1544 1165 exiguum
1575 1085 1971 1149 subsidium
2000 1104 2091 1149 ex
2120 1084 2253 1161 his,
2284 1102 2473 1165 quae
2498 1082 2577 1145 P.
2610 1082 2967 1146 Antonius
2996 1081 3061 1145 ei
3090 1098 3209 1162 ap·

741 1192 1112 1272 plicandos
1141 1193 1332 1256 dedit
1365 1194 1408 1271 '3
1441 1194 1919 1273 praesentiam
1950 1204 2193 1256 autem
2220 1190 2297 1254 P.
2332 1190 2701 1253 Francisci
2724 1188 3035 1268 Borgiae
3056 1190 3209 1250 val-

735 1298 828 1363 de
856 1310 1326 1381 opportunam
1361 1299 1776 1363 Provinciae
1801 1300 2133 1363 Baeticae
2156 1299 2425 1375 scribit,
2452 1308 2523 1361 et
2547 1308 2623 1361 ut
2648 1298 2809 1360 illos
2838 1296 2861 1327 ³
2892 1313 3017 1376 per
3047 1312 3205 1359 eum

739 1404 818 1469 P.
849 1406 1168 1487 Ignatius
1197 1410 1602 1470 consoletur
1630 1407 2057 1487 postulabat.

861 1513 1062 1577 Haec
1091 1514 1178 1577 de
1207 1512 1526 1593 Collegio
1555 1512 2127 1577 Salmanticensi.

1159 2048 1287 2111 DE
1331 2046 1800 2111 COLLEGIO
1845 2047 2451 2111 METHYMNAE
2500 2046 2790 2111 CAMPI

863 2472 1008 2537 823.
1092 2472 1238 2539 Sub
1279 2476 1558 2539 initium
1601 2474 1808 2555 hujus
1847 2476 2019 2539 anni
2057 2478 2283 2538 nostri
2324 2476 2902 2556 methymnenses
2954 2474 3085 2537 sub
3130 2474 3209 2537 P.

743 2581 954 2645 Petro
985 2580 1345 2645 Sevillano
1373 2600 1512 2645 non
1545 2582 1897 2663 spirituali
1928 2593 2201 2645 tantum
2230 2584 2357 2647 sed
2386 2594 2455 2646 et
2496 2582 2843 2646 materiali
2884 2579 3209 2645 aedificio

737 2684 1010 2753 'dabant
1039 2706 1354 2769 operam;
1387 2698 1456 2752 et
1487 2706 1650 2753 cum
1679 2690 1983 2769 pecunia
2016 2690 2127 2753 vel
2155 2688 2633 2753 fundamentis
2678 2690 2848 2769 ipsis
2878 2698 3209 2752 extruen-

741 2795 852 2858 dis
879 2813 1023 2859 non
1051 2794 1426 2873 sufficeret,
1459 2797 1860 2875 complures
1902 2814 1993 2859 ex
2022 2797 2564 2874 mercatoribuS,
2591 2796 2709 2876 qui
2740 2794 2833 2858 ad
2855 2795 3211 2858 nundinas

741 2911 1110 2979 venerant,
1147 2902 1218 2964 id
1246 2902 1740 2981 intelligentes,
1777 2919 1920 2965 non
1944 2902 2155 2965 modo
2188 2903 2437 2966 loculis
2472 2920 2615 2965 non
2640 2902 3051 2983 parcebant,
3083 2902 3211 2965 sed

745 3008 1026 3089 ipsimet
1063 3018 1134 3071 et
1173 3010 1464 3072 coctiles
1505 3010 1766 3071 lateres
1803 3020 1875 3072 et
1914 3011 2186 3072 calcem
2230 3009 2611 3089 aliquando
2654 3009 3061 3089 portabant;
3104 3009 3207 3071 eis

741 3124 980 3179 tamen
1011 3114 1434 3195 perlibenter
1465 3133 1720 3195 operas
1757 3132 1929 3179 suas
1974 3117 2373 3179 locantibus
2402 3134 2487 3179 ea
2516 3118 2631 3179 lex
2668 3116 2999 3196 imposita
3028 3126 3205 3191 erat,

743 3234 818 3285 ut
861 3222 1160 3302 singulis
1201 3222 1534 3286 oneribus
1581 3224 1899 3302 psalmus
1938 3224 2193 3304 aliquis
2244 3234 2366 3286 aut
2422 3222 2651 3286 oratio
2700 3222 3053 3286 dominica
3096 3225 3211 3285 vel

743 3327 886 3392 alia
935 3328 1308 3409 quaepiam
1357 3328 1794 3408 succederet;
1847 3340 1919 3392 et
1962 3340 2161 3392 tanto
2204 3330 2457 3409 spiritu
2502 3330 2767 3393 amoris
2804 3328 3029 3392 divini
3067 3329 3209 3392 hoc

744 3452 922 3517 opus
949 3435 1578 3516 amplectebantur,
1612 3446 1688 3500 ut
1715 3436 1881 3499 inde
1924 3436 2449 3499 contentionem
2492 3454 2577 3499 ac
2623 3435 3053 3500 indefessum
3094 3452 3209 3498 eo·

745 3559 904 3605 rum
933 3543 1246 3605 laborem
1275 3543 1397 3605 vix
1427 3553 1833 3607 nostrorum
1861 3544 2119 3623 aliquis
2150 3560 2490 3625 superare
2522 3552 2789 3623 posset.

861 3647 1002 3712 824.
1091 3648 1548 3713 Accedebant
1589 3660 1858 3725 autern,
1909 3650 2170 3713 auditis
2207 3650 2671 3713 concionibus
2716 3660 2785 3713 et
2830 3648 3206 3730 colloquiis

741 3754 1172 3834 domestici5‚
1206 3756 1422 3836 aliqui
1445 3756 1516 3818 in
1535 3756 1686 3819 dies
1707 3757 1800 3820 ad
1821 3756 2433 3837 frequentandam,
2460 3767 2624 3837 post
2654 3756 3209 3833 confessionem,

743 3862 1033 3926 Domini
1065 3880 1404 3941 mensam,
1439 3862 1623 3926 inter
1659 3880 1837 3945 quos
1867 3864 2285 3927 adolescens
2316 3864 2605 3944 quidam
2636 3874 3013 3941 mercator,
3048 3880 3211 3925 cum

743 4104 974 4149 estudios
995 4104 1208 4148 muchos
1225 4103 1286 4147 de
1309 4104 1386 4147 los
1415 4116 1511 4159 que
1531 4104 1778 4149 atendlan
1807 4106 1840 4149 a
1869 4106 1979 4149 leet
2000 4108 2165 4149 leti-as
2194 4106 2257 4149 de
2290 4105 2635 4159 humanidad,
2666 4116 2733 4149 no
2761 4106 2868 4162 hay
2898 4104 3209 4161 posibilldad

743 4189 874 4233 para
895 4177 1096 4230 caviat-3
1117 4187 1240 4231 pero
1251 4178 1356 4220 aila
1379 4178 1634 4231 proveeta
1651 4176 1776 4220 Dios
1792 4174 1853 4220 N.
1873 4176 2007 4221 Seno
2018 4189 2057 4229 r,
2076 4178 2160 4231 qui
2182 4178 2266 4231 adj
2276 4186 2389 4221 utor
2407 4187 2485 4221 est
2504 4178 2555 4221 in
2569 4177 3063 4233 opportunitatibus,
3082 4184 3213 4229 οπο..

745 4250 1016 4297 Polancus.
1039 4260 1106 4293 ex
1125 4260 1272 4300 com„
1297 4248 1440 4291 Patri
1463 4246 1698 4291 Michaeli
1718 4248 1780 4291 de
1803 4247 2013 4297 Torres.
2031 4248 2059 4291 8
2082 4248 2394 4293 Novembris
2416 4250 2542 4293 ¹55⁴.

825 4322 841 4352 ¹
898 4320 1044 4374 juvit
1063 4321 1222 4363 etiarn
1243 4320 1338 4363 hoc
1361 4329 1590 4373 tempore
1617 4320 1900 4364 Romanum
1920 4320 2232 4374 collegia-n.
2260 4321 2353 4364 “El
2375 4321 2589 4375 Colegio
2615 4322 2677 4365 de
2702 4320 2865 4365 Roma
2886 4332 2951 4365 no
2970 4326 3116 4366 trata
3138 4322 3202 4364 de

741 4394 839 4437 dar
858 4394 1067 4449 gracias
1087 4396 1120 4435 a
1139 4390 1200 4435 V.
1223 4391 1267 4434 R
1302 4391 1363 4435 de
1387 4392 1435 4435 la
1458 4392 1641 4435 mucha
1662 4392 1879 4435 can-idad
1900 4405 1935 4449 y
1954 4404 2075 4449 muy
2097 4402 2352 4447 oportuna
2373 4405 2469 4447 que
2495 4393 2543 4436 le
2568 4396 2636 4437 ha
2658 4394 2820 4437 hecilo
2842 4396 3007 4445 (como
3030 4398 3208 4437 enten-

741 4465 918 4511 demos
937 4478 1032 4521 por
1051 4467 1216 4510 letrau
1235 4465 1298 4508 de
1319 4466 1459 4515 alla),
1481 4476 1634 4519 ρει-«ιιι
1651 4465 1937 4521 ιᾰίἐιιᾶοςε,
1979 4466 2120 4510 ultra
2146 4466 2207 4510 de
2230 4469 2279 4511 la
2303 4468 2519 4511 nobleza
2544 4466 2603 4510 de
2629 4468 2817 4517 animo.
2840 4467 2923 4510 del
2944 4477 3091 4511 amor
3110 4478 3206 4521 que

743 4538 811 4581 V.
832 4538 894 4581 R.
915 4538 1052 4581 tiene
1073 4538 1122 4581 al
1144 4536 1260 4580 bien
1282 4536 1564 4589 universal,
1595 4548 1690 4590 que
1728 4538 1865 4581 tiene
1902 4548 1999 4593 por
2026 4549 2173 4595 suyo.
2199 4548 2345 4583 corno
2378 4540 2426 4582 el
2461 4539 2522 4581 de
2555 4538 2821 4590 Cordoba,
2852 4540 2900 4582 el
2930 4539 2991 4581 de
3024 4538 3213 4591 Roma,

741 4610 992 4655 imitando
1012 4622 1077 4654 no
1095 4618 1242 4653 tanto
1259 4610 1335 4653 los
1359 4610 1584 4663 angele-x
1603 4609 1814 4660 locales,
1830 4621 1977 4653 como
2001 4612 2077 4654 los
2104 4610 2429 4665 Arcangeles
2454 4622 2550 4665 que
2574 4610 2635 4654 de
2660 4612 2778 4654 todo
2799 4612 2844 4653 el
2870 4622 3060 4666 cuerpo
3080 4608 3141 4655 de
3162 4613 3215 4655 la

741 4682 1028 4739 Compania
1055 4684 1224 4727 tienen
1243 4681 1505 4735 cuidado.„
1529 4680 1797 4733 Polaticus,
1821 4692 1888 4725 ex
1904 4692 2052 4733 vom„
2074 4682 2218 4727 Patri
2246 4684 2470 4728 Antonio
2506 4686 2570 4728 de
2594 4685 2845 4737 cordoba,
2864 4682 2913 4729 21
2937 4684 3060 4737 Julii
3084 4666 3215 4729 sffit.

825 4754 848 4787 ἱ
902 4754 1112 4799 Scilicet
1135 4752 1191 4797 P.
1213 4748 1422 4799 Antonii
1439 4754 1508 4797 'de
1531 4752 1771 4799 cordoba
1793 4760 2073 4807 cognatos.
