3742 5392
663 481 777 540 522
1587 476 1844 538 Canon.
1887 477 2041 537 Soc.
2081 480 2222 552 Jns.

667 629 861 691 vitae
892 627 1189 690 mutatio
1219 626 1667 689 cernebatur.
1701 626 1792 689 Et
1820 635 1970 690 tam
1998 627 2565 692 confessionibus
2594 643 2809 706 quam
2837 625 3136 690 infirmis

669 734 1046 798 visitandis
1095 742 1164 796 et
1201 733 1566 796 morituris
1597 731 1936 812 juvandis
1985 735 2055 799 id
2093 744 2372 816 tempus
2421 733 2830 798 sacerdotes
2879 733 3139 796 tribue-

667 844 871 922 bant,
919 842 1108 922 quod
1151 859 1195 905 a
1238 839 1471 905 studio
1516 858 1811 904 casuum
1854 843 2359 922 conscientiae,
2405 843 2521 906 cui
2562 841 2949 918 vacabant,
2982 850 3053 904 et
3092 857 3137 902 a

665 949 1234 1042 confessionibus
1263 949 1858 1012 scholasticorum
1888 950 2237 1030 reliquum
2264 957 2449 1028 erat;
2484 947 2811 1029 quamvis
2842 947 2916 1010 hi
2938 945 2955 977 ¹
2988 954 3135 1009 tam

667 1057 1044 1136 diligentes
1092 1067 1330 1136 erant,
1385 1066 1462 1119 ut
1511 1056 1751 1119 statim
1798 1057 1999 1119 initio
2050 1057 2313 1120 mensis
2357 1055 2810 1132 confitenteS,
2862 1052 3135 1135 reliquo

668 1174 987 1245 tempore
1017 1163 1388 1244 expeditos
1418 1163 1899 1227 confessarios
1940 1164 2031 1227 ad
2062 1163 2404 1227 auxilium
2444 1171 2902 1226 externorum
2928 1161 3132 1224 relin-

664 1271 998 1352 quebant.
1032 1270 1275 1351 Aliqui
1311 1269 1656 1348 Praelati,
1692 1272 1876 1334 inter
1918 1287 2099 1351 quos
2140 1269 2635 1350 Algarbiensis
2674 1269 3072 1349 Episcopus
3116 1266 3140 1297 ³

665 1388 737 1442 et
776 1379 1259 1460 Inquisitionis
1288 1377 1587 1440 Praeses
1617 1377 1661 1456 ³,
1709 1379 1955 1442 eodem
2001 1378 2070 1440 in
2114 1377 2431 1458 Collegio
2469 1377 3021 1454 confitebantur,
3069 1383 3141 1438 et

669 1487 1052 1550 conciones
1082 1485 1498 1562 audiebant,
1535 1503 1620 1548 ac
1651 1503 1774 1548 eas
1807 1487 2013 1549 valde
2044 1485 2445 1566 probabant
2481 1486 2598 1547 vel
2635 1493 2885 1564 gratas
2928 1483 3139 1546 habe·

667 1593 878 1672 bant,
911 1611 1079 1656 nam
1110 1602 1179 1656 et
1213 1591 1288 1656 P.
1323 1591 1652 1672 Quadros
1697 1594 2043 1656 talentum
2071 1592 2442 1672 egregium
2487 1590 2578 1654 ad
2608 1591 2745 1654 hoc
2774 1606 3030 1654 munus
3060 1606 3137 1652 se

674 1700 1038 1780 >accepisse
1071 1700 1244 1762 satis
1273 1699 1603 1763 ostendit.
3041 1703 3059 1722 ⁰

795 1806 969 1871 1105.
1063 1807 1290 1870 Rediit
1319 1817 1560 1870 tamen
1591 1805 1666 1868 P.
1706 1806 2017 1888 Jacobus
2045 1807 2132 1869 de
2164 1805 2311 1871 Sta.
2356 1805 2622 1881 Cruce,
2657 1817 2726 1868 et
2766 1822 2933 1868 suas
2972 1820 3136 1867 con·

669 1915 917 1978 ciones
945 1925 1051 1977 est
1083 1923 1588 1994 prosequutuS,
1622 1925 1690 1976 et
1733 1913 1911 1977 duos
1951 1930 2192 1977 secum
2234 1913 2493 1976 fratres
2532 1910 2557 1943 ⁴
2586 1913 2677 1976 ad
2707 1910 3139 1975 Societatem

675 2021 939 2099 attulit,
973 2021 1093 2101 qui
1123 2039 1284 2084 cum
1315 2021 1434 2083 illo
1463 2039 1554 2082 ex
1597 2021 1891 2083 Baetica
1922 2021 2118 2083 missi
2154 2019 2469 2084 fuerant:
2504 2019 2764 2083 accidit
2796 2027 3032 2082 autem
3060 2025 3139 2080 ut

669 2127 743 2190 in
773 2126 1204 2190 christianae
1234 2127 1603 2190 doctrinae
1627 2127 2123 2206 explicatione,
2152 2143 2315 2189 cum
2337 2124 2415 2189 P.
2440 2125 2872 2190 Franciscus
2894 2122 3141 2187 Rodri-

665 2251 848 2314 guez
878 2234 1304 2317 explicasset
1335 2250 1518 2313 quae
1549 2233 1640 2296 ad
1674 2232 2109 2296 creationem
2135 2233 2605 2312 pertinebant,
2633 2232 2787 2311 ipso
2817 2240 3137 2310 tempore

669 2341 1040 2428 Adventus
1070 2338 1544 2421 reparationis
1573 2341 1951 2421 mysteria,
1986 2357 2167 2420 quae
2209 2341 2572 2402 celebrare
2612 2348 2779 2402 tunc
2809 2337 3133 2402 Ecclesia

670 2447 950 2527 incipit,
985 2447 1380 2528 explicare,
1415 2458 1483 2510 et
1513 2446 1686 2528 ipsis
1724 2445 1925 2510 festis
1954 2446 2311 2510 Natalitiis
2341 2464 2522 2526 quae
2555 2446 2645 2509 ad
2676 2445 3139 2509 Nativitatem

615 2613 622 2620 .
665 2564 738 2618 et
768 2555 1270 2634 consequentia
1295 2553 1636 2634 mysteria
1661 2554 2131 2633 pertinebant,
2160 2565 2555 2635 opportune
2578 2552 2959 2616 admodum
2982 2567 3139 2632 pro·

668 2671 1008 2742 sequutus
1037 2671 1169 2725 est.

787 2767 964 2832 1106.
1053 2769 1400 2850 Quamvis
1448 2781 1683 2834 autem
1740 2769 1830 2834 ad
1886 2786 2102 2849 opera
2153 2769 2438 2848 pietatis
2490 2776 2695 2831 extra
2740 2765 3140 2845 Collegium

663 2877 1069 2940 exercenda
1101 2878 1334 2939 minus
1363 2877 1704 2955 temporis
1741 2877 2004 2941 nostris
2034 2883 2437 2955 superesset
2476 2891 2691 2955 quam
2721 2873 3136 2951 voluissent,

666 3000 826 3062 e08,
860 2984 979 3062 qui
1019 2981 1110 3046 ad
1142 2982 1537 3062 Collegium
1575 2983 1956 3046 veniebant
1992 2983 2268 3047 ratione
2308 2981 2613 3044 filiorum
2652 2989 2774 3044 aut
2813 2980 3136 3058 aliorum,

669 3106 847 3170 quos
877 3091 968 3154 ad
997 3091 1281 3154 scholas
1311 3090 1703 3166 mittebant,
1731 3091 1869 3170 piis
1896 3090 2266 3171 colloquiis
2289 3089 2379 3153 ad
2402 3087 2538 3152 Dei
2561 3104 2877 3151 amorem
2902 3095 2971 3150 et
2996 3103 3137 3150 ser-

669 3198 920 3262 vitium
952 3198 1304 3261 adducere
1335 3198 1778 3261 conabantur
1802 3246 1817 3277 ,
1856 3208 1927 3261 et
1957 3197 2145 3277 quod
2184 3196 2255 3260 id
2287 3213 2428 3259 non
2458 3197 2610 3259 sine
2638 3194 2877 3259 fructu
2916 3193 3134 3270 fieret,

667 3305 1234 3385 compunctionis
1274 3307 1636 3385 lacrymae
1675 3305 1747 3368 in
1788 3304 2188 3385 hujusmodi
2228 3304 2632 3366 hominibus
2669 3303 3137 3380 testabantur;

667 3421 738 3475 et
766 3413 828 3475 si
857 3413 1080 3475 nostri
1112 3412 1598 3492 intelligebant
1627 3422 1924 3492 propter
1953 3412 2390 3493 spiritualem
2420 3411 2733 3490 aliquam
2757 3409 3137 3472 necessita·

667 3527 812 3581 tem
842 3535 967 3581 eos
996 3519 1472 3582 admonitione
1501 3519 1853 3599 indigere,
1890 3520 2103 3582 etiam
2133 3519 2203 3581 in
2235 3519 2371 3580 hac
2410 3527 2616 3599 parte
2660 3517 2748 3580 de
2789 3517 2893 3580 eis
2934 3517 3136 3580 bene·

677 3625 935 3688 mereri
962 3643 1093 3688 nec
1121 3625 1384 3688 frustra
1408 3627 1806 3689 tentabant.

793 3731 969 3795 1107.
1056 3731 1302 3796 Studia
1333 3733 1642 3813 quotidie
1686 3733 1919 3813 magis
1963 3733 2387 3815 Olyssipone
2416 3733 2801 3811 florebant,
2837 3748 3140 3812 quorum

669 3839 1192 3903 administratio
1217 3841 1616 3904 mirandam
1648 3843 2207 3905 consolationem
2233 3853 2299 3905 et
2325 3840 2888 3905 aedificationem
2920 3838 3137 3903 omni-

665 3947 800 4010 bus
829 3946 1192 4011 afferebat.
1227 3949 1552 4026 Longum
1584 3961 1773 4012 esset
1803 3950 2083 4028 singula
2124 3949 2333 4028 signa
2364 3948 2727 4028 profectus
2758 3949 2828 4010 in
2862 3947 3135 4011 virtuti-

753 4217 769 4248 ¹
828 4215 1064 4271 Scilicet,
1086 4217 1388 4262 scholastici
1420 4219 1507 4272 qul
1539 4225 1749 4262 nostras
1777 4219 1985 4262 scholas
2004 4220 2411 4274 frequentabant
2442 4225 2495 4262 et
2529 4219 2747 4273 singulis
2777 4218 3037 4261 mensibus
3073 4217 3139 4260 nd

675 4287 1054 4333 confessionem
1074 4290 1409 4333 accedebant.

754 4359 778 4390 ἱ
831 4359 1055 4412 joannes
1074 4361 1138 4405 de
1159 4360 1328 4405 Mello.

747 4430 772 4463 ⁸
825 4431 1004 4476 Sermo
1025 4432 1110 4476 hic
1131 4432 1341 4476 videtur
1366 4443 1480 4476 esse
1503 4433 1564 4477 de
1586 4433 1834 4477 praeside
1865 4433 2221 4488 Inquisitionis
2250 4437 2302 4479 in
2330 4437 2457 4480 urbe
2478 4434 2817 4491 Ulyssipone3
2836 4443 2935 4477 non
2965 4437 3143 4476 autem

663 4503 731 4546 de
753 4502 999 4547 Gener-ali
1028 4516 1120 4548 seu
1141 4505 1322 4559 Major-i
1336 4537 1347 4558 ,
1368 4511 1424 4548 ut
1447 4507 1754 4558 vocabatur,
1775 4505 1937 4549 totius
1958 4505 2121 4560 Regni
2152 4505 2461 4561 Inquisitore
2478 4539 2489 4558 ,
2511 4507 2597 4561 qui
2628 4507 2726 4551 hoc
2754 4513 2989 4560 tempore
3026 4509 3141 4547 erat

669 4574 966 4619 cardinalis
987 4575 1257 4620 Henricus.
1279 4575 1410 4620 Vide
1431 4575 1677 4620 Litterae
1697 4577 2160 4630 Quadrimeseres,
2180 4585 2217 4623 t.
2240 4589 2294 4630 ιι,
2318 4591 2437 4634 pag.
2458 4580 2554 4623 584.

749 4648 774 4680 ⁴
827 4647 1062 4692 Erantne
1085 4649 1116 4692 ii
1141 4648 1317 4691 Patris
1335 4647 1518 4700 Jacobi
1539 4649 1600 4692 de
1623 4648 1913 4694 Santacruz
1933 4652 2151 4703 fratres,
2174 4659 2265 4695 aut
2288 4652 2401 4696 ideo
2418 4651 2639 4708 fratres
2658 4663 2691 4695 a
2712 4651 2939 4696 Poianco
2964 4649 3145 4704 appel·

667 4721 846 4766 {antur
865 4724 988 4775 quia
1007 4720 1073 4764 ad
1096 4719 1414 4765 Societatem
1435 4721 1776 4776 adspirabant
1795 4723 1844 4766 in
1867 4734 2085 4777 eamque
2106 4723 2317 4768 admissi
2338 4724 2577 4769 fuerant?
