3742 5392
1659 416 1786 473 Aa.
1833 415 1973 474 1554
2939 416 3043 472 ⁴131

692 559 835 621 927.
923 559 1084 640 Ipse
1111 570 1354 624 autem
1382 559 1458 623 P.
1493 560 1800 625 Michael
1829 578 1993 624 cum
2031 561 2226 623 socio
2265 562 2541 644 Joanne
2584 560 2671 624 de
2716 559 2955 623 Vuilla
3003 559 3047 639 ¹,

577 668 701 747 qui
731 666 1222 730 cantabricam
1249 668 1568 748 linguam
1597 667 1957 747 tenebant,
1990 685 2116 748 per
2144 668 2352 731 varia
2383 667 2680 748 oppida,
2714 676 2860 731 tam
2890 683 3055 746 pro—

574 774 859 837 vinciae
890 773 1346 854 Guipuzcoae
1376 793 1592 855 quam
1629 775 1978 853 Biscaiae,
2015 775 2477 838 christianam
2509 774 2908 837 doctrinam
2933 774 3049 836 do-

585 881 871 943 cebant.
905 878 1018 943 Ab
1067 882 1324 962 oppido
1362 882 1732 963 Lequeitio
1773 890 2183 962 coeperunt,
2238 882 2425 962 quod
2464 882 2656 945 mille
2697 881 2894 944 cives
2930 881 3049 944 ha·

578 988 696 1050 bet
727 986 786 1061 ²¹3
833 996 902 1050 et
950 1005 1112 1051 cum
1160 990 1724 1053 contradictione
1772 989 1846 1051 in
1897 1008 1983 1051 eo
2020 988 2299 1070 excepti
2356 990 2427 1052 in
2483 988 2684 1052 initio
2740 988 3055 1069 fuerunt,

579 1095 705 1158 sed
735 1094 1079 1174 paulatim
1109 1114 1192 1159 eo
1226 1113 1339 1158 res
1368 1096 1598 1175 rediit,
1635 1095 1790 1159 Deo
1820 1104 2274 1176 cooperante,
2306 1104 2387 1158 ut
2416 1103 2665 1159 contra
2706 1095 3050 1158 honorem

591 1218 748 1263 esse
779 1219 986 1264 suum
1009 1200 1158 1281 Jam
1193 1203 1536 1265 ducerent
1577 1203 1640 1266 si
1678 1203 1770 1265 ad
1808 1202 2275 1266 christianam
2312 1203 2710 1266 doctrinam
2749 1218 2897 1264 non
2937 1219 3050 1265 ac-

584 1308 940 1386 cederent,
977 1308 1064 1371 de
1095 1308 1207 1371 his
1237 1310 1451 1373 etiam
1479 1310 1852 1390 loquend0,
1889 1310 2009 1390 qui
2039 1310 2111 1373 in
2142 1310 2403 1389 oppido
2430 1310 2780 1389 primores
2820 1318 3056 1388 erant·,

583 1415 698 1477 hic
731 1415 929 1478 multi
973 1416 1061 1478 ab
1102 1416 1502 1480 animarum
1541 1416 1808 1480 morbis
1833 1417 2117 1479 liberati
2144 1415 2447 1495 fuerunt,
2483 1425 2551 1479 et
2581 1416 2723 1495 alii,
2757 1416 2877 1496 qui
2899 1414 3049 1496 jam

589 1524 750 1601 plus
790 1538 1002 1602 quam
1041 1540 1308 1585 annum
1346 1541 1435 1586 ex
1483 1524 1730 1587 morbo
1779 1524 2138 1603 corporali
2188 1522 2724 1599 decumbebant,
2776 1522 3063 1585 benedi-

588 1630 826 1692 ctione
855 1627 932 1690 P.
981 1628 1350 1693 Michaelis
1387 1641 1707 1710 accepta,
1758 1631 2001 1694 statim
2050 1630 2342 1693 sanitati
2389 1630 2695 1693 restituti
2746 1630 3055 1693 fuerunt.

587 1734 748 1817 Jam
781 1734 867 1797 de
893 1735 1026 1797 hoc
1058 1734 1267 1798 Patre
1295 1737 1726 1800 mentionem
1754 1736 2072 1813 fecimuS‚
2108 1738 2297 1817 quod
2324 1738 2633 1816 gratiam
2660 1737 2986 1800 sanitatis
3010 1754 3061 1799 a.

586 1841 898 1905 Domino
931 1854 1308 1923 acceperat
1336 1841 1380 1921 ³,
1415 1852 1484 1906 et
1513 1854 1714 1907 tanta
1738 1844 1876 1908 fide
1900 1844 2116 1925 aliqui
2140 1844 2443 1925 praediti
2466 1854 2692 1924 erant,
2720 1854 2799 1907 ut
2826 1862 2869 1907 a
2890 1844 3061 1907 dua-

585 1949 718 2011 bus
749 1958 818 2012 et
845 1950 1071 2012 tribus
1101 1949 1321 2012 leucis
1352 1950 1443 2013 ad
1472 1968 1636 2014 eum
1661 1950 1989 2014 venirent
2019 1959 2499 2029 aegrotanteS,
2532 1958 2607 2013 ut
2630 1947 3055 2013 benedictio-

587 2073 752 2119 nem
783 2055 1226 2135 acciperent;
1257 2067 1326 2119 et
1364 2056 1463 2119 ita
1508 2057 1570 2119 is
1612 2058 1913 2137 populus
1956 2066 2231 2120 tantum
2282 2056 2681 2120 devotionis
2731 2058 3059 2137 concepit

591 2179 768 2241 erga
817 2160 894 2225 P.
947 2162 1390 2241 Michaelem,
1443 2172 1518 2225 ut
1569 2164 1786 2226 alium
1829 2164 2407 2227 concionatorem
2449 2179 2662 2243 quam
2711 2163 2945 2244 ipsum
2982 2163 3055 2226 in

591 2269 1147 2350 quadragesima
1175 2270 1534 2347 nolebant,
1567 2270 1686 2332 vel
1728 2270 1945 2333 alium
1984 2269 2070 2333 de
2110 2268 2497 2348 Societate;
2540 2280 2609 2333 et
2652 2270 2753 2333 ita
2794 2270 3055 2333 missus

591 2376 722 2438 fuit
754 2376 869 2439 ille
897 2374 977 2438 P.
1008 2375 1330 2438 Hernani
1360 2375 1768 2457 aliquandiu
1800 2385 2183 2457 antequam
2211 2376 2285 2439 in
2326 2376 2650 2439 morbum
2689 2375 3055 2455 incideret,

589 2490 658 2545 et
707 2499 1049 2563 magnum
1086 2482 1394 2547 fructum
1442 2498 1534 2545 ex
1570 2482 2102 2563 praedicatione
2152 2484 2361 2563 cepit,
2394 2493 2466 2546 et
2492 2482 3058 2547 Confraternitas

589 2605 809 2652 verae
861 2588 1114 2652 Crucis
1163 2589 1293 2652 fuit
1344 2590 1439 2651 ibi
1492 2589 1812 2652 instituta
1863 2586 1911 2668 ⁴,
1956 2598 2027 2652 et
2067 2591 2289 2653 multa
2328 2590 2609 2669 publica
2640 2589 2814 2653 vitia
2844 2591 3057 2653 extir-

590 2704 781 2775 pata.

585 2940 618 2980 a
639 2938 692 2980 la
711 2936 996 2990 Compafiia
1017 2946 1112 2989 por
1141 2937 1251 2979 solo
1271 2936 1320 2978 el
1348 2936 1608 2979 dictamen
1629 2935 1712 2978 del
1733 2947 1830 2989 que
1861 2946 1952 2978 era
1973 2943 2065 2979 tan
2095 2935 2417 2979 interessado
2438 2947 2501 2979 en
2524 2937 2602 2979 las
2622 2936 2819 2989 glorias
2839 2936 3004 2980 della:
3024 2950 3064 2991 y

586 3009 666 3053 asi
688 3010 734 3051 le
758 3009 944 3051 mando
974 3010 1218 3051 buscasse
1239 3009 1398 3061 aigun
1426 3006 1641 3050 hombre
1672 3008 1735 3049 de
1754 3006 2002 3051 conoeido
2024 3006 2243 3061 espiritu
2259 3040 2269 3059 ,
2288 3008 2351 3050 de
2372 3018 2506 3063 cuya
2528 3009 2809 3062 prudencia
2833 3013 3063 3053 tomasee

585 3080 848 3124 dictamen
867 3092 979 3123 mas
999 3080 1225 3123 desnudo
1245 3080 1307 3123 de
1326 3078 1498 3122 afecto
1519 3080 1728 3132 proprio
1762 3078 1925 3123 Paeso
1946 3082 1977 3121 a
1996 3079 2051 3121 la
2066 3076 2266 3123 Ciudad
2285 3079 2347 3122 de
2369 3078 2589 3133 Vitoria,
2610 3080 2809 3123 adonde
2827 3083 3063 3125 consulto

589 3156 622 3195 a
653 3162 720 3194 vn
755 3152 967 3195 nombre
988 3161 1146 3203 ‚cuya
1175 3149 1444 3201 santidad,
1471 3162 1500 3201 γ
1520 3159 1656 3205 cuya
1691 3150 1833 3192 fama
1861 3150 2021 3193 nvian
2056 3151 2280 3204 passado
2302 3153 2333 3194 a
2364 3162 2448 3195 ser
2480 3151 2796 3195 veneracion
2824 3153 3055 3206 publica.

591 3225 806 3277 Apenas
837 3224 1120 3277 pronuncio
1152 3224 1230 3266 las
1266 3222 1519 3275 primeras
1552 3222 1815 3264 clausulas
1835 3232 1900 3263 en
1932 3232 1992 3265 su
2027 3227 2331 3275 propuesta‚
2356 3222 2557 3276 quando
2590 3225 2639 3265 le
2674 3224 2818 3277 atajo
2850 3234 2943 3267 con
2968 3236 3071 3267 voz.

591 3306 799 3339 mansa:
819 3307 854 3351 y
875 3296 1222 3338 acercnndose
1247 3297 1280 3337 a
1313 3294 1364 3337 la
1385 3293 1556 3345 oreja.
1579 3293 1627 3335 le
1661 3292 1832 3335 dczia:
1854 3291 1909 3336 Si
1942 3294 2148 3347 quet-eis
2182 3293 2483 3345 despreciar
2517 3295 2567 3337 el
2599 3293 2803 3348 Mundo,
2826 3308 2861 3351 y
2888 3295 3065 3339 hollar

595 3369 710 3411 bien
745 3369 796 3411 la
815 3366 1072 3420 vanidnd,
1095 3366 1279 3409 enti-ad
1301 3376 1364 3408 en
1397 3366 1451 3408 la
1485 3364 1768 3417 compunta
1787 3364 1849 3407 de
1869 3364 2046 3417 Jesus,
2069 3376 2165 3418 que
2200 3372 2313 3408 esto
2350 3376 2405 3407 es
2437 3365 2487 3408 lo
2522 3376 2619 3420 que
2640 3366 2817 3419 quiere
2839 3365 2966 3410 Dios
2998 3366 3061 3409 de

589 3446 806 3483 vuestra
826 3438 1077 3491 libertad3
1098 3450 1133 3493 y
1151 3437 1196 3481 si
1217 3437 1422 3481 deseais
1451 3447 1548 3480 con
1568 3436 1782 3480 efficacia
1813 3446 1901 3479 ser
1931 3434 2107 3489 Sanco,
2129 3436 2309 3490 seguid
2330 3438 2409 3479 los
2438 3448 2593 3491 panos
2614 3438 2677 3479 de
2699 3436 2981 3481 Francisco
3001 3440 3063 3481 de

591 3511 753 3565 Borja
773 3511 956 3553 dentro
977 3510 1039 3552 de
1060 3512 1112 3553 ln
1141 3508 1326 3552 misma
1347 3508 1657 3562 comparum
1682 3518 1778 3562 que
1809 3516 2003 3561 quanto
2038 3518 2095 3550 os
2116 3508 2452 3561 dispusiereis
2484 3519 2597 3551 mae
2620 3511 2651 3551 a
2685 3520 2745 3552 su
2780 3508 3063 3562 imitacion,

591 3588 744 3626 tanto
777 3593 886 3625 mas
919 3581 1042 3624 {reis
1063 3580 1336 3623 creciendo
1373 3591 1438 3623 en
1458 3580 1510 3623 la
1539 3579 1800 3623 santidad.
1822 3578 2113 3622 Executolo
2134 3582 2237 3629 nsi.
2259 3592 2294 3635 y
2315 3579 2550 3624 acredlto
2582 3580 2700 3624 bien
2734 3582 2788 3624 la.
2816 3582 3076 3637 profecta,

591 3654 770 3699 alendo
793 3653 1015 3707 Apostol
1033 3663 1096 3695 en
1125 3654 1177 3695 la
1200 3651 1339 3704 vida,
1363 3652 1534 3705 Angel
1555 3662 1615 3694 en
1639 3650 1692 3693 la
1719 3661 1931 3705 pureza,
1952 3662 1987 3706 y
2008 3662 2071 3693 en
2102 3652 2148 3694 el
2169 3651 2437 3705 despreclo
2458 3651 2541 3695 del
2561 3652 2749 3696 Mundo
2770 3664 2837 3696 vn
2861 3652 3063 3709 Borja.„

594 3725 657 3769 L.
677 3738 740 3778 c..
764 3725 853 3769 lib.
873 3735 947 3772 iv.
969 3734 1084 3778 cap.
1107 3734 1164 3773 ιι.
1186 3722 1213 3776 5
1231 3724 1274 3765 a.

675 3799 692 3831 Ι
750 3796 844 3840 “El
862 3796 1112 3839 hermano
1133 3793 1264 3847 Juan
1285 3794 1346 3837 de
1370 3793 1631 3847 Hubillos,
1653 3796 1864 3839 natural
1885 3796 1947 3838 de
1966 3794 2201 3849 Metrico,
2225 3796 2286 3839 de
2308 3795 2439 3838 edaci
2460 3795 2523 3837 de
2544 3795 2805 3839 veintidos
2824 3798 2967 3850 auom
2993 3798 3064 3841 ha

595 3868 870 3913 estudiado
888 3866 1208 3922 gramaticam
1231 3866 1299 3909 ha
1320 3866 1488 3910 medio
1509 3869 1607 3910 ano
1628 3878 1722 3921 quc
1744 3870 1861 3912 esta
1881 3878 1945 3911 en
1967 3868 2017 3910 la
2041 3868 2370 3921 compenis...
2387 3866 2443 3910 P.
2458 3867 2715 3910 Antonius
2735 3866 2798 3910 de
2814 3868 3003 3923 Araoz,
3016 3869 3071 3912 in.

601 3940 891 3985 Memoria!
911 3941 977 3982 de
997 3940 1077 3981 Ios
1097 3948 1196 3993 que
1219 3939 1436 3982 resident
1459 3950 1526 3981 en
1556 3939 1607 3982 et
1627 3940 1832 3992 cole-gio
1858 3938 1927 3983 de
1950 3938 2138 3983 Oliate.

677 4014 700 4045 ²
753 4011 886 4055 “Los
904 4011 1117 4053 vecinos
1146 4009 1208 4053 de
1239 4008 1523 4064 Lequeitio,
1545 4020 1641 4064 que
1675 4010 1728 4052 al
1759 4016 2001 4063 presente
2022 4006 2192 4067 (1884)
2227 4020 2291 4052 no
2326 4018 2489 4063 pasan
2510 4009 2573 4052 de
2602 4008 3063 4053 cuntrocientoe...

597 4088 748 4128 antes
767 4084 851 4127 del
880 4082 1115 4125 incendio
1135 4081 1198 4125 de
1221 4080 1326 4125 1425
1343 4081 1588 4135 llegaban
1607 4084 1640 4124 a
1661 4080 1748 4124 mil
1768 4080 2099 4135 sciscientos,
2122 4091 2269 4126 como
2288 4079 2489 4124 escribe
2520 4081 2567 4123 el
2598 4080 2773 4124 citado
2794 4079 2907 4123 Don
2928 4078 3074 4132 Josef

597 4156 826 4201 Antonio
847 4154 1036 4198 Ibanez
1056 4154 1118 4197 de
1140 4156 1192 4197 la
1211 4152 1509 4206 Renteria.„
1529 4152 1662 4205 Joan
1683 4152 1873 4197 Rauoie
1902 4164 1970 4197 oz
1996 4152 2241 4197 Iruuiuza
2258 4164 2295 4197 γ
2314 4152 2527 4197 zanua
2544 4184 2555 4206 ,
2578 4151 2827 4195 Historia
2848 4153 3076 4205 generat

599 4228 666 4271 de
699 4227 950 4280 Vincaya‚
967 4227 1056 4270 lib.
1076 4235 1134 4269 ιιι
1152 4258 1164 4280 ,
1185 4235 1300 4279 cap.
1322 4237 1376 4268 x.

677 4300 701 4332 ⁸
755 4298 890 4341 Vide
910 4308 1070 4351 supra
1086 4328 1098 4350 ,
1117 4304 1152 4339 t.
1177 4306 1210 4347 ι,
1231 4306 1353 4350 pag.
1375 4296 1472 4349 269,
1493 4307 1542 4339 n.
1563 4294 1663 4339 282.

677 4372 702 4404 ⁴
753 4369 851 4413 Est
872 4370 923 4413 in
943 4366 1232 4421 parochiali
1255 4366 1478 4410 ecclesia
1497 4364 1723 4410 Sanctae
1744 4367 1942 4411 Mariae
1972 4368 2024 4410 in
2044 4367 2231 4421 oppido
2251 4367 2523 4422 Lequeitlo
2542 4368 2791 4411 sacellum
2814 4365 3071 4421 quoddam

595 4444 772 4487 Verae
795 4440 950 4485 Cruci
969 4440 1224 4492 dicatum,
1244 4438 1330 4482 ubi
1351 4438 1644 4482 confratres
1673 4438 1728 4482 hi
1749 4441 2225 4493 congregabantur,
2247 4446 2299 4482 et
2322 4440 2372 4483 in
2394 4450 2455 4483 eo
2476 4440 2633 4496 “yace
2664 4450 2728 4482 en
2750 4449 2813 4481 un
2844 4442 3075 4492 panteon

598 4516 662 4558 de
677 4515 826 4569 jaspe
843 4512 1056 4556 morado
1081 4510 1192 4553 Don
1215 4508 1423 4564 Ignacio
1450 4508 1666 4553 Vicente
1689 4510 1750 4553 de
1771 4510 2047 4565 Loperena
2061 4542 2072 4564 ,
2094 4522 2193 4565 que
2214 4512 2381 4556 murlo
2402 4514 2435 4554 a
2454 4513 2533 4555 los
2553 4511 2607 4554 15
2625 4513 2769 4563 anos,
2790 4509 2818 4552 3
2836 4520 3004 4553 meses
3038 4520 3075 4566 y

597 4588 745 4632 cinco
765 4586 880 4629 dias
900 4585 962 4627 de
981 4594 1043 4627 su
1057 4580 1190 4626 edad
1213 4592 1277 4625 en
1297 4582 1348 4625 el
1368 4580 1498 4625 Real
1521 4580 1807 4626 Seminario
1828 4582 1891 4626 de
1912 4584 2093 4626 nobles
2112 4583 2175 4627 de
2194 4584 2249 4627 ln
2274 4582 2561 4637 compama
2582 4582 2644 4625 de
2665 4580 2817 4634 Jesus
2836 4580 2899 4625 de
2921 4581 3077 4625 Cala-

599 4660 764 4717 tnyud
786 4669 848 4701 en
875 4656 930 4699 25
950 4656 1010 4699 de
1035 4656 1237 4709 Agoato
1257 4654 1319 4697 de
1342 4652 1464 4708 1762,
1485 4652 1743 4697 hablendo
1775 4652 1961 4698 nocido
1995 4665 2059 4697 en
2094 4653 2250 4699 dicha
2277 4654 2407 4699 villa
2442 4655 2503 4698 de
2538 4652 2811 4708 Lequeitio
2846 4664 2908 4695 cn
2938 4652 2993 4695 22
3011 4652 3079 4695 de
