3742 5392
705 507 816 564 502
1629 508 1887 567 Canon.
1927 505 2079 567 Soc.
2120 507 2262 580 Jsss.

709 673 845 718 nae
891 655 1258 718 doctrinae
1295 655 1841 735 explicationem
1890 653 2149 718 ibidem
2188 655 2679 736 pomeridiano
2716 663 3035 736 tempore
3074 654 3179 718 fa·

711 773 899 825 ctam
917 809 934 840 ,
963 771 1042 825 ut
1069 778 1232 824 cum
1259 763 1604 826 sacellum
1631 763 1836 837 (licet
1865 760 2083 842 duplo
2112 761 2261 825 fere
2288 762 2519 843 majus
2546 761 2813 825 factum
2856 779 2949 825 ex
2974 779 3179 843 prae·

709 869 978 950 scripto
1005 867 1084 932 P.
1115 867 1417 946 Natalis)
1445 885 1573 932 eos
1601 886 1861 948 capere
1889 886 2034 932 non
2062 879 2335 948 possen
2366 869 2567 932 multi
2594 868 2977 950 cupiebant
3002 877 3177 932 tem-

713 978 903 1056 plum
931 974 1122 1040 aliud
1152 974 1384 1055 majus
1421 975 1774 1054 construi,
1817 985 1887 1038 et
1932 975 2023 1038 ad
2062 976 2135 1039 id
2173 993 2380 1039 suum
2422 976 2733 1039 studium
2771 984 2841 1039 et
2884 992 3179 1056 operam

709 1083 1261 1164 pollicebantur;
1297 1083 1486 1164 quod
1508 1083 1568 1146 si
1589 1082 1789 1146 fieret
1809 1133 1824 1162 ,
1855 1082 2165 1147 fructum
2188 1083 2591 1146 uberiorem
2611 1082 2851 1163 populi
2880 1081 3183 1146 affectus

709 1207 884 1271 erga
913 1189 1340 1256 Societatem
1369 1190 1864 1270 pollicebatur;
1897 1207 2065 1254 nam
2095 1207 2257 1253 cum
2284 1190 2625 1268 exiguum
2647 1199 2717 1252 et
2744 1190 2921 1253 satis
2948 1205 3175 1253 remo-

709 1312 858 1363 tum
885 1307 1104 1376 esset,
1136 1308 1376 1361 tamen
1406 1297 1498 1360 ad
1527 1297 1700 1361 illud
1720 1297 1935 1360 etiam
1959 1295 2531 1360 communicandi
2551 1296 2811 1374 gratia,
2836 1295 3173 1360 facultate

709 1426 752 1470 a
779 1406 930 1470 suis
963 1404 1306 1469 Parochis
1349 1404 1638 1467 obtenta
1659 1451 1674 1482 ,
1715 1404 1931 1467 etiam
1971 1403 2296 1484 paschali
2332 1412 2653 1484 tempore
2691 1402 3173 1466 confluebant.

706 1513 1220 1576 Commovebat
1247 1520 1488 1576 autem
1517 1511 1590 1574 in
1617 1511 1768 1574 suis
1797 1510 1886 1573 de
1924 1510 2247 1574 doctrina
2286 1510 2677 1573 christiana
2704 1508 3167 1574 concionibus

709 1618 1282 1684 concurrentium
1309 1618 1588 1682 animos
1618 1616 1692 1680 P.
1729 1616 2025 1696 Correa‚
2058 1617 2506 1681 Novitiorum
2532 1616 2916 1697 magister;
2946 1616 3073 1680 sed
3102 1626 3183 1678 et

703 1727 784 1789 P.
817 1726 1176 1805 Georgius
1203 1723 1554 1789 Serranus
1579 1723 1956 1788 dominicis
1977 1724 2225 1788 diebus
2246 1724 2807 1788 concionabatur
2828 1772 2845 1801 ,
2878 1721 3082 1803 cujus
3102 1735 3175 1785 et

707 1833 1176 1897 eruditionem
1211 1841 1280 1895 et
1310 1847 1610 1895 acumen
1638 1847 1784 1894 non
1824 1832 2055 1895 solum
2082 1830 2471 1895 laudabant
2508 1831 2909 1908 auditoreS,
2944 1829 3069 1893 sed
3096 1837 3169 1891 et

709 1939 1280 2004 admirabantur:
1333 1938 1713 2002 exercebat
1755 1955 1915 2001 sese
1962 1948 2326 2018 tamquam
2364 1939 2499 2001 tiro
2536 1939 2609 2001 in
2648 1937 2787 2000 hoc
2828 1936 3177 2001 exercitio

711 2047 786 2110 Ρ.
811 2046 1024 2112 Cotta
1045 2063 1192 2108 non
1215 2045 1472 2110 minori
1494 2062 1658 2109 cum
1681 2044 2173 2108 aedificatione
2194 2063 2209 2124 ;
2242 2054 2312 2109 et
2334 2053 2485 2108 tam
2510 2046 2585 2107 in
2612 2045 2791 2109 urbe
2818 2061 3034 2125 quam
3056 2061 3173 2107 ex-

709 2169 823 2218 tra
852 2155 1049 2217 illam
1075 2154 1148 2216 in
1179 2153 1676 2217 concionando
1705 2154 1939 2216 nostri
1967 2154 2384 2233 pergebant.

835 2258 1012 2324 1061.
1097 2259 1304 2340 Quod
1333 2260 1425 2324 ad
1455 2260 1936 2324 confessiones
1975 2262 2265 2339 attinet,
2311 2261 2750 2324 consuetudo
2788 2260 3041 2324 crebro
3073 2258 3164 2322 ad

711 2385 836 2432 eas
863 2367 1249 2432 accedendi
1289 2368 1632 2448 paulatim
1662 2368 1875 2432 latius
1916 2369 2281 2448 serpebat,
2321 2369 2584 2448 partim
2613 2368 2877 2432 nostris
2914 2367 3176 2430 adhor-

712 2475 1054 2552 tantibuS,
1099 2475 1361 2554 partim
1398 2475 1553 2555 ipso
1599 2475 1922 2555 exemplo
1952 2475 2251 2540 aliorum
2292 2475 2362 2538 id
2410 2475 2919 2556 persuadente3
2960 2483 3165 2538 erant

713 2591 949 2645 autem
989 2581 1191 2646 multi
1231 2581 1674 2660 scholastici,
1722 2591 1792 2644 et
1830 2581 2115 2662 quidem
2160 2600 2306 2646 non
2356 2582 2638 2646 infimae
2686 2591 2898 2645 notae
2923 2630 2938 2661 ,
2988 2582 3177 2644 inter

713 2705 836 2752 eos
857 2737 872 2768 ,
905 2688 1024 2770 qui
1052 2687 1600 2766 confitebantur,
1635 2698 1704 2752 et
1733 2706 1896 2753 cum
1934 2706 2233 2752 numero
2277 2688 2555 2752 fructus
2583 2689 2797 2752 etiam
2828 2686 3036 2768 huJus
3066 2705 3175 2751 sa·

714 2797 1061 2860 eramenti
1091 2797 1506 2876 augebatur.
1535 2793 1674 2859 Sed
1697 2813 1860 2858 cum
1882 2805 2031 2859 tam
2054 2796 2293 2859 multis
2314 2795 2834 2859 confluentibus
2854 2812 2996 2858 non
3018 2812 3179 2875 pos·

714 2911 872 2966 sent
908 2902 1138 2967 nostri
1180 2901 1593 2966 satisfacere
1634 2903 1999 2982 (quamvis
2027 2902 2217 2966 enim
2259 2912 2465 2966 erant
2506 2902 2914 2979 duodecim,
2946 2911 3015 2964 et
3056 2902 3175 2964 ali-

715 3009 996 3090 quando
1024 3009 1460 3089 quindecim,
1486 3008 1937 3089 confessarii,
1964 3010 2217 3073 studiis
2236 3019 2476 3073 tamen
2498 3011 2900 3089 complures
2929 3025 3176 3073 eorum

714 3117 1319 3196 occupabantur),
1355 3116 1826 3181 decreverunt
1853 3117 2083 3181 nostri
2109 3117 2459 3180 firmiores
2488 3127 2559 3180 et
2580 3117 2667 3180 de
2689 3134 2991 3198 quorum
3020 3133 3181 3196 per-

713 3224 1120 3288 severantia
1151 3224 1381 3302 magis
1410 3223 1888 3304 confidebant,
1922 3225 2015 3288 ad
2042 3225 2184 3288 alia
2213 3224 2373 3288 loca
2402 3225 2598 3288 urbis
2630 3225 3017 3304 destinare;
3052 3222 3176 3286 sed

715 3331 785 3393 id
812 3331 1237 3411 praesertim
1263 3331 1337 3395 in
1375 3329 1762 3410 majoribus
1802 3331 2003 3395 festis
2043 3342 2198 3395 erat
2227 3332 2734 3410 necessarium,
2768 3349 2933 3395 cum
2961 3331 3175 3395 etiam

714 3438 982 3520 aliquot
1010 3439 1242 3502 noctis
1263 3438 1480 3502 horas
1501 3448 1784 3520 praeter
1806 3441 2130 3520 integros
2154 3440 2307 3504 dies
2328 3439 2433 3503 eis
2453 3438 2861 3521 impendere
2883 3455 3175 3502 necesse

715 3555 923 3610 esset.

839 3651 1013 3717 1062.
1100 3653 1239 3734 Qui
1275 3654 1650 3718 dominicis
1693 3654 1941 3718 diebus
1982 3654 2056 3718 in
2094 3656 2356 3718 sacello
2405 3664 2652 3719 nostro
2701 3653 3181 3718 communica-

712 3763 914 3839 bant,
949 3762 1108 3842 plus
1141 3778 1354 3841 quam
1402 3759 1690 3825 ducenti
1727 3771 1971 3842 erant;
2004 3762 2131 3826 sed
2168 3763 2241 3824 in
2271 3761 2667 3825 cathedrali
2707 3762 2971 3841 templo
2994 3808 3010 3841 ,
3060 3761 3179 3840 qui

712 3867 976 3932 nostris
1006 3867 1314 3932 confessi
1337 3866 1616 3932 fuerant
1633 3919 1648 3948 ‚
1681 3869 2105 3949 praesertim
2126 3870 2199 3932 in
2221 3868 2422 3932 festis
2445 3868 2834 3948 maioribus
2853 3867 3177 3948 frequen·

713 3984 821 4039 tes
848 3975 1472 4039 communicabant
1498 3992 1513 4056 ;
1546 3985 1617 4039 et
1646 3976 1720 4039 in
1743 3977 1886 4039 alia
1909 3978 2173 4056 templa
2196 3975 2393 4040 urbis
2414 3974 2910 4040 Conimbricae
2929 3974 3179 4038 eadem

713 4081 1149 4146 consuetudo
1180 4082 1472 4146 inducta
1500 4091 1609 4146 est
1627 4131 1642 4161 ,
1674 4083 1945 4147 namin
1974 4083 2276 4163 singulis
2299 4083 2502 4147 multi
2525 4081 2677 4163 jam
2704 4093 2772 4146 et
2796 4081 3181 4145 confessio—

711 4189 824 4252 nis
853 4199 923 4252 et
954 4190 1471 4254 communionis
1499 4190 1975 4254 sacramentis
2002 4189 2532 4269 reficiebantur,
2566 4199 2636 4253 et
2665 4197 2863 4253 tanta
2902 4205 3181 4252 morum

713 4297 786 4361 in
815 4296 1068 4361 melius
1096 4297 1396 4361 mutatio
1425 4314 1511 4361 ea
1540 4297 1612 4360 in
1644 4297 1818 4360 urbe
1833 4295 1985 4377 jam
2009 4298 2456 4375 cernebatur,
2485 4306 2560 4359 ut
2578 4297 2748 4373 boni
2769 4313 3015 4360 omnes
3036 4311 3180 4358 ma-

713 4419 898 4484 gnas
946 4403 1103 4468 Deo
1139 4405 1418 4486 gratias
1462 4404 1723 4484 agendi
1769 4405 2222 4468 occasionem
2265 4404 2643 4484 haberent,
2696 4421 2831 4467 nec
2878 4403 3067 4467 enim
3109 4401 3185 4465 in

715 4512 1020 4592 privatis
1043 4514 1271 4576 solum
1298 4511 1704 4576 hominibus
1725 4511 2091 4592 profectus
2111 4512 2536 4575 cernebatur
2551 4559 2566 4590 ,
2600 4509 2725 4574 sed
2750 4510 2824 4574 in
2848 4509 3041 4574 omni
3063 4510 3185 4572 ho·-

716 4619 986 4683 minum
1028 4635 1293 4699 genere
1338 4636 1426 4682 ac
1467 4619 1905 4698 conditione,
1949 4627 2019 4682 et
2056 4619 2256 4682 multi
2304 4618 2518 4681 rebus
2568 4617 3053 4698 spiritualibus
3094 4633 3189 4679 ac

715 4725 1245 4790 mortificationi
1273 4735 1344 4789 et
1371 4725 1607 4790 studio
1644 4726 1860 4791 etiam
1902 4725 2211 4807 proximi
2241 4723 2541 4804 Juvandi
2579 4741 2658 4788 se
2694 4734 2885 4790 totos
2920 4724 3186 4804 impen-
