3742 5392
801 486 913 543 ⁴12
1719 485 1977 546 Canon.
2021 484 2173 545 Soc.
2214 485 2355 559 με.

805 631 1000 709 bant,
1033 640 1448 695 autumnum
1475 638 1857 711 expectare
1898 630 2313 695 debuerunt.
2358 630 2689 711 Longum
2726 638 2914 695 esset
2958 632 3269 712 singulo-

803 754 960 799 rum
994 736 1300 801 fructum
1322 736 1613 817 referre;
1637 736 1774 800 hoc
1797 746 2073 802 tantum
2094 737 2353 818 dicam,
2388 737 2597 819 quod,
2634 756 2796 802 cum
2824 755 2915 802 ex
2939 738 3263 802 omnibus

801 860 982 924 pene
1011 844 1313 908 statibus
1341 845 1706 908 hominum
1746 843 1965 925 aliqui
2002 844 2071 907 in
2110 844 2375 909 eisdem
2416 844 2624 908 valde
2664 844 3119 925 profecerint,
3167 846 3268 908 la-

799 950 1072 1015 tissime
1132 968 1288 1016 sese
1337 951 1604 1016 utilitas
1653 951 2044 1032 spiritualis
2093 968 2337 1015 eorum
2385 962 2770 1015 extensura
2820 952 2913 1015 ad
2962 952 3265 1015 aliorum

801 1057 1368 1122 aedificationem
1399 1058 1653 1122 merito
1681 1058 2129 1139 sperabatur;
2170 1076 2333 1122 cum
2374 1075 2617 1122 eorum
2656 1060 3056 1140 exemplum
3088 1058 3273 1122 alios.

799 1164 890 1227 ad
924 1164 1242 1228 divinum
1285 1164 1652 1229 servitium
1691 1165 2018 1243 invitare,
2062 1174 2133 1228 et
2170 1165 2391 1228 verba
2429 1182 2515 1228 ac
2552 1164 2899 1229 industria
2940 1159 3033 1231 ad
3076 1164 3257 1229 idem

801 1287 1225 1351 promovere
1253 1280 1563 1351 possent.

917 1376 1059 1441 889.
1147 1378 1335 1442 Inter
1359 1378 1634 1459 aliquos
1661 1378 2033 1459 theologos
2056 1389 2125 1442 et
2148 1378 2531 1459 magistros
2552 1380 2626 1443 in
2650 1380 3119 1460 philosophia,
3146 1379 3261 1459 qui

799 1502 877 1547 se
909 1485 1046 1549 hac
1074 1493 1346 1549 aestate
1376 1495 1869 1564 exercuerunt,
1898 1502 2081 1549 unus
2100 1534 2114 1563 ,
2148 1485 2266 1567 qui
2290 1484 2437 1565 jam
2466 1504 2647 1566 pene
2677 1486 3079 1567 theologiae
3108 1503 3268 1549 cur-

799 1609 958 1655 sum
1013 1592 1454 1670 absolverat,
1505 1609 1638 1655 nec
1678 1591 1801 1654 ulli
1842 1606 2136 1656 suorum
2188 1592 2835 1673 condiscipulorum
2877 1593 2949 1655 in
2998 1594 3267 1655 talento

797 1698 1216 1763 eruditionis
1245 1716 1328 1761 ac
1355 1698 1620 1779 ingenii
1643 1698 1940 1763 inferior
1962 1709 2137 1777 erat,
2166 1699 2594 1765 Societatem
2614 1699 2897 1780 ingredi
2918 1698 3255 1777 decrevit,

801 1806 1131 1885 quamvis
1174 1806 1574 1886 ingressum
1613 1806 1702 1869 ob
1745 1806 2063 1870 rationes
2091 1806 2365 1886 aliquas
2404 1805 2675 1869 distulit
2716 1806 2916 1869 brevi
2956 1815 3269 1869 cessatu·

799 1928 940 1977 ras,
975 1910 1156 1976 Octo
1188 1912 1306 1976 alii
1337 1911 1768 1977 Societatem
1799 1921 1961 1976 sunt
1991 1912 2317 1993 ingressi,
2361 1913 2481 1994 qui
2520 1922 2915 1994 opportune
2944 1930 2987 1975 a
3018 1910 3259 1976 Domi-

795 2036 890 2081 no
919 2019 1168 2082 vocari
1207 2018 1632 2083 videbantur
1671 2037 1756 2082 eo
1793 2028 2135 2100 tempore,
2181 2037 2320 2100 quo
2358 2036 2501 2083 non
2530 2037 2761 2099 pauca
2802 2020 2870 2082 in
2916 2018 3259 2100 Hispania

797 2125 1098 2206 collegia
1127 2127 1241 2189 vel
1273 2124 1706 2189 admittenda
1736 2128 1852 2188 vel
1882 2126 2229 2206 operariis
2260 2126 2675 2190 instruenda
2706 2137 2934 2191 erant.

913 2232 1056 2295 890.
1142 2233 1316 2297 Erat
1343 2233 1414 2296 in
1445 2232 1761 2313 Collegio
1805 2231 2153 2313 Trilingui
2184 2234 2341 2311 (hoc
2372 2234 2657 2298 nomine
2700 2243 3001 2297 vocatur
3046 2234 3255 2314 quod·

797 2340 964 2405 dam
992 2338 1488 2421 Complutense
1519 2338 1911 2419 Collegium
1950 2340 1987 2417 ¹,
2034 2340 2153 2404 ubi
2194 2340 2597 2421 linguarum
2636 2357 2722 2404 ac
2764 2340 3259 2405 humaniorum

799 2447 1190 2512 litterarum
1247 2447 1548 2511 eruditio
1589 2446 1921 2525 florebat,
1962 2447 2022 2510 si
2066 2448 2209 2511 ullo
2247 2448 2385 2511 alio
2436 2448 2506 2511 in
2544 2450 2703 2511 loco
2741 2448 2960 2512 totius
3008 2446 3261 2528 Hispa-

793 2554 980 2632 niae)
1018 2562 1438 2634 praeceptor
1468 2552 1776 2633 quidam,
1807 2554 1931 2634 qui
1965 2554 2355 2617 rhetorices
2390 2554 2769 2618 lectionem
2796 2554 3256 2635 praecipuam

795 2680 882 2725 ea
912 2660 984 2724 in
1012 2660 1492 2725 Universitate
1521 2678 1684 2724 cum
1723 2676 1990 2741 magno
2030 2662 2375 2742 applausu
2419 2661 2899 2742 praelegebat,
2945 2668 3155 2742 poeta
3188 2672 3257 2723 et

791 2777 1036 2832 orator
1065 2769 1501 2847 praeclaruS,
1533 2776 1604 2830 et
1631 2767 1895 2831 eximio
1926 2769 2191 2831 talento
2220 2768 2402 2831 eain
2434 2768 2917 2833 Universitate
2940 2768 3257 2832 omnium

792 2874 1194 2939 testimonio
1223 2874 1608 2954 praeditus:
1641 2872 1756 2937 hic
1785 2891 1947 2937 cum
1976 2884 2137 2955 post
2174 2874 2543 2951 exercitia,
2591 2875 2919 2939 omnibus
2963 2876 3253 2945 relictis,

789 2981 864 3045 in
892 2980 1282 3061 Collegium
1333 2990 1521 3044 esset
1569 2979 1946 3057 admissuS,
2002 2998 2145 3043 non
2194 2980 2430 3044 minus
2476 2982 2743 3045 nostris
2773 2980 3249 3045 aedificationi

795 3098 1087 3169 propter
1115 3087 1585 3152 humilitatem
1605 3105 1692 3151 ac
1723 3086 2273 3168 simplicitatem,
2300 3106 2511 3169 quam
2544 3088 3003 3153 admirationi
3030 3099 3261 3153 exter-

795 3195 930 3273 niS,
962 3212 1136 3259 suae
1177 3194 1598 3276 praesertim
1637 3193 2127 3275 professioniS,
2174 3206 2469 3275 propter
2506 3212 2745 3258 rerum
2784 3196 3253 3260 saecularium

783 3310 1293 3384 contemptum,
1326 3300 1456 3366 suit
1485 3300 1531 3365 ².

866 3582 878 3611 ¹
938 3580 1144 3625 “Fando
1165 3587 1276 3624 estc
1298 3578 1510 3631 Coiegio
1531 3581 1578 3624 el
1603 3580 1792 3624 Rector
1814 3579 1986 3624 Mateo
2009 3580 2227 3625 Pascua!
2252 3582 2477 3625 Catalan
2492 3614 2503 3633 .
2527 3585 2573 3625 el
2595 3586 2696 3627 ano
2718 3585 2779 3627 de
2804 3584 2923 3635 1528.
2944 3586 3199 3631 conforme
3223 3590 3253 3629 a

785 3654 860 3695 Ιος
881 3660 1157 3708 proyectos
1175 3664 1212 3709 y
1233 3651 1412 3695 deseos
1431 3651 1514 3695 dei
1537 3650 1832 3695 venei-able
1855 3651 2135 3695 Fundador
2164 3654 2179 3697 t
2192 3652 2487 3697 cardinalis
2510 3652 2753 3698 Ximenez
2778 3656 2841 3698 de
2863 3655 3105 3701 Cisneros
3119 3658 3150 3708 ).
3167 3659 3255 3701 dc-

781 3724 1055 3769 dicandolo
1075 3726 1108 3768 a
1129 3724 1234 3767 San
1253 3722 1529 3777 jeronimo.
1555 3722 1724 3767 Habia
1743 3734 1808 3767 en
1827 3724 1876 3767 el
1898 3724 2094 3767 treinta
2114 3725 2287 3775 becas.
2304 3724 2429 3768 doce
2451 3726 2758 3770 estudiaban
2781 3728 3034 3773 latinidad
3054 3742 3091 3785 y
3111 3734 3243 3773 reto·

781 3796 911 3845 rica.
933 3802 1076 3839 οτι-οι
1095 3796 1220 3839 doce
1241 3794 1425 3847 grieoeo
1452 3808 1489 3851 y
1507 3795 1611 3839 seis
1639 3794 1846 3838 hebreo.
1878 3794 2285 3839 Refundieronse
2316 3807 2379 3840 en
2408 3798 2457 3839 ei
2488 3798 2568 3841 las
2600 3798 2778 3851 pluas
2798 3798 2861 3842 de
2896 3800 3186 3851 profeceres
3218 3814 3248 3853 ,v

779 3870 1018 3911 alumnos
1038 3868 1100 3909 de
1119 3867 1302 3921 griego
1321 3878 1418 3920 que
1440 3866 1598 3911 habia
1618 3876 1680 3910 en
1705 3867 1780 3909 ios
1809 3872 1953 3910 otros
1982 3866 2223 3921 Coleglos
2244 3878 2481 3911 menores
2501 3867 2562 3911 de
2584 3870 2636 3911 la
2666 3868 2935 3923 primitiva
2956 3870 3249 3916 fundacion.

779 3938 886 3985 Los
904 3938 1174 3995 ejercicios
1194 3939 1256 3981 de
1279 3938 1582 3983 traduccion
1612 3951 1645 3994 y
1665 3939 2037 3992 composicioni.
2061 3950 2121 3981 en
2146 3940 2221 3983 los
2252 3944 2361 3982 tres
2394 3939 2636 3991 idiomas.
2660 3951 2787 3984 eran
2808 3940 3103 3987 frecuentes
3138 3957 3172 4001 y
3192 3956 3247 3988 se

781 4014 1024 4063 llcvaban
1047 4022 1139 4055 con
1163 4011 1348 4055 mucha
1371 4010 1640 4054 asiduidad
1661 4043 1671 4063 ‚
1693 4012 1771 4054 asi
1792 4022 1891 4064 que
1919 4012 2067 4065 logro
2087 4022 2149 4054 en
2180 4013 2340 4055 breve
2372 4018 2481 4055 este
2503 4009 2714 4066 Colegio
2736 4024 2837 4056 nna
2867 4024 3000 4068 gran
3034 4016 3245 4059 celebri-

779 4084 906 4132 dnd.
930 4094 1026 4136 que
1047 4094 1216 4127 nunca
1231 4084 1444 4127 alcanzo
1466 4082 1514 4125 el
1535 4082 1596 4125 de
1617 4080 1949 4135 Salamanca,
1966 4092 2168 4136 nunque
2185 4084 2338 4127 envio
2358 4083 2449 4126 alli
2466 4084 2845 4128 comisionados
2864 4096 2996 4139 para
3016 4086 3251 4131 estudiar

779 4166 841 4199 su
863 4156 1230 4206 organizacion
1248 4188 1259 4207 ‚
1281 4154 1514 4199 metodos
1535 4165 1567 4208 y
1588 4154 1882 4207 disciplina.

862 4226 967 4279 „La
987 4228 1221 4271 estancia
1241 4238 1330 4271 era
1353 4227 1414 4270 de
1437 4234 1546 4271 tres
1564 4228 1709 4270 anos.
1725 4224 1826 4269 Era
1849 4225 1912 4269 de
1934 4233 2087 4270 notar
2106 4238 2203 4281 que
2225 4238 2288 4269 en
2309 4238 2403 4271 vez
2426 4226 2487 4271 de
2510 4236 2656 4271 tener
2676 4229 2877 4273 lectura
2898 4232 2949 4274 al
2974 4232 3165 4287 tiempo
3186 4232 3249 4275 de

777 4310 966 4349 comer.
987 4308 1042 4341 se
1063 4299 1309 4353 obligaba
1329 4302 1360 4341 a
1383 4310 1449 4343 un
1471 4298 1702 4353 Colegial
1723 4300 1756 4341 a
1777 4298 1921 4341 decii·
1940 4299 1991 4341 la
2010 4298 2207 4341 leccion
2228 4310 2263 4353 y
2282 4300 2622 4343 cementaria.
2647 4298 2721 4343 De
2742 4302 2893 4355 aquei
2917 4301 3129 4353 Coleglo
3159 4314 3242 4346 sa·

781 4371 946 4413 lien-on
977 4371 1190 4415 muchos
1224 4370 1518 4425 profesores
1549 4380 1682 4425 para
1713 4371 1935 4413 eneeflar
1966 4368 2187 4413 {diomas
2218 4380 2283 4412 en
2318 4370 2497 4413 varias
2530 4371 2763 4415 escuelas
2778 4404 2789 4424 ,
2821 4385 2854 4428 y
2888 4383 3020 4427 para
3054 4384 3183 4431 ayos
3216 4390 3248 4431 y

779 4450 1037 4487 mneetros
1065 4442 1128 4487 de
1147 4442 1446 4497 personales
1465 4442 1644 4485 nobles
1657 4474 1669 4494 ,
1690 4440 1947 4486 habiendo
1976 4440 2350 4495 deeaparecido
2370 4442 2433 4484 de
2458 4442 2645 4486 Alcala
2662 4444 2711 4487 el
2732 4446 3003 4498 *graecum
3023 4450 3102 4489 est
3118 4478 3129 4494 .
3150 4456 3248 4489 non

782 4515 1026 4569 lechum„
1045 4525 1172 4569 pnes
1191 4514 1302 4557 cusi
1323 4513 1472 4557 todos
1491 4513 1569 4557 loe
1587 4512 1913 4557 estudlantes
1942 4512 2081 4555 letan
2100 4512 2150 4555 ei
2178 4513 2405 4567 griego...
2438 4511 2519 4556 LA
2548 4512 2779 4569 Fons-m,
2804 4514 3050 4559 Historia
3070 4516 3138 4560 de
3164 4518 3253 4561 Ias·

789 4586 812 4627 t
823 4586 1218 4630 'niversn'dades
1231 4620 1247 4639 ,
1267 4588 1386 4635 etc..
1408 4592 1446 4637 t,
1465 4594 1523 4633 u.
1543 4596 1655 4641 cap.
1675 4596 1787 4630 xm.

857 4660 880 4690 ¹
937 4656 1114 4711 Neque
1147 4669 1212 4700 ex
1243 4658 1325 4701 his
1347 4656 1572 4701 Pctaxci
1595 4658 1769 4701 verbis
1801 4667 1965 4712 neque
1987 4669 2053 4701 ex
2072 4658 2265 4702 litteris
2286 4658 2495 4707 Aeoeldli
2517 4658 2773 4704 Gonzalez
2794 4660 2932 4705 datis
2951 4660 3005 4705 24
3035 4660 3248 4705 Decem·

775 4732 884 4774 bris·
911 4730 1029 4778 155³,
1053 4729 1262 4773 edendis
1298 4729 1347 4772 in
1371 4728 1606 4772 Ltrterae
1639 4728 2104 4781 Quadrimcstres.
2126 4734 2159 4772 t.
2186 4740 2268 4773 m.
2289 4742 2317 4773 e
2339 4731 2521 4783 quibu«
2556 4732 2684 4775 haec
2716 4733 3033 4789 deprompsit
3068 4732 3251 4776 Polan·
