3742 5392
729 467 840 524 5⁶0
1648 467 1909 526 Custos.
1948 467 2103 525 Soc.
2142 467 2287 539 jes„

731 629 946 692 quam
975 613 1292 692 deputati
1321 632 1364 674 a
1393 611 1470 676 P.
1507 611 1788 692 Ignatio
1817 611 2099 692 judices
2138 609 2279 692 [de]
2326 612 2617 691 negotio
2662 609 2737 672 P.
2784 609 3093 674 Simonis
3128 621 3203 673 et

729 735 982 782 eorum
999 767 1016 798 ,
1067 719 1188 800 qui
1237 720 1453 782 aliam
1501 727 1780 801 partem
1817 728 2227 797 tenuerant,
2270 720 2583 782 tulerunt
2628 716 2647 749 ¹
2670 767 2687 790 .
2724 717 2817 780 de
2852 734 2995 799 qua
3032 735 3195 782 cum

731 825 888 890 Rex
915 827 1180 890 certior
1205 825 1440 890 factus
1467 837 1658 890 esset
1677 875 1694 906 ,
1725 843 1887 890 eam
1914 827 2163 889 videre
2193 825 2453 888 voluit:
2484 825 2667 888 vidit
2696 835 2767 888 et
2794 823 3039 888 Infans
3064 823 3197 888 Lu-

727 934 1034 997 dovicus
1049 983 1066 1010 ‚
1091 943 1162 996 et
1183 943 1416 997 totum
1435 950 1846 997 successum
1867 934 1975 996 rei
1996 950 2161 996 cum
2182 949 2449 1012 magna
2472 931 3017 1012 approbatione,
3040 930 3197 994 Deo

729 1040 1008 1118 gratias
1035 1057 1261 1120 agens
1281 1089 1298 1118 ‚
1327 1041 1696 1104 intellexit.
1729 1039 2047 1102 Litterae
2068 1040 2287 1102 etiam
2308 1040 2533 1120 ipsius
2554 1038 2634 1103 P.
2658 1037 2993 1116 SimoniS,
3016 1055 3197 1118 quas

733 1147 826 1210 ad
855 1146 1118 1212 fratros
1143 1157 1430 1212 nostros
1457 1147 1937 1226 portugalliae
1966 1148 2360 1227 scripserat
2380 1195 2397 1226 ,
2426 1165 2514 1210 eo
2541 1149 2861 1228 perlatae
2890 1147 3193 1222 suerunt,

735 1255 994 1336 quibus
1019 1265 1092 1320 et
1117 1255 1428 1335 seipsum
1465 1255 1822 1318 humiliter
1851 1255 2241 1318 accusabat
2258 1303 2273 1332 ‚
2304 1265 2377 1318 et
2416 1255 2505 1317 de
2546 1255 2759 1318 rebus
2794 1255 3199 1334 praeteritis

733 1363 1022 1427 veniam
1047 1363 1494 1443 postulabat;
1527 1362 1820 1425 sediliis
1849 1360 2229 1442 adjunctae
2272 1361 2559 1425 fuerant
2598 1360 2675 1424 P.
2722 1361 2983 1440 Ignatii
3020 1362 3195 1425 litte-

730 1487 856 1534 rae
873 1519 890 1550 ,
921 1487 1108 1552 quae
1135 1470 1598 1533 intentionem
1625 1463 1943 1550 ejusdem
1972 1467 2051 1532 P.
2090 1467 2403 1534 Simonis
2440 1470 2879 1532 excusabant
2916 1469 2939 1500 ²
2960 1519 2977 1546 ‚
3018 1487 3195 1552 quas

725 1593 890 1640 cum
917 1577 1018 1640 illi
1047 1575 1416 1657 Principes
1438 1576 1784 1640 vidissent
1801 1624 1816 1654 ,
1848 1576 2233 1640 admodum
2256 1576 2501 1640 laetati
2522 1587 2685 1639 sunt
2700 1625 2715 1654 ‚
2740 1585 2811 1638 et
2832 1576 3021 1639 serio
3038 1575 3195 1639 Rex

725 1684 1253 1748 commendavit
1289 1683 1724 1748 Provinciali
1751 1692 1830 1747 ut
1857 1683 2077 1746 etiam
2104 1684 2527 1763 quibusdam
2554 1701 2647 1746 ex
2676 1685 2783 1746 eis
2804 1732 2821 1759 ‚
2850 1684 2971 1764 qui
3000 1702 3043 1746 a
3070 1681 3193 1748 So-

725 1791 986 1854 cietate
1007 1791 1438 1868 defecerant,
1461 1791 1598 1854 hae
1627 1791 1907 1854 litterae
1936 1790 2481 1854 ostenderentur
2510 1789 2535 1820 ⁸
2551 1838 2566 1867 ‚
2592 1803 2668 1853 ut
2690 1807 2937 1854 eorum
2956 1790 3049 1854 ad
3068 1788 3193 1855 So·

725 1899 1062 1962 cietatem
1115 1897 1436 1961 reductio
1483 1897 1623 1960 hac
1671 1897 1951 1961 ratione
2000 1907 2415 1976 curaretur;
2467 1897 2797 1978 quamvis
2838 1907 3075 1960 autem
3118 1897 3191 1960 id

727 2005 896 2068 fecit
924 2004 1426 2082 ProvincialiS,
1459 2021 1716 2085 parum
1743 2004 2069 2067 utilitatis
2096 2005 2263 2069 inde
2290 2013 2667 2086 sequutum
2694 2015 2803 2068 est
2831 2003 2878 2062 ⁴.

849 2111 1026 2174 1207.
1111 2109 1510 2190 Scripserat
1540 2109 1618 2174 Ρ.
1651 2109 1905 2173 Petrus
1932 2110 2351 2174 Domenech
2376 2109 2403 2140 ⁵
2430 2129 2522 2174 ex
2558 2110 2983 2174 Catalaunia
3019 2111 3187 2176 Pro·

723 2218 1014 2282 vinciali
1041 2234 1128 2281 ac
1155 2217 1494 2280 fratribus
1523 2217 2205 2281 conimbricensibus
2230 2218 2507 2280 litteras
2536 2235 2699 2281 cum
2728 2234 3033 2297 magnae
3068 2217 3189 2282 be-

724 2325 1174 2388 nevolentiae
1213 2323 1734 2404 significatione
1765 2333 1838 2386 et
1880 2341 1957 2386 se
2000 2323 2395 2388 rediturum
2436 2325 2511 2388 in
2555 2324 3069 2404 Portugalliam
3108 2335 3189 2389 ut

721 2442 916 2496 totus
945 2441 1132 2496 esset
1159 2441 1403 2496 noster
1431 2432 1858 2511 simulatque
1886 2431 2007 2494 illa
2048 2449 2183 2494 sua
2224 2431 2531 2496 Abbatia
2576 2450 2653 2495 se
2694 2443 2935 2512 posset
2978 2451 3189 2514 expe-

721 2541 904 2618 dire,
939 2541 1130 2603 illam
1147 2587 1164 2616 ,
1195 2542 1314 2603 vel
1342 2537 1608 2620 aliquid
1636 2539 1825 2621 quod
1853 2557 1946 2603 ex
1983 2540 2505 2618 permutatione
2542 2541 2937 2620 accepisset
2956 2589 2973 2618 ,
3014 2539 3187 2604 Bar·

721 2646 1138 2711 chinonensi
1167 2645 1485 2727 Collegio
1516 2645 1981 2727 applicando;
2012 2645 2138 2709 sed
2170 2645 2243 2708 in
2269 2645 2707 2727 Portugallia
2732 2647 2966 2728 potius
2988 2647 3185 2711 time-

719 2755 890 2816 bant
945 2771 1162 2834 quam
1225 2753 1566 2834 optabant
1613 2752 1768 2834 ejus
1813 2752 2122 2817 reditum
2174 2759 2465 2834 propter
2510 2771 2757 2818 curam
2798 2771 3181 2834 puerorum

719 2861 1228 2942 orphanorum,
1260 2876 1564 2941 quorum
1591 2860 1862 2941 aliquot
1890 2861 2209 2940 Collegia
2250 2861 2463 2924 Pater
2492 2861 2607 2924 ille
2644 2861 2717 2924 in
2748 2860 3185 2940 Portugallia

717 2969 1155 3044 instituerat,
1207 2978 1278 3031 et
1315 2968 1778 3030 institutionis
1809 2968 2024 3044 rati0,
2066 2983 2281 3046 quam
2320 2977 2677 3044 tenuerat,
2732 2969 2996 3031 nostris
3038 2985 3181 3032 non

797 3273 812 3306 ¹
873 3271 1007 3316 Vide
1027 3281 1188 3328 supra
1201 3300 1217 3326 ,
1236 3281 1358 3326 pag.
1377 3271 1422 3320 7.
1441 3281 1488 3314 n.
1509 3270 1553 3313 6.

793 3343 818 3376 ²
873 3343 1010 3388 Vide
1031 3342 1220 3388 Canas
1240 3343 1308 3387 de
1324 3343 1436 3386 San
1458 3342 1695 3394 Ignacto,
1714 3349 1754 3386 t.
1773 3353 1849 3397 iv,
1869 3354 1994 3398 pag.
2013 3344 2085 3387 76.

791 3415 815 3448 ⁸
867 3414 974 3458 “De
1001 3416 1084 3460 ln
1102 3424 1254 3458 cosas
1273 3414 1356 3457 dei
1385 3413 1446 3456 P.
1465 3411 1695 3457 Maeotro
1728 3411 1903 3457 Simon
1932 3424 1999 3458 no
2020 3415 2125 3471 hay
2150 3424 2247 3470 que
2268 3416 2411 3460 deeir
2432 3421 2550 3460 otro
2568 3417 2683 3460 sino
2714 3428 2811 3472 que
2843 3418 2947 3462 han
2982 3419 3181 3472 paracio

707 3497 775 3530 en
803 3489 990 3532 macho
1009 3487 1145 3531 bien.
1167 3487 1304 3542 Aqui
1325 3496 1446 3529 creo
1467 3485 1550 3529 ira
1568 3495 1671 3529 una
1701 3496 1762 3529 su
1781 3487 1922 3529 Ietta
1940 3498 1975 3542 y
1996 3492 2116 3531 otta
2136 3497 2233 3530 con
2253 3486 2359 3531 ella
2378 3487 2441 3530 de
2470 3486 2697 3532 Nuestro
2721 3489 2885 3532 Padre
2902 3521 2915 3540 .
2937 3493 2971 3533 a
2988 3492 3043 3534 la
3062 3493 3179 3534 cuni

713 3567 792 3602 me
825 3558 1063 3612 remim...
1081 3558 1367 3610 Polaticus,
1389 3567 1457 3601 ex
1487 3567 1638 3609 com„
1669 3555 1816 3601 Patri
1835 3556 2031 3609 Jacobo
2062 3555 2325 3609 Miron,2⁴
2354 3557 2627 3603 Februarii
2658 3559 3069 3605 155⁴.—“Acerce
3098 3562 3181 3605 dei

715 3629 768 3674 P.
789 3628 1020 3674 Maeotro
1039 3629 1218 3673 Simon
1231 3661 1242 3682 ,
1265 3631 1364 3672 aea
1384 3627 1608 3672 Nuestro
1625 3627 1794 3672 Perire
1814 3639 1945 3683 puto
1965 3641 2023 3672 su
2058 3641 2181 3674 cosa
2202 3641 2239 3686 y
2258 3630 2320 3673 de
2340 3631 2420 3673 los
2440 3641 2537 3686 que
2570 3631 2761 3675 habian
2785 3632 3073 3677 infun-mado
3090 3633 3175 3678 del

709 3711 772 3744 en
787 3700 948 3755 juicio
967 3701 1030 3744 de
1050 3707 1235 3744 cuntro
1254 3699 1510 3755 profesos‚
1527 3712 1564 3756 y
1579 3699 1725 3742 oldas
1745 3711 1866 3756 muy
1883 3702 1918 3744 a
1936 3702 1989 3745 la
2009 3702 2163 3755 larga
2184 3704 2265 3745 las
2286 3707 2465 3756 partes
2486 3702 2549 3745 de
2568 3704 2789 3757 palabra
2808 3716 2845 3760 y
2858 3714 2953 3758 por
2972 3705 3181 3756 escrito.

707 3783 764 3814 se
784 3772 870 3814 dio
891 3772 1160 3815 sentencia
1177 3782 1242 3815 en
1262 3771 1470 3820 escrito.
1489 3781 1692 3824 cunque
1711 3782 1777 3815 no
1797 3783 1854 3815 se
1878 3773 2084 3825 publico
2104 3774 2217 3817 sino
2238 3773 2444 3816 delente
2465 3774 2528 3817 de
2548 3775 2629 3818 los
2649 3781 2831 3818 cuatro
2844 3775 3023 3829 jueces
3041 3789 3077 3833 y
3097 3777 3180 3830 [dc

709 3843 802 3896 Ιοε]
833 3843 926 3886 dos
954 3853 1054 3897 que
1087 3843 1270 3886 decian
1303 3849 1487 3886 contra
1517 3843 1568 3885 el
1593 3855 1630 3899 y
1648 3843 1698 3885 el
1727 3853 1923 3886 mesmo
1950 3842 2181 3889 Mnestro
2212 3843 2412 3896 Simon3
2442 3857 2477 3901 y
2498 3843 2793 3890 finalmente
2821 3858 2878 3890 se
2910 3847 3181 3892 reconocio

707 3914 892 3958 mucho
913 3916 960 3958 el
979 3911 1208 3958 Maesti-o
1229 3913 1424 3965 Simoin
1444 3926 1478 3969 y
1497 3925 1554 3957 se
1583 3915 1687 3958 han
1707 3914 1788 3957 las
1809 3924 1962 3958 cosas
1982 3915 2045 3958 de
2068 3917 2143 3959 tal
2173 3927 2386 3960 manera
2408 3918 2716 3961 concertado
2736 3929 2835 3972 que
2855 3918 2960 3962 han
2980 3919 3180 3974 parade

703 3997 769 4029 en
787 3985 976 4030 mucha
994 3983 1290 4029 edificacion
1311 3985 1374 4028 de
1395 3985 1571 4038 todos;
1593 3997 1628 4041 y
1649 3985 1700 4028 el
1718 3989 1834 4029 esta
1863 3988 2031 4030 bueno
2053 3999 2087 4042 y
2109 3995 2354 4031 contento
2376 3999 2437 4031 en
2471 3996 2659 4032 cuanto
2689 4001 2876 4043 parece
2890 4021 2902 4044 ,
2922 4003 2959 4047 y
2978 3991 3181 4035 escribe

704 4067 806 4102 una
839 4058 978 4101 letra.
997 4059 1030 4100 a
1062 4058 1142 4100 los
1169 4056 1232 4100 de
1266 4055 1518 4110 Portugai
1553 4067 1648 4111 por
1683 4057 2007 4111 triplicadae.
2038 4057 2269 4103 Envloia
2300 4059 2507 4104 abierta
2536 4071 2667 4114 para
2701 4071 2799 4115 que
2819 4061 2887 4104 V.
2906 4061 2970 4104 R.
3003 4062 3057 4105 la
3076 4073 3181 4106 vea

702 4131 843 4182 junto
863 4130 1034 4172 conia
1052 4129 1116 4172 de
1136 4127 1182 4172 N
1185 4135 1360 4172 uestro
1381 4127 1550 4172 Padre
1581 4141 1616 4185 y
1637 4128 1856 4183 despues
1878 4140 1974 4184 que
1997 4131 2079 4173 lu
2108 4137 2337 4175 muestre
2358 4135 2391 4175 a
2419 4133 2497 4176 los
2517 4142 2615 4185 quc
2646 4135 2691 4175 le
2726 4136 2981 4186 parecerii
2999 4135 3091 4178 ahi
3112 4146 3179 4177 en

703 4200 925 4246 Cutilia
943 4199 1369 4255 (especialmente
1401 4201 1452 4244 al
1483 4199 1540 4244 P.
1561 4200 1759 4244 Doctor
1778 4202 1985 4252 Araoz)
2006 4205 2035 4246 ό
2054 4203 2107 4245 la
2126 4203 2279 4257 copia
2300 4203 2467 4248 dellas
2480 4235 2493 4256 ,
2513 4205 2763 4247 cerradas
2796 4205 2877 4247 las
2896 4205 3061 4259 pods-a
3089 4217 3151 4249 en
3164 4229 3177 4238 -

705 4273 820 4316 viar
839 4274 872 4316 a
889 4271 1158 4327 Pon-mgni.
1182 4271 1283 4316 Sea
1303 4271 1430 4316 Dios
1459 4272 1685 4326 bendito‚
1709 4283 1804 4328 que
1827 4281 2004 4318 tantos
2024 4275 2278 4319 nubianos
2296 4275 2369 4318 ha
2388 4275 2634 4320 reducido
2656 4279 2689 4320 a
2708 4275 2983 4320 serenidad
3000 4287 3097 4331 por
3114 4287 3177 4320 ειι

702 4343 908 4388 bondad
941 4343 1158 4388 infinita.
1189 4343 1396 4388 ‘favone
1417 4345 1514 4387 aea
1549 4351 1786 4397 respecto
1816 4347 1848 4387 a
1880 4347 1931 4389 ia
1952 4348 2289 4391 encomienda
2324 4347 2387 4391 de
2409 4347 2475 4390 V.
2496 4347 2599 4400 R...
2620 4347 2903 4400 Polancm,
2926 4359 2995 4392 ex
3024 4359 3177 4398 com..

703 4415 848 4460 Patri
877 4414 1161 4460 Francisco
1184 4416 1246 4459 de
1275 4414 1460 4470 Borja.
1479 4415 1509 4458 8
1526 4415 1703 4460 Martii
1724 4415 1845 4460 155⁴.
1869 4416 1983 4460 Hae
2020 4418 2229 4463 litterae
2258 4425 2405 4472 suut,
2438 4419 2505 4462 ad
2540 4429 2670 4471 quas
2700 4421 2923 4464 remittit
2963 4418 3179 4465 Franci-

697 4497 844 4532 scum
861 4487 925 4532 de
945 4486 1105 4543 Borja
1123 4486 1360 4542 Ignatius
1379 4488 1487 4531 suis
1505 4487 1687 4531 eadem
1707 4488 1789 4532 die
1807 4488 1961 4532 datis.
1978 4490 2113 4534 Vide
2132 4490 2323 4535 Canas
2338 4491 2405 4534 de
2420 4489 2531 4534 San
2551 4489 2791 4545 ignauo,
2812 4499 2848 4536 t.
2866 4503 2939 4546 xv,
2958 4503 3081 4547 pag·-
3102 4493 3176 4536 92.

777 4560 802 4593 ⁴
857 4557 992 4603 Vide
1013 4568 1172 4614 supra
1186 4591 1198 4613 ,
1221 4565 1260 4610 t,
1281 4569 1355 4613 m,
1374 4570 1496 4614 pag.
1516 4559 1614 4614 ⁴³3,
1637 4571 1686 4604 n.
1707 4559 1806 4604 9⁶0.

779 4631 799 4664 δ
854 4629 1368 4674 Viliabeltramensis
1400 4630 1580 4674 Abbas
1597 4663 1610 4682 .
1629 4631 1693 4674 de
1727 4641 1828 4686 quo
1861 4633 2071 4687 saepius
2105 4633 2157 4676 in
2192 4634 2289 4677 hoc
2314 4633 2567 4679 Chronico
2578 4641 2641 4680 ‘et
2674 4635 2725 4680 in
2748 4634 2939 4679 Cat-tas
2962 4636 3029 4680 de
3062 4636 3175 4679 San

699 4703 941 4754 lgnacio.
