3742 5392
1667 518 1796 576 ΑΝ.
1839 518 1981 577 1554
2954 511 3064 572 507

717 661 890 724 1074.
980 661 1159 726 Cum
1187 663 1528 726 sacerdos
1547 660 1842 742 quidam
1866 661 2399 726 conimbricam
2420 661 2766 740 venisset,
2794 661 2915 740 qui
2944 677 3061 724 no·

587 771 802 834 bilem
832 777 903 832 et
930 767 1222 832 divitem
1265 769 1650 849 quamdam
1687 769 2107 844 foeminam,
2144 778 2216 831 et
2255 767 2537 848 quidem
2576 764 3057 846 conjugatam,

589 877 868 940 furatus
897 874 1163 956 aliquid
1197 873 1210 906 ¹
1257 875 1491 939 fuerat
1530 885 1599 939 et
1638 893 1881 939 secum
1926 873 2261 938 ducebat:
2308 873 2433 937 sed
2474 873 2614 937 duo
2658 891 2749 936 ex
2793 875 3057 938 nostris

591 981 1083 1047 sacerdotibus
1103 1030 1119 1062 ,
1152 1000 1237 1045 ea
1269 983 1787 1060 consentiente,
1821 981 2085 1045 furtum
2116 981 2251 1044 hoc
2275 981 2692 1044 detestabile
2715 980 2803 1044 de
2826 997 3059 1044 sacer-

592 1089 779 1154 dotis
827 1089 1014 1152 illius
1049 1088 1378 1152 manibus
1416 1089 1860 1169 eripuerunt,
1914 1098 1984 1151 et
2035 1089 2107 1151 in
2156 1089 2574 1152 monialium
2622 1088 3058 1152 monasterio

589 1195 974 1260 foeminam
1002 1197 1472 1274 collocarunt,
1508 1195 1837 1276 quamvis
1865 1196 1981 1258 ille
2011 1194 2365 1258 diabolica
2396 1195 2660 1258 astutia
2701 1195 3059 1273 resistere,

591 1322 680 1367 ne
711 1303 783 1366 id
811 1303 1042 1378 fieret,
1076 1313 1423 1367 curasset.

719 1409 895 1474 1075.
983 1409 1165 1474 Toto
1205 1427 1446 1474 mense
1486 1408 1888 1490 Septembri
1926 1419 1996 1473 et
2040 1419 2242 1490 parte
2271 1409 2620 1489 Augusti,
2652 1427 2815 1473 cum
2858 1427 2901 1472 a
2942 1410 3063 1473 do·

592 1518 826 1582 ctrina
877 1516 1269 1580 christiana
1316 1516 1640 1580 docenda
1688 1529 1985 1597 propter
2034 1516 2363 1580 morbum
2411 1515 2486 1579 P.
2541 1514 2839 1580 Antonii
2888 1515 3061 1580 Cor-

595 1643 761 1689 reae
807 1623 833 1656 ⁹
881 1634 1218 1688 vacatum
1267 1632 1490 1702 esset,
1538 1624 1720 1687 alius
1762 1623 2015 1686 deinde
2054 1623 2185 1686 fuit
2235 1623 2692 1687 substitutus:
2746 1623 3060 1704 theologi

591 1734 804 1796 etiam
835 1733 1105 1811 aliquot
1131 1731 1282 1795 dies
1311 1739 1699 1809 vacarunt,
1733 1743 1803 1794 et
1832 1730 2256 1794 humilitatis
2286 1731 2697 1795 ministeriis
2728 1731 3061 1810 occupati

592 1839 909 1916 fuerunt3
959 1838 1088 1902 sed
1132 1838 1362 1918 prima
1406 1837 1520 1901 die
1565 1836 1895 1902 Octobris
1944 1838 2318 1900 renovatio
2370 1837 2768 1901 studiorum
2817 1837 2912 1900 ibi
2961 1836 3060 1900 fa-

593 1958 714 2010 eta
743 1955 874 2009 est.

719 2051 896 2116 1076.
983 2051 1395 2132 injunxerat
1423 2051 1498 2115 Ρ.
1531 2051 1806 2116 Natalis
1831 2060 1908 2116 ut
1932 2060 2258 2116 amanter
2279 2052 2507 2115 nostri
2528 2051 2936 2132 colleg-iales
2958 2069 3063 2114 re-

602 2171 977 2240 gerentur,
1011 2169 1082 2222 et
1109 2159 1370 2224 fatetur
1401 2157 1477 2221 P.
1509 2159 1654 2222 Leo
1683 2177 1760 2222 se
1789 2159 1965 2222 nihil
1994 2159 2277 2237 videre,
2322 2158 2511 2240 quod
2548 2158 2790 2246 rigore
2827 2159 3067 2238 aliquo

599 2267 983 2347 indigeret,
1017 2284 1179 2330 cum
1207 2269 1454 2329 omnes
1482 2266 1569 2328 de
1591 2283 1721 2330 suo
1742 2265 2068 2346 profectu
2094 2267 2271 2330 satis
2292 2274 2529 2330 essent
2552 2265 2859 2328 solliciti.
2884 2263 3065 2328 Fere

599 2383 838 2438 tamen
867 2391 1116 2438 omnes
1144 2375 1332 2436 intra
1362 2389 1655 2437 mensen
1686 2373 1756 2435 in
1788 2374 2111 2436 morbum
2138 2373 2572 2448 inciderunt,
2600 2371 2918 2436 catarrhi
2947 2389 3063 2436 cu-

592 2480 906 2561 jusdam,
940 2481 1061 2561 qui
1089 2481 1162 2544 in
1191 2488 1341 2543 toto
1371 2495 1595 2558 regno
1626 2477 2109 2558 Portugalliae
2140 2497 2225 2544 eo
2256 2497 2445 2543 anno
2474 2479 2870 2543 communis
2907 2478 3061 2558 fuit;

599 2603 844 2652 omnes
873 2596 1112 2652 tamen
1144 2588 1689 2664 convaluerunt,
1723 2587 2056 2666 quamvis
2095 2586 2237 2650 duo
2276 2585 2689 2650 sacerdotes
2728 2603 3065 2665 magnum

525 2675 528 2680 ’
597 2697 847 2758 mortis
867 2694 1257 2776 periculum
1274 2703 1683 2757 evaserunt.
1702 2692 1894 2757 Inter
1910 2703 2367 2773 aegrotantes
2382 2694 2596 2756 etiam
2612 2692 2741 2756 fuit
2756 2692 2833 2756 P.
2851 2693 3060 2776 Joan-

595 2819 725 2865 nes
753 2801 818 2866 N
823 2818 1049 2880 ugnez
1069 2851 1083 2879 ,
1119 2803 1334 2880 paulo
1365 2810 1528 2880 post
1566 2799 1989 2864 Patriarcha
2017 2800 2457 2878 declaratuS,
2491 2799 2579 2863 de
2602 2816 2745 2880 quo
2771 2799 3069 2864 inferius

595 2925 914 2987 agemus.

715 3014 803 3078 Et
831 3013 1013 3078 haec
1043 3014 1130 3079 de
1161 3014 1722 3079 Conimbricensi
1752 3013 2097 3093 Collegi0.

640 3195 681 3202 —0

970 3195 998 3202 -ι

594 3303 802 3338 cessare
817 3326 830 3346 ,
851 3294 1076 3338 habetur
1097 3295 1148 3338 in
1168 3295 1344 3340 Const.
1363 3295 1605 3350 Gregorii
1629 3294 1753 3338 xm
1775 3295 2119 3338 Ascssunmtrz
2148 3293 2372 3346 Domxo,
2394 3303 2489 3336 vm
2520 3293 2638 3336 Kal.
2656 3291 2775 3346 Jun.
2796 3291 2919 3346 158⁴.
2939 3291 3070 3338 Litt.

595 3364 798 3420 Apost.‚
821 3376 942 3419 pag.
961 3365 1036 3408 96.
1063 3365 1190 3409 Ant.
1211 3364 1388 3420 eomp.
1409 3361 1542 3421 g‘l...
1561 3365 1885 3410 Institutum
1910 3365 2201 3409 societatis
2217 3362 2372 3418 Jesu,
2394 3371 2431 3407 t.
2452 3374 2486 3417 ι,
2508 3373 2629 3418 pag.
2648 3363 2748 3407 665.

675 3435 868 3490 Quibus
887 3437 1095 3490 positis,
1111 3444 1314 3482 certum
1346 3445 1428 3482 est
1448 3438 1660 3481 litteras
1686 3437 2019 3492 Apostolicas
2033 3470 2045 3490 ,
2062 3447 2283 3491 quarum
2303 3437 2389 3480 hic
2412 3435 2641 3480 meminit
2662 3433 2937 3491 Polaticus,
2956 3447 3071 3480 esse

593 3520 693 3552 non
724 3519 874 3563 posse
908 3508 1006 3552 nisi
1032 3509 1105 3552 Pii
1129 3507 1176 3551 V
1196 3509 1416 3562 Aeoumt
1445 3520 1674 3553 ponnus
1703 3509 1856 3560 (obiit
1890 3510 2027 3553 enim
2061 3509 2315 3552 Polancus
2348 3519 2482 3552 anno
2507 3507 2645 3556 1577).
2667 3514 2758 3551 aut
2782 3507 2917 3552 forte
2950 3509 3073 3554 illas

595 3579 674 3624 Pii
697 3577 791 3634 lv,
826 3590 957 3634 quas
990 3587 1164 3624 tamen
1199 3591 1300 3624 non
1335 3581 1494 3625 habet
1528 3580 1852 3625 Institutum
1889 3579 2000 3625 Soc.
2034 3580 2169 3636 Jes„
2197 3590 2293 3624 nec
2326 3585 2563 3624 recenset
2604 3577 2883 3624 Danaen
2898 3613 2909 3634 ,
2935 3580 3069 3625 Acta

595 3652 827 3696 Sanctae
848 3651 1008 3696 Sedis
1027 3653 1084 3695 in
1105 3663 1271 3696 causa
1293 3651 1345 3697 S.
1361 3651 1436 3707 J..
1453 3664 1549 3697 nec
1567 3653 1792 3706 JoaQuur
1808 3663 1902 3696 nos
1922 3651 2118 3697 Suros
2140 3651 2527 3696 Aetnensem
2551 3649 2747 3695 Fontes
2764 3651 2832 3695 do
2858 3651 3073 3696 Direr’to

591 3723 958 3768 ecclesiastico
973 3727 1290 3778 portuguen,
1309 3723 1350 3773 1.
1375 3724 1601 3768 Summa
1622 3725 1689 3768 do
1707 3725 1957 3768 Bullarto
1970 3729 2291 3779 perunguere,
2310 3724 2435 3768 licet
2454 3734 2548 3767 eae
2570 3723 2727 3768 datae
2746 3724 2853 3768 sint
2874 3731 3067 3776 rogatu

593 3795 916 3841 sebastiani.
932 3795 1292 3850 portugalliae
1314 3803 1368 3840 et
1390 3797 1764 3848 Algarbiorum
1789 3796 1962 3850 Regis.

674 3866 925 3920 Quamvis
952 3874 1128 3911 autem
1162 3867 1374 3912 litterae
1398 3868 1735 3922 Apostolicae
1755 3868 1817 3910 de
1851 3869 1951 3912 hac
1986 3879 2041 3911 re
2072 3874 2193 3912 ante
2225 3867 2303 3912 Pii
2324 3866 2401 3910 1v
2419 3865 2789 3911 Pontificatum
2820 3869 3069 3914 obtentae

593 3950 694 3983 non
713 3939 818 3983 sint
832 3972 842 3991 .
859 3946 1034 3984 actum
1054 3948 1231 3985 tamen
1247 3946 1326 3983 est
1346 3940 1411 3984 de
1432 3940 1508 3984 eis
1526 3940 1822 3984 obtinendis
1842 3941 1938 3983 sub
1958 3938 2109 3982 finem
2128 3939 2249 3983 anni
2276 3939 2393 3993 1553,
2412 3940 2509 3984 hoc
2530 3947 2610 3982 est
2630 3939 2914 3992 penultimo
2934 3950 3071 3983 anno

593 4009 932 4056 Pontificatum
948 4009 1068 4064 Julii
1095 4010 1288 4066 1113alt
1309 4012 1444 4057 enim
1467 4012 1726 4056 Polancus
1746 4011 1895 4056 Patri
1916 4011 2093 4056 Natali
2114 4011 2349 4056 scribens
2369 4013 2388 4054 l
2410 4011 2647 4064 januarii
2670 4011 2788 4054 1554:
2805 4010 2887 4055 “Sl
2907 4011 3073 4065 poclm

596 4081 660 4126 V.
677 4081 740 4126 R.
763 4089 910 4126 traer
941 4083 1154 4134 consisto
1182 4085 1404 4138 algunoe
1433 4086 1628 4129 buenos
1661 4083 1923 4138 supositos
1951 4082 2016 4125 de
2050 4083 2127 4126 los
2161 4082 2381 4136 aalide»,
2402 4087 2432 4124 o
2463 4093 2495 4136 p
2531 4083 2705 4126 nerlos
2739 4093 2805 4126 en
2832 4081 3074 4126 diversas

591 4159 773 4206 partes
793 4153 855 4196 de
877 4153 1088 4208 Espana
1110 4159 1140 4198 ο
1161 4156 1222 4198 de
1246 4159 1342 4200 nea
1363 4155 1427 4200 de
1446 4155 1602 4200 ltalia
1623 4159 1653 4200 ό
1673 4154 1882 4206 Sicilia,
1899 4153 2039 4198 seria
2060 4155 2206 4198 bien:
2229 4165 2353 4208 pero
2376 4155 2426 4197 el
2446 4153 2617 4197 Breve
2654 4163 2787 4208 para
2816 4164 2882 4198 no
2900 4154 3073 4210 dejur-

591 4227 670 4270 loe
689 4226 936 4270 absolvet
951 4226 1032 4270 del
1050 4226 1250 4271 Nunclo
1271 4239 1338 4272 no
1357 4230 1473 4272 esta
1495 4227 1785 4283 cupediae...

673 4295 690 4329 ί
749 4296 860 4351 Sic,
881 4299 971 4342 sed
1003 4299 1294 4344 redundare
1318 4299 1530 4345 videtur
1547 4301 1644 4344 hoc
1671 4300 1887 4343 verbum
1916 4299 2127 4354 aliquid
2149 4305 2239 4343 aut
2270 4297 2683 4342 substituendum
2706 4307 2835 4342 voce
2864 4295 3071 4340 alicun-

589 4367 680 4420 de,
695 4368 916 4424 alicubi,
936 4371 1023 4414 vel
1044 4371 1150 4415 alla
1171 4372 1344 4416 nlmill.

674 4438 696 4470 Ξ
751 4438 884 4484 Vide
907 4451 1066 4496 supra
1084 4475 1095 4494 ,
1113 4452 1235 4497 pag.
1254 4443 1354 4498 505,
1375 4454 1423 4486 n.
1447 4442 1569 4487 1072.
