3742 5392
762 434 871 491 274
1682 433 1935 493 Cimon.
1977 432 2134 493 Soc.
2176 434 2318 506 JES.

762 590 829 643 et
854 582 1035 644 alius
1058 582 1344 660 quidam
1368 580 1726 645 studiosus
1746 580 1845 642 3.*ι
1868 580 2159 661 Aprilis;
2189 590 2496 661 quatuor
2519 582 2727 646 simul
2750 582 3046 646 Colonia
3069 576 3224 663 pro-

760 688 927 751 fecti
953 688 1258 752 fuerunt.
1292 687 1466 752 Erat
1496 696 1735 751 autem
1764 689 2022 768 viginti
2051 688 2232 751 duos
2261 706 2489 752 annos
2518 698 2727 753 natus
2765 690 2954 770 Mag.
3001 690 3224 754 Theo-

760 796 1047 860 doricus
1076 814 1237 860 cum
1267 794 1696 860 Societatem
1726 796 2094 875 ingressus
2125 804 2253 859 est.

877 902 1018 965 589.
1106 902 1365 967 Sextus
1394 920 1471 966 se
1502 900 1824 983 adjunxit
1852 902 2046 982 Mag.
2078 902 2413 982 ThomaS,
2448 904 2836 967 canonicus
2859 904 3073 967 etiam
3101 922 3221 968 no·

757 1011 1270 1090 viomagensiS,
1321 1010 1441 1091 qui
1483 1018 1560 1073 ut
1599 1019 1768 1073 tunc
1813 1010 2234 1088 magistrum
2263 1009 2651 1074 Henricum
2678 1009 3106 1091 Dionysium
3149 1012 3221 1074 in

756 1116 1108 1181 Societate
1138 1117 1465 1180 adeunda
1496 1125 1836 1196 sequutus
1866 1125 2012 1193 est,
2045 1124 2114 1178 et
2143 1117 2216 1179 in
2247 1116 2496 1181 itinere
2528 1116 2883 1182 Viennam
2925 1128 2996 1181 et
3031 1118 3221 1182 dein-

754 1225 841 1288 de
872 1222 1175 1289 Romam
1200 1242 1455 1288 versus
1488 1222 1961 1301 conficiendO,
1995 1224 2266 1287 utinam
2311 1224 2526 1287 etiam
2567 1226 2640 1288 in
2683 1228 3219 1305 perseverantia

746 1333 1062 1396 imitatus
1119 1331 1426 1411 fuissem
1465 1332 1719 1411 quibus
1759 1331 1836 1394 Ρ.
1886 1330 2302 1394 Leonardus
2344 1330 2526 1394 duos
2563 1332 2899 1411 juveneS,
2947 1333 3218 1396 scilicet

748 1438 1203 1505 Leonardum
1232 1440 1460 1516 illum,
1499 1439 1585 1501 de
1616 1456 1753 1519 quo
1784 1455 2002 1518 supra
2037 1436 2079 1515 ¹,
2114 1448 2184 1501 et
2214 1437 2599 1501 Henricum
2633 1439 2848 1502 etiam
2877 1440 3215 1503 Leodien-

749 1562 900 1609 sem
930 1545 1287 1626 adjunxit,
1323 1546 1440 1626 qui
1470 1562 1713 1608 mense
1743 1544 2073 1625 Augusto
2106 1545 2315 1608 simul
2345 1562 2505 1608 cum
2543 1546 2646 1609 eis
2675 1545 3030 1609 Viennam
3060 1565 3213 1628 per—

750 1662 1123 1717 venerunt.

865 1758 1007 1823 590.
1096 1758 1275 1836 Cum
1304 1769 1543 1822 autem
1585 1748 1910 1822 Lovanio
1955 1758 2216 1821 fratres
2257 1759 2545 1838 quidam
2593 1760 3034 1823 mitterentur
3078 1760 3214 1824 Ro-

747 1885 958 1944 mam,
985 1867 1351 1930 interillos
1380 1865 1711 1929 Andreas
1730 1864 2031 1929 Schiren
2058 1866 2579 1945 antuerpiensis
2600 1866 2672 1929 in
2697 1866 3213 1947 aegritudinem

748 1973 1028 2049 incidit,
1063 1985 1130 2036 et
1157 1973 1317 2037 ideo
1348 1990 1509 2036 eum
1537 1971 1613 2035 P.
1648 1970 2064 2035 Leonardus
2094 1972 2380 2034 retinuit
2421 1983 2517 2050 ut,
2546 1982 2924 2053 postquam
2954 1975 3210 2037 sanita·

744 2092 888 2144 tem
945 2091 1421 2160 recuperaret,
1457 2080 1731 2143 socium
1781 2080 1915 2159 ipsi
1959 2077 2376 2159 adjungenS,
2423 2078 2718 2144 Romam
2748 2078 3134 2144 destinaret
3162 2081 3206 2143 ².

741 2189 877 2252 Per
909 2206 1029 2251 eos
1061 2196 1321 2265 autem,
1349 2188 1467 2269 qui
1497 2186 2142 2268 progrediebantur
2168 2186 2240 2249 in
2281 2186 2543 2250 Urbem
2565 2236 2579 2263 ,
2607 2187 2744 2251 duo
2770 2188 3006 2268 capita
3031 2186 3209 2252 San-

742 2306 1015 2359 ctarum
1036 2295 1415 2376 Virginum
1432 2294 1829 2374 Martyrum
1852 2294 1940 2357 de
1962 2292 2316 2356 Societate
2338 2292 2504 2357 S.‘²e
2535 2293 2835 2358 Ursulae
2867 2314 3028 2359 cum
3053 2297 3211 2359 aliis

740 2400 1165 2466 Sanctorum
1195 2402 1509 2482 reliquiis
1542 2402 1633 2464 ad
1663 2400 1737 2463 P.
1780 2400 2134 2480 Ignatium
2165 2400 2375 2463 misit.
2439 2448 2454 2465 .

857 2509 999 2571 591.
1086 2510 1416 2573 Accessit
1433 2510 1649 2572 etiam
1665 2526 1753 2571 ex
1772 2508 2021 2571 eadem
2040 2508 2331 2570 civitate
2361 2509 2898 2587 noviomagensi
2922 2511 3208 2591 quidam

738 2617 1095 2695 sacerdOS,
1125 2618 1338 2679 etiam
1360 2616 1771 2691 canonicuS,
1801 2616 2083 2678 nomine
2107 2614 2502 2698 MauritiuS,
2529 2616 2647 2695 qui
2677 2625 2950 2695 septem
2974 2635 3204 2680 annos

735 2724 1311 2786 concionatorem
1341 2721 1402 2786 N
1408 2722 1769 2801 oviomagi
1802 2730 2079 2785 summo
2104 2722 2177 2785 in
2197 2723 2461 2802 templo
2492 2722 2671 2801 egit,
2699 2722 2820 2802 qui
2843 2724 3058 2787 etiam
3082 2722 3204 2787 So-

734 2830 975 2893 cietati
1003 2848 1080 2893 se
1108 2838 1334 2893 totum
1364 2829 1621 2893 dedere
1653 2829 1983 2909 cupiebat
2009 2846 2023 2907 ;
2056 2828 2184 2891 sed
2213 2829 2378 2907 quia
2409 2838 2612 2892 erant
2636 2829 2984 2909 quaedam
3005 2832 3204 2911 prius

731 2938 797 3000 ei
816 2935 1278 3017 expedienda,
1304 2945 1464 3018 post
1481 2930 1747 3016 aliquot
1772 2936 1923 2999 dies
1946 2953 2022 2997 se
2046 2934 2458 3015 rediturum,
2486 2947 2562 2999 ut
2588 2936 2982 3015 spiritualia
3005 2955 3202 3001 exer·

730 3045 895 3107 citia
936 3045 1241 3125 quietius
1280 3045 1694 3123 susciperet,
1740 3043 2089 3123 promisit:
2132 3060 2275 3105 non
2305 3042 2644 3106 mediocri
2686 3042 2872 3107 dono
2923 3045 3200 3107 concio-

726 3151 943 3215 nandi
974 3150 1335 3232 praeditus
1365 3160 1520 3213 erat
1560 3148 1606 3208 ³.
1925 3228 1932 3237 .

846 3258 985 3321 592.
1074 3258 1368 3341 Juvenis
1399 3258 1687 3337 quidam
1715 3256 2128 3320 Leodiensis
2153 3257 2540 3335 studiosuS,
2569 3257 2656 3320 H.
2691 3255 2716 3287 ⁴
2739 3258 2983 3338 frater,
3012 3268 3196 3339 post-

724 3383 938 3445 quam
998 3382 1073 3428 se
1131 3366 1206 3427 in
1245 3364 1730 3444 spiritualibus
1768 3363 2401 3427 exercitationibus
2440 3364 2910 3444 exercuisset,
2963 3364 3198 3429 Socie-

724 3474 856 3536 tati
888 3472 1101 3536 etiam
1131 3490 1207 3535 se
1240 3472 1521 3548 obtulit3
1554 3470 1679 3533 sed
1709 3479 1948 3533 tamen
1972 3487 2136 3532 cum
2160 3479 2408 3550 postea
2431 3471 2892 3535 intellexisset
2917 3471 2994 3537 P.
3023 3470 3200 3536 Leo-

719 3579 989 3643 nardus
1012 3579 1201 3660 quod
1226 3596 1314 3640 ex
1338 3578 1635 3657 decepta
1659 3576 1968 3656 quadam
1991 3578 2224 3656 puella
2247 3574 2466 3639 filium
2489 3578 2945 3658 suscepisset,
2973 3580 3198 3645 noluit

810 3820 825 3853 ¹
886 3821 1010 3875 Pag.
1034 3820 1128 3871 272,
1151 3830 1199 3862 n.
1217 3818 1315 3861 585.

795 3894 818 3926 Ω
874 3893 970 3937 Hic
992 3892 1233 3935 Andreas
1254 3890 1469 3934 Schiren
1492 3888 1706 3933 Romam
1734 3891 1831 3933 sub
1854 3886 2006 3932 finem
2027 3887 2266 3933 Octobris
2287 3889 2590 3942 pervenisse
2615 3889 2840 3941 videtur,
2872 3890 3003 3933 unde
3040 3892 3195 3944 paulo

715 3972 833 4020 post
854 3964 1160 4011 Lauretum.
1182 3970 1238 4006 ut
1259 3963 1327 4006 ibi
1349 3960 1737 4006 humanioribus
1758 3961 1950 4005 litteris
1971 3971 2185 4014 operam
2205 3960 2373 4014 daret,
2395 3961 2685 4005 destinatus
2709 3968 2805 4006 est.

794 4038 816 4069 ⁵
873 4036 976 4079 “De
998 4036 1215 4079 Domino
1236 4034 1496 4085 Maurum,
1519 4034 1780 4083 canonico,
1803 4038 2169 4087 exspectamus
2191 4032 2484 4086 intelligere
2515 4034 2634 4087 quid
2667 4034 2916 4077 statuerit
2949 4034 3008 4076 de
3046 4040 3190 4078 statu

708 4120 882 4153 rerum
902 4118 1130 4151 suarum.
1156 4107 1359 4149 Revera
1380 4106 1665 4149 exercitum
1690 4106 1896 4148 videtur
1919 4114 2225 4157 comparare
2241 4104 2487 4147 Dominus
2503 4104 2652 4155 Jesus
2673 4104 2914 4148 Christus
2931 4106 2997 4148 ad
3013 4104 3191 4149 hostes

708 4180 827 4223 fidei
850 4188 901 4221 et
932 4178 1197 4233 religionis
1232 4178 1551 4221 christianae
1572 4176 1922 4231 profligandos
1943 4175 1994 4219 in
2026 4174 2308 4220 Germania
2342 4176 2588 4219 inferiore
2620 4181 2670 4218 et
2703 4176 2864 4219 etiam
2899 4177 3191 4231 superiore.

707 4250 822 4294 Non
843 4250 993 4305 pauci
1017 4250 1151 4293 enim
1173 4250 1272 4292 huc
1294 4249 1571 4301 confluunt,
1596 4249 1697 4302 qui,
1720 4258 1835 4291 cum
1855 4246 2170 4301 profecerint
2193 4247 2246 4290 in
2263 4247 2451 4301 spiritu
2475 4255 2527 4289 et
2563 4247 2767 4299 {ittet-is,
2791 4246 3048 4301 aptissimi
3073 4248 3190 4292 fore

708 4322 953 4366 videntur
975 4322 1041 4366 ad
1062 4322 1377 4365 catholicam
1410 4320 1691 4363 veritatem
1718 4318 2150 4373 propugnandam
2181 4326 2230 4360 et
2263 4318 2596 4362 asserendam
2629 4319 2787 4362 etiam
2825 4318 2960 4362 inter
2997 4320 3190 4364 medios

706 4395 1017 4438 haereticos.
1042 4392 1305 4437 Exaudiat
1327 4392 1577 4435 Dominus
1600 4391 1698 4433 hac
1720 4391 1769 4433 in
1790 4400 1847 4433 re
1869 4390 2034 4443 [vota]
2053 4395 2232 4433 nostra
2253 4396 2302 4433 et
2327 4388 2629 4443 desideria.„
2651 4389 2924 4443 Polancus,
2949 4402 3015 4433 ex
3033 4403 3166 4435 com.

708 4466 855 4510 Patri
874 4464 1147 4509 Leonardo
1168 4464 1363 4515 Kessel,
1386 4463 1437 4505 13
1457 4462 1765 4506 Novembris
1798 4462 1916 4505 1554.

787 4538 811 4570 ⁴
865 4538 1017 4581 Haud
1038 4537 1190 4581 facile
1212 4542 1291 4579 est
1313 4536 1609 4579 discernere
1629 4545 1695 4577 an
1711 4535 1793 4579 hic
1814 4535 2068 4587 scriptum
2087 4533 2156 4577 sit
2179 4533 2244 4576 H.
2267 4544 2334 4577 an
2365 4532 2429 4577 Ν.
2459 4531 2589 4577 Tam
2620 4544 2804 4588 parum
2835 4536 3080 4581 differunt
3105 4536 3182 4579 H.

702 4617 758 4654 et
780 4609 845 4653 N.
868 4621 899 4653 a
920 4609 1131 4653 Polanci
1154 4608 1369 4651 librario
1394 4608 1637 4661 scriptae.
1658 4605 1711 4649 Si
1732 4612 1910 4649 autem
1931 4604 1998 4648 sit
2023 4602 2091 4655 H,
2113 4610 2234 4647 tunc
2253 4604 2520 4659 indigitari
2540 4612 2686 4649 certo
2708 4607 2917 4651 videtur
2939 4608 3095 4661 illiuS,
3121 4609 3186 4651 de

708 4694 809 4736 quo
830 4692 1006 4736 supra.
1024 4692 1071 4724 n.
1094 4680 1189 4731 589.
1214 4680 1425 4725 Henrici
1448 4679 1723 4723 leodiensis
1747 4678 1929 4722 frater.
