3742 5392
661 390 777 450 88.
1588 394 1843 454 Canon.
1885 393 2040 454 Soc.
2082 394 2224 467 st.
2317 310 2346 361 ¹

658 548 928 617 rentur,
960 556 1175 619 quam
1204 540 1577 621 privilegia
1604 549 1853 604 nostra
1882 541 2392 617 concedebant,
2426 540 2703 621 optavit
2724 541 3122 604 litterarum

658 646 1218 725 apostolicarum
1246 648 1611 729 exemplar
1640 648 2126 711 authenticum
2157 647 2556 729 Argentam
2585 648 2790 711 mitti.

790 752 924 816 160.
1009 752 1459 833 Imputabant
1486 755 1701 819 etiam
1730 755 1996 819 nostris
2015 756 2373 836 argentini
2395 756 2587 837 quod
2609 754 3136 835 ludimagister,

660 859 866 940 cujus
895 876 1113 941 opera
1140 861 1336 941 prius
1364 862 1741 927 utebantur
1758 910 1773 941 ,
1804 870 2215 926 nostrorum
2243 862 2703 943 instigatione
2729 863 2817 926 de
2846 862 3131 925 haeresi

665 978 1045 1031 accusatus
1074 966 1353 1045 fuisset;
1385 978 1454 1032 et
1485 969 1768 1032 demum
1794 969 2100 1049 pessime
2139 985 2318 1049 erga
2351 980 2641 1033 nostros
2677 969 2974 1032 animati
3028 987 3134 1032 ar-

662 1074 935 1153 gentini
985 1074 1427 1155 videbantur;
1472 1084 1543 1138 et
1580 1094 1667 1139 eo
1702 1093 1823 1140 res
1858 1076 2104 1153 rediit,
2159 1088 2233 1139 ut
2284 1076 2376 1140 ad
2425 1092 2712 1139 sacrum
2759 1074 3134 1139 dicendum

664 1182 878 1245 vellet
907 1180 1243 1246 Vicarius
1272 1192 1559 1246 nostros
1584 1181 2006 1247 facultatem
2037 1181 2160 1263 [ab
2197 1182 2388 1263 ipso]
2421 1182 2684 1247 habere
2721 1182 2814 1246 ad
2843 1180 3138 1246 Missam

662 1288 1167 1353 celebrandam
1210 1292 1249 1347 ¹.
1292 1288 1607 1353 Contulit
1636 1298 1876 1353 autem
1917 1306 1995 1353 se
2033 1288 2110 1353 P.
2153 1289 2484 1354 Andreas
2521 1288 2940 1353 Ravennam
2963 1338 2978 1367 ,
3021 1288 3140 1353 ubi

661 1404 821 1458 erat
867 1394 1269 1459 Cardinalis
1307 1394 1435 1460 Sti.
1484 1396 1743 1475 Angeli
1771 1444 1787 1475 ,
1831 1397 2034 1477 cujus
2073 1414 2286 1461 aures
2325 1397 2698 1461 calumniis
2744 1396 3137 1462 innumeris

662 1512 915 1567 contra
953 1501 1381 1567 Societatem
1423 1513 1571 1566 tam
1605 1502 1942 1567 Vicarius
1984 1522 2200 1585 quam
2238 1505 2358 1567 alii
2401 1503 2555 1585 ejus
2584 1503 2859 1567 farinae
2901 1504 3139 1583 imple-

664 1618 953 1687 verant,
992 1626 1171 1689 quas
1213 1608 1615 1674 Cardinalis
1660 1609 1751 1673 ad
1792 1610 2006 1674 finem
2045 1628 2270 1692 usque
2311 1612 2547 1691 legere
2583 1628 2728 1674 non
2781 1610 3134 1674 sustinuit.

664 1714 965 1779 Dicebat
994 1716 1180 1779 enim
1222 1716 1551 1779 homines
1588 1715 1966 1781 Societatis
1994 1726 2286 1782 nostrae
2318 1734 2395 1781 se
2424 1734 2668 1796 nosse,
2699 1727 2770 1781 et
2797 1718 3020 1781 bonos
3051 1734 3138 1779 ac

660 1822 1039 1917 religiosos
1064 1840 1255 1903 esse,
1290 1833 1357 1887 et
1387 1824 1554 1887 talia
1584 1840 1661 1886 se
1691 1824 1982 1887 credere
2021 1842 2166 1888 non
2195 1841 2428 1904 posse.
2466 1824 2851 1889 Dubitabat
2887 1823 3136 1889 nihilo·

662 1930 897 1993 minus
932 1948 1023 1993 ne
1059 1930 1329 1993 novitio
1370 1930 1581 1993 alicui
1618 1948 1709 1993 ex
1748 1931 2012 1994 nostris
2053 1932 2442 2011 quidquam
2485 1932 2896 2010 excidisset,
2948 1931 3136 2011 quod

666 2036 779 2099 his
807 2036 1215 2101 rumoribus
1242 2037 1553 2118 aliquam
1582 2038 2034 2101 occasionem
2067 2038 2292 2102 daret.

788 2142 921 2206 161.
1010 2141 1387 2207 Admissus
1402 2161 1576 2224 ergo
1600 2143 1689 2207 ad
1714 2144 2168 2208 Cardinalem
2189 2144 2268 2209 P.
2293 2145 2650 2225 AndreaS,
2673 2145 2909 2225 coepit
2932 2144 2998 2208 ei
3019 2162 3134 2207 ex-

659 2251 927 2331 plicare
944 2267 1182 2314 rerum
1200 2248 1291 2313 ad
1306 2250 1575 2314 victum
1594 2251 2161 2315 necessariarum
2183 2269 2396 2332 quam
2422 2252 2871 2333 patiebantur
2893 2248 3134 2332 [penu—

654 2355 864 2437 riam]
897 2369 966 2420 et
991 2358 1281 2437 similia,
1315 2369 1385 2421 et
1410 2358 1752 2423 auxilium
1771 2406 1787 2435 ,
1819 2359 2014 2439 quod
2041 2358 2397 2439 pollicitus
2434 2369 2620 2445 erat,
2653 2360 2744 2422 ab
2774 2377 2860 2423 eo
2889 2358 3127 2438 exige-

656 2464 803 2527 bat.
836 2462 1237 2528 Cardinalis
1276 2465 1608 2529 autem'ei
1644 2466 2010 2546 respondit
2051 2483 2195 2530 non
2233 2466 2526 2530 credere
2568 2482 2646 2529 se
2683 2466 2868 2529 hanc
2915 2466 3132 2546 potis-

654 2570 912 2634 simam
940 2588 1097 2635 esse
1126 2588 1449 2651 causam,
1482 2580 1773 2653 propter
1802 2589 2018 2652 quam
2059 2572 2150 2636 ad
2195 2590 2272 2637 se
2312 2572 2640 2653 Argenta
2683 2573 3029 2650 venisset,
3065 2583 3134 2634 et

655 2678 917 2759 adjecit
944 2680 1132 2760 quod
1156 2680 1545 2761 scripserat
1582 2678 1733 2759 eJ'us
1774 2679 2110 2745 Vicarius
2147 2682 2333 2745 nolle
2372 2689 2659 2745 nostros
2700 2696 3129 2761 quemquam

650 2787 1092 2867 superiorem
1144 2804 1571 2867 agnoscere;
1616 2785 2183 2868 jurisdictionem
2239 2797 2308 2852 et
2360 2788 2737 2853 commoda
2789 2788 3136 2869 parocho·

652 2910 813 2957 rum
840 2895 1023 2957 velle
1054 2911 1432 2976 usurpare,
1468 2903 1535 2959 et
1568 2894 1709 2958 alia
1740 2892 2142 2975 hujusmodi
2181 2896 2424 2959 multa.
2465 2894 2668 2959 Tunc
2696 2894 2774 2959 P.
2801 2894 3132 2959 Andreas

530 3068 543 3093 .
654 3000 726 3063 id
769 3009 1045 3064 tantum
1081 3009 1365 3065 nostros
1408 3002 1591 3065 velle
1636 3000 2005 3081 Argentae
2056 3000 2486 3082 affirmabat,
2542 3010 2617 3065 ut
2657 3000 2847 3081 justa
2886 3010 3132 3065 nostra

656 3107 1058 3187 privilegia,
1091 3126 1133 3169 a
1165 3105 1347 3172 Sede
1372 3107 1791 3189 Apostolica
1822 3126 1909 3174 ac
1938 3110 2321 3191 praecipue
2343 3126 2387 3172 a
2411 3108 2631 3173 Paulo
2654 3107 2748 3172 111
2769 3124 3138 3184 concessa,

650 3222 1154 3295 servarentur;
1186 3225 1285 3294 et,
1330 3216 1399 3280 id
1438 3232 1603 3279 cum
1641 3214 1878 3295 fieret,
1921 3234 2066 3280 non
2108 3217 2363 3281 debere
2412 3215 2808 3279 existimari
2850 3224 3138 3279 nostros

649 3329 907 3385 contra
929 3318 1280 3400 justitiam
1308 3331 1432 3386 aut
1460 3324 1813 3387 rationem
1838 3324 2226 3404 quidquam
2261 3322 2531 3402 facere3
2573 3330 2860 3385 nostros
2901 3330 3137 3385 autem

652 3429 959 3494 sollicite
1008 3447 1264 3510 pacem
1314 3448 1477 3494 cum
1520 3431 1847 3495 omnibus
1897 3439 1966 3494 et
2017 3430 2442 3495 charitatem
2491 3429 2674 3494 tueri
2717 3430 2933 3509 velle;
2965 3436 3036 3491 et
3065 3428 3136 3491 in

662 3534 873 3616 hujus
902 3537 1187 3618 signum
1240 3538 1463 3619 quod,
1516 3547 1896 3618 postquam
1947 3536 2348 3617 Argentam
2397 3545 2726 3615 venerat,
2757 3536 2950 3599 nullo
2999 3535 3140 3598 alio

656 3644 1047 3708 ministerio
1078 3662 1155 3708 se
1186 3662 1394 3708 usum
1415 3645 1634 3709 fuisse
1665 3662 1882 3725 quam
1907 3644 2170 3708 Missae
2193 3644 2534 3709 dicendae
2569 3641 2610 3723 ¹,
2639 3652 2708 3706 et
2738 3642 3022 3724 quidem
3047 3642 3140 3705 ad

656 3750 729 3814 id
762 3750 1174 3816 facultatem
1207 3770 1249 3815 a
1279 3751 1570 3815 Vicario
1612 3753 2046 3833 postulatam
2068 3750 2286 3815 fuisse
2316 3760 2385 3815 et
2424 3767 2861 3829 concessam;
2895 3764 3139 3829 quam·

658 3858 773 3920 vis
808 3838 1374 3939 conquerebatur
1408 3858 1595 3939 quod
1632 3858 1938 3939 parochi
1984 3858 2302 3921 dicerent
2342 3857 2672 3938 injuriam
2706 3858 2840 3921 sibi
2869 3854 3142 3921 factam

658 3964 911 4044 fuisse,
949 3964 1134 4046 quod
1164 3966 1316 4029 sine
1362 3966 1680 4045 ipsorum
1711 3982 2067 4029 consensu
2096 3964 2501 4029 celebrandi
2541 3964 2835 4028 Missam
2871 3964 3140 4027 nostris

659 4070 964 4136 facultas
995 4072 1161 4135 data
1192 4072 1462 4135 fuisset.
1495 4071 1825 4151 Rogabat
1854 4072 2071 4135 etiam
2100 4071 2553 4136 Cardinalern
2580 4069 2654 4134 P.
2703 4070 3035 4135 Andreas
3065 4080 3141 4133 ut

661 4177 1040 4259 privilegia
1084 4177 1492 4257 SocietatiS,
1547 4197 1728 4260 quae
1778 4196 2024 4243 secum
2071 4179 2440 4256 attulerat,
2493 4180 2731 4258 legere
2773 4179 3018 4258 vellet;
3071 4186 3142 4240 et

658 4292 833 4347 tunc
876 4284 936 4348 si
965 4286 1134 4366 quid
1164 4286 1396 4349 minus
1425 4286 1614 4349 licite
1637 4302 1679 4348 a
1702 4286 1968 4349 nostris
1986 4285 2254 4349 factum
2275 4294 2495 4364 esset,
2522 4294 2598 4348 ut
2619 4284 2691 4348 id
2715 4284 3138 4363 corrigeret.

721 4560 737 4593 ¹
796 4560 899 4617 Βίας
921 4562 1177 4607 redundat
1200 4570 1375 4607 tamen
1394 4569 1485 4608 aut
1509 4563 1581 4607 ad
1600 4573 1819 4607 sacrum
1841 4562 2129 4606 dicendum
2151 4568 2242 4606 aut
2264 4564 2336 4607 aa
2359 4564 2588 4607 missam
2611 4563 3012 4608 celebrandam.

710 4635 743 4665 ²
801 4634 935 4679 Vide
954 4634 1108 4689 infra,
1129 4646 1179 4677 n.
1202 4633 1296 4678 168.
