3742 5392
1681 510 1809 569 Aa.
1855 509 1994 569 1554
2952 505 3066 567 259

714 656 856 721 557.
943 654 1317 721 Febricula
1338 655 1707 738 quaedam,
1736 673 1876 736 qua
1901 654 1972 717 Ρ.
2009 654 2335 717 Canisius
2358 655 2431 716 in
2453 653 2771 733 Collegio
2801 652 3068 720 Archi-

582 764 832 827 *ducali
860 765 1249 841 laboravit,
1283 763 1785 844 percommoda
1816 762 1954 842 ipsi
1981 761 2142 835 fuit,
2178 778 2344 824 nam
2381 761 2637 825 medici
2677 764 3062 830 admonue-

596 881 759 934 runt
787 871 1059 951 Regem
1088 881 1156 934 et
1186 870 1335 952 ejus
1365 870 1811 934 consiliarios
1841 885 1982 932 non
2005 868 2390 931 convenire
2419 870 2770 933 rationem
2797 874 3062 949 victuS,

598 995 808 1058 quem
847 979 964 1041 illo
997 978 1067 1041 in
1100 978 1401 1058 collegio
1441 978 1763 1041 sumebat
1800 976 1879 1039 P.
1928 975 2290 1055 CanisiuS,
2331 973 2482 1055 ejus
2524 979 2950 1060 valetudini;
2999 990 3070 1046 et

598 1084 695 1147 ita
728 1085 915 1147 bona
942 1102 1105 1148 cum
1134 1085 1347 1147 venia
1376 1083 1593 1163 Regis
1622 1082 1713 1145 ad
1743 1092 2067 1147 nostrum
2105 1083 2482 1161 collegium
2522 1101 2598 1147 se
2639 1088 2971 1166 contulit;
3001 1097 3073 1152 et

598 1192 930 1271 quamvis
961 1191 1052 1255 ad
1082 1202 1357 1271 tempus
1384 1191 1456 1254 id
1479 1190 1787 1272 permitti
1821 1188 2232 1271 [videretur]
2264 1190 2491 1253 donee
2511 1192 2762 1270 plenae
2787 1195 3071 1259 restitu-

602 1307 717 1361 tus
746 1311 934 1362 esset
964 1299 1274 1378 sanitati,
1306 1316 1439 1362 nec
1474 1298 1793 1378 parentis
1824 1298 1924 1376 (ut
1963 1296 2356 1375 vocabant)
2389 1296 2618 1360 officio
2649 1316 2810 1363 eum
2839 1301 3072 1364 absol-

602 1416 874 1484 verent,
910 1407 1129 1469 semel
1154 1414 1393 1469 tamen
1425 1406 1586 1468 inde
1618 1420 1980 1484 egressuS,
2010 1420 2396 1483 numquam
2426 1422 2510 1467 eo
2539 1406 2751 1468 rediit
2787 1405 2826 1467 ¹.

720 1512 861 1575 558.
951 1512 1493 1576 Commendavit
1523 1521 1759 1575 autem
1788 1510 1990 1590 Regi,
2018 1519 2401 1590 antequam
2422 1511 2495 1573 in
2517 1511 2936 1577 Bohemiam
2964 1532 3074 1578 re-

576 1619 917 1699 ·cederet,
950 1630 1025 1682 ut
1055 1620 1240 1683 serio
1281 1628 1565 1682 curaret
1606 1617 1915 1681 conferri
1957 1618 2308 1680 bonorum
2358 1618 2685 1695 consili0‚
2728 1620 2790 1682 si
2818 1620 3076 1701 quibus

604 1726 999 1790 rationibus
1024 1726 1401 1790 collabenti
1430 1724 1757 1805 religioni
1780 1725 1851 1787 in
1876 1724 2012 1787 illis
2036 1723 2426 1803 provinciis
2456 1734 2696 1805 posset
2719 1730 3072 1791 succurri.

606 1831 901 1896 Duobus
925 1834 1143 1913 igitur
1164 1832 1588 1896 consiliariis
1612 1832 1789 1894 bene
1812 1831 2184 1894 catholicis
2205 1827 2228 1859 ⁹
2250 1832 2456 1894 simul
2483 1850 2644 1895 cum
2669 1831 2746 1896 P.
2783 1832 3074 1898 Canisio

576 1950 675 2002 ·et
703 1938 781 2003 P.
814 1938 1109 2002 Nicolao
1138 1938 1461 2019 Lanoy0,
1492 1938 1821 2017 Rectore,
1854 1936 2446 2001 consultationem
2477 1938 2664 2003 hanc
2693 1938 2854 2004 Rex
2883 1956 3076 2006 com·

610 2046 820 2125 misit,
856 2056 931 2109 ut
961 2045 1047 2109 de
1076 2046 1468 2126 provinciis
1498 2044 1715 2125 regiis
1744 2045 1818 2108 in
1859 2043 1993 2108 fide
2039 2046 2548 2109 conservandis
2579 2056 2648 2109 et
2677 2048 3078 2113 instauran-

604 2153 719 2216 dis
749 2163 1016 2233 ageret.
1049 2152 1253 2233 Roga
1264 2154 1363 2218 vit
1385 2153 1595 2215 etiam
1628 2151 1704 2217 P.
1734 2150 2064 2216 Canisius
2087 2164 2162 2215 ut
2185 2152 2354 2231 quid
2378 2150 2646 2216 Romae
2671 2155 2899 2219 nostri
2921 2174 3079 2221 sen-

608 2260 821 2323 tirent
852 2260 938 2323 de
970 2260 1218 2323 mediis
1247 2259 1339 2322 ad
1368 2260 1554 2322 hanc
1585 2258 2200 2323 conservationem
2231 2267 2299 2321 et
2338 2259 2954 2343 instaurationem,
2985 2267 3078 2330 ad

608 2368 802 2448 ipsos
821 2368 1272 2447 scriberetur;
1299 2367 1485 2448 quod
1510 2375 1578 2429 et
1599 2367 1867 2430 factum
1891 2376 2016 2443 est,
2047 2376 2114 2430 et
2137 2368 2356 2429 multa
2379 2370 2743 2448 proposita
2765 2369 3079 2453 fuerunt,

608 2493 791 2555 quae
821 2484 1061 2538 tamen
1089 2475 1160 2539 in
1188 2492 1266 2537 re
1295 2473 1654 2554 praesenti
1684 2472 2207 2536 consideranda
2238 2485 2472 2555 erant,
2506 2486 2584 2538 ut
2611 2476 2779 2556 quid
2819 2480 2978 2543 loco
3010 2491 3080 2544 et

615 2582 918 2661 tempori
960 2600 1045 2643 ac
1077 2598 1316 2645 rerum
1346 2580 1791 2661 dispositioni
1822 2580 2236 2643 conveniret
2275 2581 2558 2660 ipsimet
2594 2580 3002 2661 ‚iudicarent
3029 2584 3078 2649 ³.

610 2688 997 2751 Fatebatur
1025 2689 1175 2767 ipse
1206 2687 1361 2751 Rex
1391 2688 1461 2749 in
1493 2686 1643 2750 dies
1672 2687 1904 2766 magis
1932 2685 2351 2749 labefactari
2381 2696 2648 2751 statum
2690 2690 3078 2772 religionis;

610 2794 741 2859 sed
769 2811 931 2858 cum
963 2784 1047 2857 de
1091 2794 1523 2858 vindicanda
1561 2792 1821 2874 injuria
1864 2802 2095 2856 status
2137 2794 2634 2874 ecclesiastici,
2679 2796 2766 2859 de
2804 2798 3080 2862 submo-
3133 2838 3140 2845 -

614 2902 863 2965 vendis
892 2912 960 2965 et
991 2901 1362 2983 puniendis
1408 2900 1789 2964 haereticis
1837 2900 2220 2979 agebatur,
2256 2901 2701 2980 angebantur
2731 2904 2829 2966 illi
2857 2906 3086 2969 consi·

615 3010 830 3087 liarii,
863 3008 1341 3089 trepidabant,
1375 3007 1743 3071 seditionis
1782 3006 2035 3069 timore
2075 3023 2150 3069 se
2179 3008 2654 3089 excusabant,
2698 3020 2801 3090 et,
2844 3012 2916 3075 in
2945 3014 3083 3095 epi·

616 3248 884 3303 hospedali
906 3248 1002 3292 che
1030 3248 1084 3291 la
1106 3246 1271 3302 Regia
1292 3245 1403 3291 Mat
1420 3247 1543 3291 vuol
1564 3246 1662 3299 far,
1684 3252 1737 3288 et
1767 3249 1796 3289 e
1818 3253 2026 3300 questo:
2049 3246 2146 3289 che
2167 3257 2264 3290 sua
2291 3245 2407 3291 MA
2426 3248 2472 3291 sl
2493 3254 2824 3296 contentasse
2847 3253 2897 3296 di
2919 3254 3020 3298 dar
3041 3256 3088 3298 le

622 3320 817 3364 intrate
837 3320 887 3363 di
908 3320 1053 3363 detto
1075 3319 1390 3363 monasterio
1405 3318 1551 3362 accio
1564 3318 1608 3361 si
1630 3318 1960 3372 applicasero
1981 3318 2033 3360 al
2053 3318 2273 3371 collegio
2289 3320 2608 3372 germanico.
2629 3320 2761 3365 dove
2778 3324 2822 3367 si
2842 3326 3088 3371 allevano

624 3393 769 3437 molti
789 3392 1009 3435 vassalli
1036 3390 1175 3435 della
1194 3388 1308 3434 ΜΛᾸ
1334 3400 1430 3434 sna
1461 3400 1558 3443 per
1583 3390 1836 3443 agg-iurat·
1854 3388 1986 3443 dopo
2015 3390 2066 3432 ie
2094 3400 2214 3433 cose
2234 3389 2500 3443 spirituaii
2520 3391 2572 3435 di
2593 3403 2684 3436 sue
2713 3396 2937 3450 nationi3
2957 3402 3014 3441 et
3035 3400 3088 3442 in

624 3464 702 3508 tal
723 3463 1039 3517 aplicatione
1060 3472 1160 3506 non
1180 3463 1289 3505 solo
1318 3461 1537 3505 sai-ebbe
1558 3466 1802 3504 contento
1825 3460 1861 3503 il
1884 3461 2051 3515 Papa,
2073 3471 2157 3504 ma
2178 3461 2228 3505 lo
2258 3461 2602 3515 riputarabbe
2633 3476 2777 3508 come
2798 3468 3092 3525 grazia-u„

591 3563 598 3570 ·
622 3534 673 3578 21
704 3533 840 3577 Nov.

706 3604 975 3649 videndae
996 3604 1058 3648 de
1079 3610 1191 3649 toto
1215 3604 1328 3658 hoc,
1348 3603 1489 3647 haud
1508 3603 1651 3647 facili
1665 3636 1675 3655 ,
1694 3603 1918 3657 negotio,
1937 3608 2152 3657 praeter
2178 3614 2242 3647 ea
2261 3614 2396 3658 quae
2425 3604 2581 3650 affert
2606 3606 3015 3660 Bnaunannaoan
3039 3620 3092 3657 et

624 3688 792 3732 pauca
812 3676 1067 3733 quaedam
1088 3706 1101 3727 ‚
1124 3686 1256 3731 quae
1283 3676 1333 3719 in
1354 3674 1504 3720 Nova
1534 3676 1677 3718 serie
1696 3674 2012 3717 litterarum
2039 3674 2225 3719 Sancta·
2243 3675 2453 3729 Ignatii
2465 3676 2706 3749 'edentum
2727 3680 2879 3735 huius
2908 3683 2976 3726 ad
2999 3682 3095 3727 Re-

622 3760 744 3803 gem
764 3748 1119 3793 Romanorum
1148 3749 1361 3791 litterae
1384 3747 1539 3791 datae
1560 3746 1615 3790 25
1632 3746 1767 3799 Jun..
1788 3747 1842 3789 16
1860 3754 1914 3790 et
1945 3747 2000 3790 24
2020 3746 2118 3799 Jul.
2140 3754 2193 3791 et
2212 3747 2268 3791 28
2285 3749 2514 3803 Augusti
2545 3751 2666 3794 anni
2691 3752 2808 3807 15:25,
2831 3760 2882 3797 et
2917 3755 2971 3799 12
2997 3755 3096 3800 Fe·

624 3821 826 3865 bruarii
850 3820 971 3875 1⁵56,
998 3820 1049 3863 in
1072 3819 1283 3872 Canas,
1303 3824 1339 3863 t.
1356 3830 1395 3861 v
1414 3824 1468 3861 et
1488 3828 1560 3861 vr.

704 3892 725 3924 ¹
780 3890 915 3935 Vide
934 3901 1109 3945 supra,
1133 3901 1181 3933 n.
1200 3890 1297 3943 537,
1314 3894 1367 3933 et
1388 3888 1583 3932 Canisii
1604 3889 1808 3933 litteras
1826 3890 1855 3931 7
1875 3888 1996 3941 Julii
2017 3889 2186 3937 datas.
2201 3891 2284 3934 ubi
2305 3891 2444 3935 inter
2463 3894 2570 3937 alia
2588 3894 2720 3939 haec
2739 3896 2832 3940 ait:
2855 3896 3096 3943 “Christo

594 3978 601 3997 -·
624 3973 853 4008 summas
872 3974 973 4015 ago
994 3962 1197 4016 gratias
1216 3994 1226 4014 ,
1246 3960 1380 4015 quod
1400 3966 1510 4004 tam
1532 3960 1793 4003 commode
1822 3960 1965 4004 illinc
1986 3972 2067 4004 me
2087 3962 2384 4006 traduxerit
2402 3995 2414 4016 ,
2435 3963 2486 4007 id
2509 3970 2588 4008 est
2601 3998 2612 4019 ,
2635 3976 2668 4009 a
2697 3972 3010 4023 tempestate
3030 3972 3096 4015 ad

620 4040 855 4090 portum,
879 4044 911 4078 a
932 4034 1043 4077 foro
1065 4034 1129 4077 ad
1153 4033 1427 4086 ternplum,
1451 4042 1483 4075 a
1512 4032 1697 4075 mundo
1718 4031 1785 4075 ad
1806 4031 2014 4075 domum
2041 4032 2368 4086 spiritualem
2391 4067 2402 4088 ,
2437 4036 2504 4078 ab
2539 4038 2736 4081 exteris
2759 4040 2824 4082 ad
2857 4042 3098 4086 domesti-

596 4132 603 4137 ·
624 4120 731 4161 cos.
754 4108 941 4153 Patres
960 4114 1013 4153 et
1034 4106 1425 4159 fratres.„—His
1456 4107 1733 4161 respondet
1748 4138 1759 4160 ,
1782 4116 1850 4150 ex
1870 4116 1984 4149 com
2013 4136 2029 4157 ,
2051 4104 2306 4149 Polaticus
2330 4106 2380 4150 13
2400 4108 2652 4163 Augusti:
2673 4108 2758 4153 “ci
2781 4111 3098 4166 raliegramo

622 4182 677 4225 in
697 4180 908 4225 Christo
927 4180 1064 4223 delia
1084 4182 1244 4223 breve
1266 4178 1691 4223 convalescentia
1710 4179 1847 4222 della
1871 4176 1932 4221 R.
1960 4175 2020 4220 V.
2043 4183 2097 4220 et
2117 4177 2213 4220 che
2233 4189 2330 4221 con
2353 4186 2500 4223 tanto
2533 4183 2701 4225 bnona
2727 4183 3001 4227 occasione
3017 4184 3098 4229 sia

622 4252 885 4296 ritornato
905 4251 987 4295 fra
1006 4252 1079 4305 gli
1100 4249 1288 4303 nostri,
1309 4251 1441 4295 dove
1461 4252 1612 4294 stara
1632 4260 1727 4293 con
1746 4250 1988 4304 maggior
2009 4250 2330 4294 consolation
2351 4261 2492 4305 sum„

706 4324 729 4355 ¹
782 4322 1007 4367 “Horum
1026 4325 1163 4367 alter
1180 4327 1322 4366 certe
1343 4322 1441 4367 fuit
1456 4321 1678 4375 jacobus
1690 4321 1849 4374 Jonas
1868 4322 2350 4376 vicecancellarius,
2373 4334 2526 4377 quem
2545 4325 2814 4379 religionis
2833 4326 3102 4371 vindican-

597 4396 725 4439 -dae
758 4394 1193 4439 studiosissimum
1225 4399 1279 4438 et
1324 4394 1528 4448 piorum
1562 4394 1787 4438 omnium
1821 4400 2101 4448 patronum
2135 4404 2248 4437 esse
2288 4392 2529 4438 Canisius
2565 4394 2791 4441 Polanco
2829 4398 3014 4443 scribit
3049 4400 3102 4443 ¹6

626 4466 851 4521 Augusti
876 4465 1027 4520 issa„
1047 4464 1484 4518 Baauasaaaenn,
1507 4466 1539 4509 1.
1563 4476 1624 4518 c.,
1648 4475 1767 4519 pag.
1787 4464 1887 4517 478,
1907 4470 2082 4509 annot.
2103 4465 2145 4508 4.
2170 4464 2236 4508 ad
2257 4465 2464 4509 litteras
2486 4465 2680 4511 canisii
2700 4467 2926 4513 Polanco
2947 4470 3106 4515 datas

606 4538 611 4545 “
630 4540 658 4583 7
677 4538 819 4592 Julil.

707 4610 731 4643 ὃ
784 4609 918 4653 Vide
941 4608 1136 4653 Canisli
1164 4608 1375 4653 litteras
1406 4609 1436 4651 8
1464 4608 1599 4661 Junii
1616 4640 1627 4663 ‚
1647 4610 1675 4653 7
1694 4607 1813 4661 Julii
1838 4616 1891 4653 et
1915 4610 1965 4653 16
1987 4609 2210 4663 Augusti
2231 4610 2298 4653 ad
2331 4611 2609 4655 Polaticum
2631 4612 2784 4657 datas
2802 4645 2812 4665 ,
2833 4618 2887 4657 et
2909 4613 3104 4658 Certos

596 4704 604 4711 -
624 4682 691 4725 de
712 4681 826 4725 San
847 4680 1085 4735 Ignacto,
1104 4688 1143 4723 t.
1162 4690 1236 4735 tv,
1260 4692 1379 4736 pag.
1398 4680 1594 4734 283-232,
1615 4680 1795 4725 470476
1824 4684 1984 4736 (quas
2015 4681 2120 4725 edit
2137 4714 2148 4732 ,
2172 4682 2414 4727 emendat
2444 4690 2496 4727 et
2528 4685 2952 4729 annotationibus
2985 4686 3102 4730 ilin-

602 4758 767 4797 “strat
785 4752 1201 4797 Bnauasaanoaa
1217 4785 1228 4806 ,
1251 4752 1282 4796 l.
1305 4763 1368 4805 c.,
1388 4762 1509 4807 pag.
1531 4752 1744 4807 ⁴83-a9i),
1766 4760 1819 4797 et
1840 4765 1961 4808 pag·-
1981 4753 2182 4807 352-358,
2205 4754 2404 4797 480433.
