3742 5392
1646 503 1772 562 ΑΝ.
1819 504 1958 563 1554
2924 506 3039 565 447

563 656 720 709 erat
741 694 756 725 ,
791 655 859 709 et
892 647 1079 727 quod
1110 647 1202 711 ibi
1233 648 1410 711 vitia
1441 666 1584 712 non
1614 651 1973 730 vigerent,
2009 667 2191 731 quae
2221 650 2293 713 in
2324 651 2483 713 aliis
2512 650 2789 731 populis
2816 650 2859 731 ¹,
2885 668 3028 716 ma-

557 752 673 833 jor
703 754 1126 834 sperabatur
1153 772 1246 819 ex
1289 754 1611 835 Collegio
1655 755 2033 820 Societatis
2070 756 2377 836 sructuS‚
2434 767 2502 820 et
2552 757 2730 822 haec
2780 758 3030 823 eadem

559 876 784 923 causa
815 860 1048 924 suerat
1076 877 1207 925 cur
1234 860 1425 942 Mag.
1461 861 1678 926 Avila
1708 864 1968 927 ibidem
2000 864 2451 940 subsisteret,
2485 865 2603 943 qui
2633 873 2832 928 tanto
2857 882 3037 945 gau-

563 966 682 1029 dio
712 966 1147 1032 afficiebatur
1179 968 1602 1033 adveniente
1632 970 1706 1033 in
1731 971 2053 1035 eamdem
2090 971 2335 1034 urbem
2368 970 2724 1035 Societate
2755 982 3025 1053 nostra,

565 1084 641 1137 ut
679 1074 852 1138 illud
907 1073 1261 1139 Simeonis
1309 1075 1610 1140 diceret:
1654 1077 1865 1140 Nunc
1914 1077 2225 1141 dimittis
2252 1094 2552 1141 servum
2588 1085 2823 1157 tum,
2886 1080 3031 1142 Do-

563 1181 772 1244 mine.
1152 1234 1158 1239 .

688 1288 832 1352 957.
917 1288 1342 1354 Adduxerat
1369 1308 1612 1355 secum
1647 1288 1724 1354 P.
1767 1291 2029 1355 'forres
2070 1290 2543 1356 Provincialis
2591 1290 3027 1357 Sahnantica

568 1406 876 1476 quatuor
904 1398 1022 1459 vel
1049 1398 1360 1477 quinque
1389 1398 1572 1461 alios
1597 1397 1880 1476 fratres,
1915 1398 2033 1478 qui
2061 1398 2349 1478 ingenio
2387 1408 2459 1461 et
2497 1399 2890 1463 eruditione
2933 1400 3027 1463 ad

563 1502 964 1583 Collegium
983 1502 1378 1584 juvandum
1409 1505 1558 1585 apti
1579 1514 1784 1569 erant
1807 1554 1820 1583 ‚
1847 1515 1917 1568 et
1938 1504 2099 1569 ideo
2123 1521 2557 1586 magnopere
2580 1524 2844 1570 novum
2870 1504 3030 1571 Col-

563 1610 829 1689 legium
860 1620 930 1673 et
959 1609 1111 1690 eJus
1138 1611 1454 1675 fautores
1485 1629 1613 1675 suo
1644 1612 1959 1675 adventu
1988 1622 2425 1689 recrearunt,
2460 1622 2531 1675 et
2550 1661 2565 1691 ,
2596 1614 2845 1693 paucis
2877 1616 3031 1695 qui-

562 1716 861 1780 busdam
919 1717 1178 1781 ibidem
1235 1718 1600 1793 admissiS,
1661 1707 1919 1798 viginti
1973 1734 2101 1782 sex
2158 1717 2181 1749 ¹
2202 1768 2217 1797 ,
2270 1718 2472 1782 initio
2522 1719 2866 1800 Augusti,
2933 1739 3023 1785 ex

563 1825 830 1888 nostris
879 1822 1254 1890 Cordubae
1304 1825 1887 1889 numerabantur.
1938 1824 2209 1889 Morbis
2264 1836 2503 1889 tamen
2561 1827 2696 1890 hac
2753 1837 3027 1893 aestate

567 1929 920 1994 Dominus
950 1932 1296 2012 quosdam
1325 1950 1417 1995 ex
1449 1933 1552 1995 eis
1581 1932 1932 2011 exercuit,
1975 1942 2045 1995 et
2085 1928 2507 2013 praesertim
2548 1932 2900 2013 maj0rum
2937 1936 3033 1998 le-

565 2037 881 2101 ctionum
912 2048 1445 2119 praeceptores;
1481 2040 1676 2117 iden,
1709 2048 1787 2101 ut
1817 2038 2313 2103 satisfacerent
2342 2039 2753 2104 muneribus
2793 2058 3032 2105 susce-

564 2145 735 2224 ptis,
767 2162 909 2208 non
940 2148 1152 2226 pauci
1180 2146 1565 2210 necessarii
1596 2156 1820 2209 erant.

682 2250 825 2314 958.
915 2252 1332 2333 Complures
1363 2262 1601 2317 autem
1629 2270 1720 2316 ex
1749 2253 2117 2333 discipulis
2148 2252 2475 2333 Magistri
2503 2253 2763 2318 Avilae
2792 2253 2885 2317 ad
2907 2253 3027 2320 So·

563 2358 898 2422 cietatem
940 2358 1215 2423 admitti
1255 2360 1709 2440 postulabant
1749 2358 1806 2440 ³,
1853 2361 2038 2424 inter
2080 2378 2261 2441 quos
2298 2362 2411 2424 vir
2450 2361 2738 2441 quidam
2776 2362 3039 2426 nobilis

563 2474 719 2529 erat
745 2514 760 2543 ,
794 2466 914 2544 qui
943 2484 1034 2530 ex
1065 2466 1640 2531 Cordubensibus
1669 2464 1693 2497 ⁴
1723 2468 1850 2545 (sic
1876 2478 2201 2531 senatum
2224 2485 2429 2532 suum
2454 2472 2741 2544 vocant)
2766 2469 3028 2549 suerat,

636 2744 655 2775 θ
715 2742 954 2787 videnda
975 2750 1148 2787 tamen
1169 2755 1301 2800 quae
1321 2745 1382 2787 de
1398 2745 1463 2788 iis
1482 2745 1664 2788 scribit
1689 2744 1742 2787 Ρ.
1758 2744 2101 2795 ὃΑκῐινΑῆεΖ.
2125 2746 2158 2787 1.
2174 2756 2238 2799 c.,
2254 2752 2401 2800 parte
2422 2757 2456 2799 1,
2474 2746 2561 2789 lib.
2583 2757 2617 2799 1,
2642 2757 2754 2801 cap.
2777 2758 2829 2799 v;
2852 2756 3027 2801 quam·

554 2815 638 2858 vis
665 2815 758 2859 illa
779 2815 841 2858 de
873 2816 1120 2861 universa
1147 2816 1200 2860 in
1233 2827 1423 2871 genere
1452 2816 1669 2860 Baetica
1703 2824 1756 2859 et
1787 2826 1887 2859 non
1916 2818 2151 2870 praecise
2182 2817 2245 2860 de
2280 2818 2498 2861 civitate
2530 2817 2847 2862 Cordubensi
2880 2818 3028 2861 dicta.

555 2887 895 2931 sunu-Vide
918 2888 1076 2932 etiam
1095 2888 1250 2941 infra,
1271 2900 1320 2933 n.
1341 2888 1439 2931 964.

632 2957 655 2990 ²
711 2958 792 3002 En
812 2959 1150 3013 quorumdam
1169 2960 1394 3015 nomina,
1415 2960 1500 3016 qui
1524 2960 1676 3013 hujus
1695 2960 1814 3002 anni
1842 2960 1945 3003 1554
1966 2958 2114 3002 initio
2137 2958 2407 3003 Cordubae
2432 2960 2796 3003 versabantur:

683 3062 695 3075 .
731 3029 1044 3074 Franciscus
1064 3031 1126 3073 de
1148 3029 1484 3075 Villanueva.

683 3130 698 3147 .
734 3100 930 3145 Doctor
953 3102 1176 3154 joannes
1198 3102 1260 3145 de
1283 3104 1333 3145 la
1356 3102 1529 3146 Plaza.

682 3202 696 3215 .
729 3172 948 3217 Michael
969 3172 1227 3217 Ramirez.

685 3276 697 3289 .
730 3244 919 3289 Petrus
939 3244 1197 3289 Navarro.

685 3348 698 3361 .
734 3316 1062 3361 Benedictus

681 3418 694 3431 .
729 3388 953 3440 Joannes
972 3390 1034 3432 de
1057 3388 1204 3442 Jaen.

682 3492 694 3505 .
731 3462 990 3505 Antonius
1011 3462 1074 3505 de
1097 3461 1352 3506 Cordoba.

682 3564 694 3576 .
729 3532 1028 3586 Alphonsus
1047 3532 1238 3589 Lopez.

628 3603 717 3648 Fr.
748 3603 977 3648 Didacus
998 3605 1061 3648 de
1082 3605 1349 3656 Cabaliar,
1371 3604 1737 3649 scholasticus.

627 3675 716 3720 Fr.
737 3674 968 3719 Didacus
987 3676 1256 3729 martinez,
1279 3675 1639 3719 scholasticus·

630 3746 720 3790 Fr.
740 3745 1018 3791 Marcellus
1037 3747 1100 3790 de
1123 3746 1357 3801 Salazar,
1381 3747 1743 3792 scholasticus.

629 3818 720 3863 Fr.
741 3819 1004 3875 Antiqnus
1023 3818 1331 3877 (Joannes?)
1354 3820 1523 3873 Roca,
1547 3820 1908 3864 scholasticus.

628 3888 719 3934 Fr.
743 3892 1004 3935 Antonius
1023 3890 1281 3935 Ramirez.

625 3961 714 4006 Fr.
736 3962 1098 4008 Ferdinandus
1117 3963 1468 4019 (Hernandus)
1489 3964 1552 4008 de
1573 3964 1769 4019 Hayas,
1792 3964 2083 4017 coadjutor.

625 4033 717 4080 Fr.
739 4033 1058 4088 Bet-nardus,
1082 4048 1109 4079 e
1133 4035 1380 4093 Bizcaya.

627 4104 972 4161 Sam-wana,
995 4106 1027 4150 1.
1051 4118 1115 4161 c.,
1136 4108 1224 4152 lib.
1247 4120 1280 4159 ι.
1304 4120 1420 4163 cap.
1441 4119 1532 4163 ιιι,
1555 4120 1638 4153 nn.
1659 4108 1751 4152 2-9.

622 4178 646 4209 ³
699 4178 825 4222 “Del
844 4180 1064 4223 rescibir
1083 4191 1146 4223 en
1167 4182 1220 4224 ia
1241 4180 1526 4236 Campania
1545 4181 1824 4235 discipulos
1844 4180 1929 4223 del
1952 4178 2006 4222 P.
2017 4176 2245 4222 Maestro
2265 4176 2441 4226 Avila.
2458 4176 2639 4221 siendo
2662 4179 2789 4223 ellos
2809 4179 3029 4224 idoneos

540 4261 703 4305 segun
721 4251 802 4295 las
822 4252 1224 4297 constituciones
1246 4265 1376 4307 para
1395 4256 1498 4299 ella
1513 4287 1524 4309 ,
1547 4257 1698 4298 antes
1724 4264 1819 4309 por
1840 4251 2094 4297 devocion
2118 4254 2149 4295 a
2177 4262 2239 4294 su
2256 4249 2503 4303 Maesti-0,
2523 4261 2739 4305 patesce
2774 4262 2829 4295 se
2862 4252 3019 4295 resci-

543 4322 712 4366 birian
732 4333 829 4367 con
859 4326 972 4366 mas
1000 4332 1171 4379 gusto,
1195 4332 1322 4380 etc.„
1345 4326 1600 4370 Polancus
1614 4359 1625 4380 ,
1645 4336 1715 4371 ex
1736 4337 1889 4371 com..
1906 4324 2055 4368 Patri
2077 4323 2303 4366 Antonio
2324 4323 2385 4365 de
2420 4322 2655 4366 cordoba
2673 4354 2686 4370 .
2710 4323 2762 4365 17
2782 4322 3016 4378 Septem·

543 4395 652 4437 bris
683 4395 806 4438 1554.

620 4467 646 4498 ⁴
701 4465 809 4519 Sic;
829 4474 881 4511 et
912 4470 1233 4522 suspicamur
1255 4469 1433 4513 deesse
1465 4470 1549 4513 hic
1571 4470 1734 4514 verba
1755 4470 1958 4523 viginti
1978 4471 2211 4523 quatuor
2230 4474 2281 4511 et
2312 4476 2601 4510 sermonem
2623 4476 2737 4509 esse
2771 4466 2833 4508 de
2855 4476 2931 4519 eo,
2954 4465 3017 4509 de

543 4547 641 4591 quo
675 4538 751 4581 ita
785 4538 1039 4583 Polaneus
1071 4539 1266 4585 litteris
1303 4552 1464 4595 supra
1496 4538 1825 4586 memoratis:
1854 4539 2095 4584 “euanto
2118 4542 2150 4583 a
2183 4539 2338 4592 aquei
2368 4538 2633 4581 cabailero
2653 4536 3018 4581 Vemticuatro

541 4607 766 4653 Nuestro
787 4609 956 4655 Padre
989 4622 1045 4655 se
1075 4612 1144 4655 ha
1174 4612 1414 4656 remitido
1450 4622 1544 4666 por
1573 4618 1692 4657 otra
1711 4616 1745 4656 a
1765 4612 1830 4656 V.
1857 4612 1919 4656 R.
1940 4612 1983 4657 si
2006 4623 2062 4656 se
2082 4611 2210 4655 debe
2246 4618 2464 4663 aceptar
2484 4613 2511 4652 ό
2542 4607 3020 4661 no.„—Caballeros

537 4683 898 4725 veinticuatro
932 4684 984 4727 in
1011 4686 1244 4739 pluribus
1279 4684 1525 4729 Baeticae
1567 4686 1694 4730 locis
1723 4686 2032 4729 dicebantur
2063 4684 2149 4738 qui
2170 4683 2222 4726 in
2243 4682 2479 4726 civitatis
2500 4680 2775 4725 concilium
2808 4678 3015 4733 (dyam-

535 4754 820 4807 tamiento)
841 4766 873 4798 a
894 4755 1081 4808 populo
1105 4756 1255 4800 electi
1287 4756 1686 4811 deputabantur.
1711 4757 1854 4803 Alibi
1876 4756 2191 4809 Regtdores,
2210 4753 2470 4809 Jurados,
2488 4752 2663 4804 jurati
2686 4751 3023 4796 dicebantur..

631 3029 676 3577 *uw’uwwvww
