3742 5392
1619 476 1744 534 Ax.
1795 476 1933 533 1554
2897 470 3007 529 353

529 626 708 688 blice
755 626 827 688 in
869 625 1103 688 medio
1147 622 1649 688 Universitatis
1694 621 2239 685 combusserunt
2284 635 2442 681 cum
2495 633 2758 696 magna
2808 617 3001 681 laeti-

529 733 658 809 tia,
690 742 760 796 et
788 732 990 811 pueri
1021 732 1214 794 circa
1245 747 1499 811 pyram
1526 730 1712 809 ignis
1735 728 2229 792 discurrebant
2254 726 2653 789 doctrinam
2676 723 2994 787 christia-

530 855 699 902 nam
752 848 1112 903 canentes:
1159 838 1298 901 alio
1343 838 1559 900 etiam
1602 836 1736 915 die,
1779 835 1939 897 aliis
1976 834 2175 897 libris
2214 830 2611 911 hujusmodi
2653 831 2990 907 collectiS,

530 945 971 1010 tantumdem
1000 943 1271 1009 factum
1301 955 1430 1007 est.

651 1052 790 1115 754.
881 1052 990 1115 De
1020 1052 1427 1115 domesticis
1450 1051 1588 1113 hoc
1612 1059 1886 1113 tantum
1912 1047 2167 1111 dicam:
2195 1045 2405 1127 quod,
2434 1063 2595 1109 cum
2618 1046 2903 1125 regulas
2933 1055 3001 1106 et

533 1160 1070 1223 constitutiones
1120 1158 1210 1222 ad
1259 1159 1540 1239 praxim
1570 1156 2051 1233 deduxissent,
2099 1155 2172 1218 in
2214 1153 2364 1217 dies
2393 1152 2617 1215 nostri
2658 1150 3000 1229 maJ’orem

535 1266 908 1330 utilitatem
935 1284 1025 1329 ex
1053 1283 1299 1329 earum
1329 1264 1828 1328 observatione
1857 1261 2277 1325 sentiebant.

655 1374 745 1437 Et
774 1374 953 1436 haec
984 1374 1070 1437 de
1102 1373 1492 1437 Gandiensi
1521 1371 1862 1450 Collegio.

1086 1903 1214 1967 DE
1256 1904 1731 1969 COLLEGIO
1777 1902 2458 1967 BARCHINONAE

655 2333 798 2394 755.
887 2330 1064 2394 Tres
1113 2331 1523 2394 sacerdotes
1564 2349 1655 2395 ex
1698 2332 1962 2395 nostris
2006 2332 2502 2397 Barchinonae
2549 2333 2746 2397 initio
2791 2333 3000 2413 hujus

533 2439 701 2503 anni
730 2437 1160 2516 residebant,
1193 2438 1464 2501 scilicet
1495 2436 1573 2501 P.
1609 2439 1924 2520 Joannes
1952 2439 2267 2519 Queralt‚
2301 2440 2421 2521 qui
2448 2439 2787 2521 Superior
2815 2448 2994 2517 erat,

533 2564 619 2610 ac
647 2545 781 2610 ΡΡ.
813 2545 1126 2629 Joannes
1153 2544 1354 2609 Gesti
1385 2562 1548 2608 cum
1577 2544 1654 2609 P.
1687 2544 2003 2609 Antonio
2027 2546 2456 2626 Monserrat;
2487 2548 2723 2610 nullus
2752 2562 2998 2609 eorum

531 2654 996 2718 concionator
1025 2662 1202 2732 erat,
1238 2652 1364 2715 sed
1394 2650 1959 2717 confessionibus
1982 2653 2349 2717 audiendis
2380 2670 2643 2733 magna
2674 2670 2765 2717 ex
2794 2661 2995 2734 parte

531 2760 891 2824 vacabant
923 2758 964 2823 ¹.
999 2758 1110 2823 Ex
1140 2758 1410 2822 morbis
1440 2767 1703 2838 autem,
1737 2759 1993 2840 quibus
2022 2778 2207 2825 anno
2230 2761 2557 2841 proximo
2582 2760 2822 2823 afflicti
2850 2760 2991 2823 fue-

531 2876 692 2931 rant
722 2876 766 2944 ’,
799 2866 1002 2930 initio
1032 2858 1242 2946 hujus
1273 2866 1442 2929 anni
1474 2866 1742 2929 debiles
1773 2867 2007 2931 adhuc
2035 2868 2230 2931 vires
2259 2886 2504 2933 eorum
2536 2877 2761 2932 erant.

616 3144 632 3175 ¹
689 3142 770 3188 En
784 3148 984 3188 etatum
1005 3142 1160 3196 hujus
1179 3140 1616 3186 Barchinonensis
1641 3141 1859 3196 collegii
1888 3143 2042 3199 Juxta
2072 3143 2358 3187 Memoria
2376 3156 2409 3188 a
2432 3144 2486 3188 P.
2520 3146 2692 3188 Araoz
2714 3145 3003 3189 confectum

533 3218 630 3260 hoc
649 3227 784 3260 anno
800 3215 922 3268 1554,
943 3220 1036 3259 aut
1055 3214 1192 3257 forte
1213 3212 1548 3267 praecedenti
1584 3214 1701 3257 1553;

1315 3416 1616 3463 COLEGIO
1647 3418 1741 3462 DE
1773 3418 2219 3465 BARCELONA.

978 3583 1046 3589 ..-
1065 3582 1175 3589 ..-.——
1232 3581 1818 3588 u-——ss
1879 3582 2052 3588 -..-——
2070 3584 2097 3589 —
2122 3586 2127 3589 .

607 3666 752 3710 Asos
771 3675 838 3709 οε
857 3662 914 3707 C.
920 3664 946 3688 ⁸
533 3636 1792 3823 *⁸*-
1259 3658 1582 3704 NOMBRES
2152 3660 2369 3716 Indole-⁰..
2392 3664 2557 3718 dotes,
2580 3670 2681 3709 etc.

1049 3847 1390 3903 P.[Joannes]
1418 3848 1634 3901 Quen-alt
1643 3876 1791 3893 ......

539 3926 650 3969 Mag
669 3925 731 3968 de
750 3924 778 3967 7
781 3952 1018 3967 ·····
1051 3918 1425 3972 p[Antoffin,]
1449 3918 1791 3963 Monam-at
1833 3902 2037 3947 Buenos
2056 3904 2316 3949 subiectos
2334 3916 2467 3960 para
2486 3917 2771 3951 conversat
2792 3920 2825 3965 y
2846 3908 3011 3952 confe-

1020 3850 1110 4039 {P-
1127 3990 1256 4035 ιω*
1287 3990 1550 4044 [C¹⁸te¹'⁶]·
1565 4021 1576 4032 ·
1591 4023 1604 4035 ·
1618 4018 1655 4035 ··
1673 4018 1791 4035 ·····
1833 3966 1977 4053 Εῗῖξ.
1996 3957 2131 4055 {213
2136 3968 2302 4055 ¹2?ssssss
2306 4022 2481 4055 menos
2499 4012 2813 4059 suficiencia.

539 4070 678 4111 Poco
691 4077 806 4111 maa
819 4065 882 4109 de
899 4075 1018 4108 uno.
1051 4062 1110 4106 P.
1131 4061 1308 4107 Mosen
1331 4062 1589 4115 [Joannes]
1623 4062 1792 4106 Gesti.

1049 4144 1101 4187 h·
1121 4143 1258 4197 Jnan
1280 4143 1497 4196 Qatnu
1504 4171 1790 4187 ··········
1808 4117 1905 4175 §De
1940 4128 2099 4172 poeas
2138 4118 2342 4163 suet-zue
2369 4132 2402 4177 y
2439 4121 2665 4175 talento;
2698 4122 2769 4165 ha
2816 4122 2933 4166 oido
2963 4124 3010 4164 et

1807 4176 1820 4208 θ
1882 4182 2033 4216 curso
2054 4172 2116 4215 de
2135 4180 2299 4217 artes.

1049 4225 1084 4269 h
1089 4253 1796 4272 ...........................
1813 4225 1976 4324 ΙΒιιωι
1997 4226 2227 4270 subiecto
2248 4238 2379 4281 para
2398 4238 2460 4271 nu
2482 4226 2785 4274 ministerio.

621 4432 811 4479 Sextus
840 4432 943 4487 hic,
978 4431 1143 4475 frater
1171 4430 1462 4485 coadjutor,
1497 4430 1644 4485 culus
1677 4440 1864 4473 nomen
1883 4430 2162 4485 ignorabat
2184 4433 2384 4487 Araoz,
2418 4435 2535 4489 quis
2566 4434 2723 4479 suerit
2742 4432 3011 4478 affirmare

539 4511 686 4551 certo
705 4516 804 4551 non
827 4505 1082 4549 valemus.

619 4579 643 4610 ⁸
695 4576 906 4621 Nullam
925 4575 1110 4620 horum
1133 4576 1429 4619 morborum
1461 4575 1770 4619 mentionem
1806 4576 1931 4619 fecit
1962 4574 2219 4621 Polaticus
2252 4588 2387 4622 anno
2418 4580 2653 4633 proxime
2683 4579 2863 4631 elapso
2888 4576 3012 4640 1553,

540 4653 659 4695 dum
680 4650 742 4693 de
758 4646 994 4702 collegio
1013 4646 1436 4691 Barchinonensi:
1460 4645 1617 4690 fuisse
1638 4654 1814 4691 autem
1837 4647 2081 4691 videntur
2103 4649 2358 4705 catari-hi,
2391 4650 2452 4693 de
2483 4652 2665 4705 quibus
2687 4648 2894 4703 saepius
2913 4649 3011 4691 hoc

540 4732 676 4767 anuo
694 4727 750 4765 et
769 4719 1127 4775 praecedenti.

757 4808 834 4866 Τ.
877 4822 958 4864 ιν.
2620 4830 2687 4886 23
