3742 5392
1673 484 1800 544 AN.
1846 485 1987 543 1554
2950 484 3059 543 357

573 648 772 711 quae
826 629 917 694 ad
971 622 1504 710 navigationem
1561 629 2062 693 mittendorum
2121 630 2191 691 in
2248 630 2527 693 Italiam
2558 626 3050 709 pertinebant,

589 736 667 801 P.
698 736 1024 802 Natalem
1051 732 1634 801 Commissarium
1657 733 1963 815 juvaret;
2008 744 2219 799 notus
2262 736 2323 799 is
2366 734 2622 815 fuerat,
2666 745 3052 817 antequam

573 842 1014 908 'Societatem
1041 844 1552 923 ingrederetur,
1587 840 1912 921 Pro-regi
1940 841 2403 905 Catalauniae
2430 840 2472 920 ⁸,
2503 859 2709 923 quem
2734 842 3055 923 alloquu-

587 962 702 1016 tus
739 962 847 1016 est
887 953 1020 1017 sub
1047 951 1256 1015 finem
1301 951 1618 1029 aestatiS,
1667 959 1737 1013 et
1777 950 1870 1013 ad
1909 950 2481 1014 benevolentiam
2525 967 2705 1030 erga
2746 948 3055 1015 Societa-

587 1068 732 1123 tem
773 1077 934 1124 eum
975 1060 1206 1141 magis
1247 1059 1599 1122 adducere
1639 1056 1929 1135 studuit,
1984 1056 2314 1135 quamvis
2365 1056 2561 1136 prius
2602 1057 2790 1120 bono
2835 1056 3049 1121 etiam

585 1167 824 1231 animo
854 1176 1042 1231 esset
1069 1183 1242 1245 erga
1271 1174 1577 1241 nostros;
1611 1164 1756 1243 egit
1787 1180 1951 1226 cum
1979 1163 2229 1225 eodem
2258 1163 2345 1226 de
2382 1149 2797 1227 fundatione
2829 1163 3049 1228 Colle·

573 1274 687 1354 gii
715 1273 1340 1351 BarchinonensiS,
1374 1270 1499 1335 sed
1529 1269 1981 1334 existimabat
2024 1268 2339 1349 Pro-rex,
2380 1279 2458 1332 ut
2498 1270 2634 1333 hoc
2674 1269 2826 1333 fieri
2863 1288 3047 1334 com·

583 1381 864 1445 modius
892 1390 1154 1460 posset,
1189 1378 1669 1461 praesentiam
1701 1376 1776 1440 P.
1809 1376 2179 1439 Francisci
2206 1375 2518 1455 Borgiae
2548 1375 2759 1439 valde
2801 1393 3049 1457 oppor-

583 1496 827 1551 tunam
851 1487 1026 1552 fore:
1055 1506 1216 1551 cum
1239 1486 1426 1550 enim
1449 1484 1616 1549 olim
1633 1483 1782 1563 eJus
1798 1483 2243 1563 principatus
2263 1482 2727 1547 Catalauniae
2747 1482 3047 1547 Pro-rex

579 1594 850 1673 fuisset,
884 1595 957 1658 in
985 1610 1248 1673 magna
1279 1591 1738 1656 veneratione
1777 1591 1852 1653 in
1894 1608 1979 1653 eo
2025 1589 2441 1665 habebatur,
2485 1606 2701 1669 quam
2746 1599 3045 1653 auxerat

581 1702 946 1781 religionis
975 1700 1347 1783 professio,
1380 1708 1451 1763 et
1473 1715 1637 1761 cum
1659 1696 2187 1760 Barchinonam
2214 1696 2548 1773 venisset,
2576 1697 2857 1760 dicebat
2877 1694 3045 1761 Pro·

580 1826 710 1873 rex
751 1826 830 1873 se
871 1816 1476 1888 congregaturum
1515 1805 1866 1886 primores
1910 1804 2129 1881 urbiS,
2185 1815 2255 1867 et
2302 1820 2464 1868 cum
2509 1802 2865 1883 Episcopo
2910 1806 2934 1839 ⁸
2976 1814 3046 1867 et

581 1917 795 1993 clere,
828 1916 1036 1979 simul
1067 1932 1228 1978 cum
1256 1913 1393 1977 illis
1416 1929 1658 1975 coram
1698 1919 2028 1974 acturum
2052 1928 2208 1973 esse
2232 1910 2307 1974 P.
2338 1910 2805 1974 Franciscum
2828 1912 2915 1974 de
2940 1928 3045 1974 re-

576 2022 714 2085 ·bus
741 2020 1157 2099 SocietatiS,
1185 2030 1254 2083 et
1285 2020 1370 2083 de
1400 2018 1699 2081 utilitate
1729 2034 1913 2097 quae
1953 2034 2043 2081 ex
2084 2016 2403 2080 instituto
2444 2015 2763 2096 Collegio
2804 2016 2894 2080 ad
2937 2034 3045 2080 ur-

580 2129 744 2191 bem
775 2128 1006 2192 re'dire
1047 2136 1355 2208 poterat;
1391 2133 1461 2189 et
1499 2133 1787 2206 praeter
1824 2122 2236 2202 subsidium,
2286 2124 2472 2204 quod
2514 2123 2769 2187 civitas
2812 2133 2884 2188 et
2926 2125 3045 2188 alii

580 2235 846 2315 privati
875 2235 1191 2313 Collegio
1222 2232 1560 2312 erigendo
1591 2241 1661 2295 et
1698 2229 2009 2294 dotando
2061 2231 2499 2309 obtulissent,
2553 2232 2833 2295 dicebat
2878 2230 3042 2295 Pro·

581 2360 710 2405 rex
753 2361 829 2407 se
873 2343 1082 2407 simul
1125 2358 1285 2405 curn
1328 2340 1683 2420 Episcopo
1723 2348 1793 2402 et
1834 2339 2125 2402 civitate
2163 2338 2583 2419 Imperatori
2612 2340 3044 2420 scripturum

574 2465 770 2528 esse,
807 2459 874 2513 et
905 2450 1216 2527 gratiam
1245 2449 1334 2510 ab
1365 2466 1450 2511 eo
1481 2448 2001 2527 postulaturum
2031 2446 2303 2525 primae
2332 2447 2660 2510 vacantis
2689 2446 3041 2511 Abbatiae

581 2556 722 2620 illis
751 2557 825 2620 in
856 2557 1061 2636 locis,
1095 2554 1296 2635 cujus
1325 2554 1667 2647 reditibus
1697 2552 2093 2631 Collegium
2132 2552 2499 2618 dotaretur
2526 2552 2573 2617 ³.

702 2662 844 2726 764.
931 2663 1220 2727 Interim
1251 2670 1488 2725 autem
1526 2660 1603 2723 P.
1649 2660 1903 2723 Petrus
1940 2659 2358 2723 Domenech
2388 2660 2792 2740 Abbatiam‚
2828 2679 3043 2743 quam

570 2769 886 2833 habebat
909 2768 1144 2833 Villae
1175 2768 1534 2846 Beltrami,
1567 2775 1973 2848 permutare
2004 2784 2166 2829 cum
2202 2767 2359 2830 aliis
2398 2768 2907 2831 ecclesiasticis
2940 2786 3043 2832 re·

655 3011 676 3045 ¹
732 3010 810 3055 De
832 3011 889 3055 P.
912 3011 1067 3055 Petro
1087 3010 1343 3055 Tnblares
1362 3009 1438 3053 ait
1458 3008 1513 3051 P.
1532 3009 1778 3052 Ameana
1829 3006 2257 3051 Chronohistoria
2276 3007 2344 3051 de
2363 3006 2418 3051 la
2434 3006 2725 3053 Provincia
2745 3010 2811 3054 de
2835 3009 3039 3063 Tuledo,

571 3080 700 3127 Dec.
717 3092 752 3138 1,
774 3086 877 3127 ano
897 3083 940 3137 7,
961 3094 1077 3137 cap.
1100 3084 1138 3134 1.
1159 3080 1206 3137 g.
1227 3082 1270 3135 2,
1291 3091 1408 3124 enm
1439 3080 1596 3124 fuisse
1631 3088 1747 3123 cum
1777 3078 2094 3122 Societatem
2124 3078 2387 3133 Ingressus
2416 3084 2497 3123 est
2526 3078 2849 3125 “Sacerdote
2876 3091 2946 3137 yn
2974 3082 3037 3125 de

565 3153 738 3209 αἰπὰ,
758 3154 974 3198 nombre
1001 3153 1308 3209 agudisitno,
1331 3152 1576 3205 chistoso,
1597 3163 1632 3208 y
1654 3151 1718 3194 de
1737 3162 1804 3194 un
1839 3151 2050 3194 natural
2072 3156 2165 3193 tan
2192 3151 2427 3205 apacible
2459 3163 2495 3208 y
2516 3151 2781 3198 adornado
2803 3151 2865 3196 de
2895 3159 3043 3198 otras

573 3225 803 3279 prendas
819 3258 830 3278 ,
854 3237 950 3280 que
972 3236 1065 3270 era
1087 3236 1210 3281 mny
1229 3223 1442 3279 querldo
1464 3223 1526 3266 de
1557 3224 1633 3265 los
1665 3220 1935 3276 Principes
1962 3234 1997 3278 y
2018 3220 2519 3275 Grandes.„—P1ura
2550 3223 2713 3267 habet
2742 3222 2797 3268 P.
2820 3224 3036 3279 Cui-no,

578 3294 828 3341 Historia
847 3296 937 3340 del
958 3295 1164 3349 Cozegio
1181 3296 1249 3339 de
1267 3294 1476 3347 Alcala,
1493 3294 1583 3339 ub.
1604 3303 1640 3347 1,
1659 3304 1775 3347 cap.
1795 3292 1837 3337 9.

656 3369 680 3401 ²
733 3367 958 3421 jacobus
990 3366 1210 3421 (Jalme)
1237 3366 1488 3419 Candor,
1511 3366 1572 3409 de
1602 3375 1700 3419 quo
1731 3365 1850 3407 vide
1885 3363 2076 3408 Cartas
2096 3364 2164 3408 de
2188 3364 2297 3409 San
2318 3365 2556 3419 lgnacto,
2575 3372 2614 3410 t.
2648 3376 2694 3420 ι,
2726 3368 3039 3422 praesertim

573 3450 696 3494 pag.
717 3439 788 3493 26,
809 3445 986 3483 annot.
1011 3440 1052 3482 2.

654 3510 680 3543 ⁸
731 3510 835 3555 Pro
856 3510 1090 3564 collegio
1107 3508 1470 3554 Barchinonae
1490 3509 1803 3553 instituendo
1819 3508 2053 3552 instabat
2070 3508 2229 3552 etlam
2244 3506 2683 3555 Barchinonensis
2706 3510 3040 3557 Archldiaco-

565 3590 670 3623 *nuo
691 3579 870 3624 Dimas
889 3580 1096 3636 eampo.
1126 3581 1262 3625 “Con
1283 3582 1332 3625 el
1354 3580 1436 3624 Sr.
1459 3580 1754 3625 Arcediano
1777 3580 1968 3634 Campe
1988 3591 2044 3623 se
2066 3580 2136 3623 ha
2154 3580 2417 3634 platlcado
2438 3581 2500 3625 de
2526 3583 2749 3636 algnana
2768 3593 2919 3627 com
2940 3596 3037 3639 que

573 3656 726 3695 tocan
747 3653 780 3696 a
809 3653 861 3696 la
881 3652 1156 3697 fundacion
1177 3652 1240 3696 de
1271 3664 1340 3697 un
1361 3652 1572 3707 Colegio
1594 3662 1658 3695 en
1687 3662 1778 3695 esa
1807 3652 2022 3705 cindad,
2044 3651 2285 3696 instando
2317 3652 2367 3695 el
2396 3663 2589 3697 mesmo
2617 3666 2652 3710 y
2673 3653 2841 3698 dando
2872 3654 3039 3700 forma

570 3733 704 3777 para
723 3724 776 3767 1⁸
795 3724 1083 3769 sundacIon.
1103 3724 1236 3768 Pero
1256 3724 1318 3767 de
1339 3730 1469 3775 esto.
1491 3723 1694 3767 cnando
1715 3724 1764 3767 cl
1793 3723 1903 3768 alla
1926 3722 2071 3767 fuere
2089 3754 2100 3774 ,
2124 3722 2347 3767 habiat-3
2368 3727 2483 3768 mas
2512 3726 2681 3779 largo,
2701 3737 2737 3783 y
2756 3725 2935 3781 plenae
2962 3738 3041 3772 es·

571 3804 700 3847 pera
717 3794 772 3838 la
801 3796 1031 3849 primera
1049 3795 1442 3850 open-tunium„
1464 3794 1720 3838 Polaticus
1734 3828 1744 3847 ,
1769 3805 1836 3838 ex
1865 3806 2017 3843 com..
2037 3794 2181 3839 Patri
2202 3794 2389 3847 Joannl
2410 3794 2473 3840 de
2497 3796 2715 3848 Quen-alt
2731 3828 2743 3851 ,
2762 3796 2791 3841 8
2810 3796 3041 3843 Februa·

566 3864 638 3909 'tii
661 3864 946 3910 labae-“Va
984 3873 1122 3911 catos
1145 3867 1259 3911 dias
1290 3877 1422 3922 para
1443 3866 1656 3920 Espana
1677 3867 1724 3909 el
1746 3866 2043 3910 Arcediano
2078 3865 2260 3910 Diniae
2288 3864 2503 3921 campo,
2524 3868 2557 3911 a
2577 3868 2731 3922 quien
2761 3880 2830 3925 yo
2859 3874 3037 3914 conocl

567 3947 638 3980 en
656 3934 832 3990 Paris,
857 3937 1108 3992 discipulo
1127 3937 1212 3981 del
1243 3938 1440 3983 Doctor
1459 3937 1624 3982 Olave
1659 3948 1722 3981 en
1757 3939 1806 3981 el
1825 3948 1979 3982 curso
1999 3938 2063 3981 de
2083 3938 2245 3982 Artes
2273 3950 2308 3994 y
2328 3938 2492 3983 delos
2520 3942 2634 3983 man
2652 3938 2835 3985 doctos
2864 3952 2929 3985 en
2959 3944 3031 3986 el.

572 4006 806 4061 Despuez
826 4008 897 4052 ha.
916 4010 1104 4053 venldo
1125 4012 1156 4053 a
1177 4016 1292 4053 esta
1312 4008 1488 4058 Corte,
1506 4008 1569 4053 de
1589 4009 1756 4053 donde
1778 4009 1937 4063 lleva,
1960 4019 2105 4053 como
2124 4019 2263 4063 creo,
2284 4009 2372 4053 mu
2403 4010 2695 4063 quinlentoe
2713 4011 2943 4057 cluendo:
2972 4013 3036 4057 de

563 4083 726 4123 rent·
755 4092 790 4136 y
809 4090 913 4123 una
943 4080 1059 4124 idea
1086 4081 1149 4124 de
1183 4081 1343 4125 hacer
1376 4092 1441 4124 en
1459 4080 1750 4124 Barcelona
1779 4080 1965 4124 mucho
1996 4091 2090 4135 por
2120 4082 2171 4125 la
2194 4079 2505 4135 compania.
2526 4093 2720 4137 perque
2750 4084 2801 4127 el
2832 4084 3033 4129 estudlo

565 4150 790 4205 publico,
812 4163 908 4206 que
931 4162 1118 4205 parece
1140 4154 1254 4196 esta
1273 4164 1394 4210 muy
1415 4152 1682 4196 deotruldo
1704 4164 1764 4196 en
1796 4152 2005 4207 aquella
2024 4151 2234 4205 cludad,
2252 4152 2502 4207 pretende
2526 4155 2574 4197 el
2604 4166 2703 4209 qne
2730 4166 2787 4199 oe
2808 4155 2949 4212 haya
2970 4158 3033 4201 dc

566 4220 777 4266 reducit
800 4226 832 4266 a
851 4224 902 4267 la
923 4222 1207 4278 eompanra
1223 4257 1234 4277 ,
1255 4237 1291 4281 y
1311 4224 1543 4268 ofrecese
1572 4224 1620 4267 el
1651 4234 1848 4268 mesmo
1877 4235 1973 4279 por
1998 4225 2165 4269 lector
2193 4224 2257 4267 de
2286 4226 2482 4280 alcuna
2510 4227 2707 4271 lecclon
2726 4228 2789 4271 de
2808 4228 2970 4272 Artes
2996 4242 3031 4285 y

568 4292 631 4335 de
651 4298 798 4337 traer
818 4294 1046 4338 tambien
1074 4296 1232 4350 algua
1251 4296 1422 4350 amizo
1443 4306 1572 4350 para
1593 4306 1692 4350 qne
1723 4295 1864 4349 haga
1893 4294 1944 4339 lo
1974 4295 2173 4339 mismo.
2195 4295 2419 4349 Querrla
2438 4298 2667 4342 tmblen
2688 4299 2785 4343 dar
2812 4300 3033 4355 algunos

561 4363 845 4409 beneflcios
868 4377 966 4421 qne
988 4367 1122 4411 tiene
1152 4377 1283 4422 para
1304 4367 1508 4423 ayudar
1527 4367 1576 4411 el
1597 4368 1672 4411 tal
1695 4366 1909 4421 Colegio
1944 4380 1979 4424 y
1999 4367 2155 4411 dende
2184 4370 2338 4422 lnego
2366 4380 2423 4413 ee
2444 4368 2617 4414 ofrece
2635 4371 2698 4414 de
2720 4373 2798 4416 lon
2824 4381 2981 4428 suyos
3002 4376 3031 4416 ό

567 4435 631 4478 de
651 4446 740 4480 sua
760 4436 959 4492 amieos
979 4438 1040 4481 de
1063 4438 1158 4482 dar
1177 4439 1228 4482 lo
1247 4438 1516 4483 necesario
1535 4450 1667 4493 para
1687 4439 1798 4483 diez
1819 4442 1848 4483 6
1871 4440 1994 4483 doce
2016 4449 2267 4494 personas
2281 4440 2345 4483 de
2364 4441 2419 4485 la
2439 4440 2767 4497 Compulit„
2783 4440 2941 4498 Idem,
2964 4456 3030 4487 ex

567 4517 720 4560 com„
738 4507 884 4553 Patri
914 4506 1196 4554 Francisco
1216 4510 1279 4553 de
1311 4508 1496 4565 Boi-ja,
1517 4510 1570 4554 15
1589 4510 1710 4566 Mali
1741 4510 2055 4555 mim-Vide
2076 4512 2237 4556 etlam
2264 4512 2317 4556 ln
2348 4512 2539 4559 Carras
2561 4514 2629 4558 de
2654 4513 2765 4557 San
2790 4514 3029 4568 Ignacio,

563 4582 608 4621 t.
627 4588 702 4633 ιν,
719 4590 843 4634 pag.
866 4580 960 4633 17⁴.
983 4581 1256 4636 epistolam
1283 4592 1547 4627 eccctxxx
1563 4615 1574 4637 ‚
1596 4589 1648 4627 et
1667 4584 1894 4628 observa
1914 4584 1965 4627 in
1987 4582 2217 4637 Regesto
2236 4584 2415 4629 datam
2444 4584 2543 4630 dici
2564 4584 2715 4630 utro.
2738 4586 2912 4631 Pedro
2934 4588 3024 4633 Ca·

569 4660 706 4702 men,
723 4651 859 4705 quod
879 4652 1018 4697 verti
1047 4652 1236 4697 debere
1263 4653 1488 4708 videtur,
1509 4665 1610 4698 non
1634 4655 1843 4708 Gomeae,
1861 4656 1953 4699 sed
1976 4656 2147 4699 Cams.
2166 4654 2363 4701 Verum
2392 4657 2457 4700 de
2488 4656 2571 4701 his
2602 4658 2755 4711 plura
2784 4659 2835 4702 in
2866 4658 3019 4705 Nova

563 4718 721 4766 Sem
748 4722 1062 4767 litterarum
1084 4723 1274 4768 Sancti
1289 4724 1510 4778 Ignatii.
