3742 5392
1627 479 1756 539 An.
1801 480 1941 539 1554
2672 434 2675 438 ’
2927 473 3037 537 293

557 624 915 705 praesidia
963 627 1264 690 militum
1309 626 1938 713 hispanorum,‚ab
1986 625 2421 707 Imperatore
2468 624 2835 706 disposita,
2878 622 3032 704 ejus

555 750 776 813 opera
806 750 971 797 cum
1001 734 1350 814 spirituali
1379 733 1616 798 fructu
1643 734 1716 797 in
1745 733 1884 797 hac
1923 734 2474 813 quadragesima
2504 732 2614 797 usi
2642 732 2927 811 fuerint,
2960 743 3029 794 et

557 840 779 920 aliqui
807 841 1024 904 etiam
1052 843 1428 920 generales
1456 840 1942 905 confessiones
1973 841 2166 904 vitae
2195 841 2409 904 totius
2440 840 2628 920 apud
2657 855 2820 904 eum
2848 840 3030 903 fece·

557 958 746 1012 runt.
782 946 946 1012 Fuit
978 958 1214 1011 autern
1245 965 1510 1027 magna
1539 965 1704 1012 cum
1732 948 2081 1012 charitate
2105 957 2447 1028 exceptus
2471 964 2513 1010 a
2537 948 2752 1026 clero,
2785 959 2855 1010 et
2879 944 3029 1026 ejus

551 1054 792 1135 capite
822 1056 1230 1135 praecipue,
1273 1055 1394 1135 qui
1437 1071 1598 1119 eum
1635 1055 1947 1136 hospitio
1992 1055 2294 1135 excepit;
2341 1054 2466 1118 sed
2504 1062 2575 1117 et
2612 1052 2857 1117 Abbas
2896 1052 3022 1117 Le-

559 1162 829 1241 tiensiS‚
876 1162 966 1225 D.
1018 1161 1427 1226 Ludovicus
1470 1162 1770 1241 BlosiuS,
1813 1162 1934 1243 qui
1972 1179 2193 1243 prope
2232 1163 2388 1225 loca
2426 1178 2631 1225 suam
2667 1161 3027 1224 abbatiam

557 1268 870 1348 regebat,
905 1286 1170 1349 magna
1201 1286 1364 1333 cum
1393 1269 1746 1335 charitate
1778 1288 1939 1334 eum
1969 1268 2059 1331 ad
2088 1269 2599 1343 monasterium
2625 1284 2833 1332 suum
2863 1284 3023 1331 evo-

549 1385 794 1441 catum
824 1377 1104 1457 excepit
1137 1376 1178 1439 ¹.

673 1482 817 1547 626.
902 1483 1063 1546 Duo
1088 1492 1326 1548 autem
1349 1484 1469 1565 qui
1491 1494 1908 1548 manserunt
1938 1484 2267 1557 Lovanii,
2294 1500 2457 1547 cum
2472 1480 2856 1561 jubilaeum
2882 1482 3021 1561 ple-

553 1590 833 1653 narium
853 1590 1127 1655 ibidem
1157 1602 1343 1656 esset
1385 1594 1939 1673 promulgatum,
1985 1609 2029 1654 a
2058 1608 2331 1655 summo
2369 1607 2578 1654 mane
2614 1589 2689 1653 in
2726 1590 3021 1652 multam

549 1706 832 1761 noctem
861 1698 934 1761 in
963 1698 1524 1763 confessionibus
1547 1700 1876 1780 occupati
1904 1699 2218 1777 fuerunt,
2246 1715 2379 1761 nec
2400 1697 2609 1760 facile
2638 1693 2911 1761 fructus
2928 1714 3017 1758 ex

549 1803 654 1867 eis
681 1806 1114 1884 proveniens
1142 1806 1489 1886 explicari
1516 1813 1777 1886 posset.
1810 1806 2003 1869 Inter
2025 1805 2467 1886 poenitentes
2488 1813 2726 1867 autem
2754 1818 3017 1882 magna

545 1909 1002 1976 sacerdotum
1052 1921 1121 1976 et
1170 1912 1760 1976 scholasticorum
1816 1910 1949 1975 fuit
2001 1911 2403 1990 multitud0,
2465 1927 2764 1991 quorum
2820 1908 3018 1972 multi

547 2015 636 2079 de
663 2018 964 2097 collegio
1012 2018 1508 2099 theologorum
1564 2018 1587 2091 9
1645 2026 1882 2098 erant,
1941 2027 2012 2082 et
2074 2018 2179 2081 sic
2235 2018 2692 2099 profecerunt
2740 2034 2831 2080 ex
2873 2033 3013 2097 qiu)

547 2122 622 2185 P.
653 2123 972 2188 Adriano
1001 2123 1025 2155 ⁸
1054 2134 1440 2206 coeperunt
1462 2124 1804 2204 confiteri,
1831 2136 1909 2189 ut
1931 2126 2123 2189 vitae
2144 2142 2318 2189 suae
2340 2125 2665 2205 exemplo
2695 2123 3015 2203 religiosi

544 2247 839 2310 prorsus
867 2233 1300 2297 viderentur.
1333 2234 1484 2298 Hos
1514 2243 1753 2297 autem
1781 2233 2195 2298 sacerdotes
2223 2232 2300 2295 P.
2337 2230 2701 2296 Adrianus
2728 2249 2853 2313 per
2892 2248 3013 2293 va-

544 2337 692 2401 rias
720 2340 1060 2403 ecclesias
1089 2340 1181 2405 ad
1210 2340 1694 2405 confessiones
1736 2340 2127 2405 audiendas
2158 2340 2538 2420 disposuit,
2572 2349 2649 2403 ut
2689 2338 3014 2420 spiritum

545 2443 868 2523 Domini,
923 2463 1132 2527 quem
1178 2448 1597 2526 hauserant,
1645 2448 1718 2511 in
1757 2448 1935 2511 alios
1984 2446 2482 2511 transfundere
2530 2446 2924 2510 niterentur
2962 2442 3009 2507 ⁴.

545 2551 808 2616 Laicus
831 2562 1069 2617 autem
1091 2556 1413 2635 populuS,
1441 2555 1560 2635 qui
1583 2572 1624 2617 a
1649 2554 1916 2618 nostris
1936 2554 2219 2635 adjutus
2240 2554 2493 2631 fuerat,
2513 2554 2619 2617 sic
2641 2553 2728 2617 de
2749 2552 3015 2616 nostris

523 2660 894 2724 -sentiebat
921 2671 992 2725 et
1021 2679 1106 2725 eo
1146 2660 1416 2726 honore
1465 2661 1846 2742 afficiebat,
1892 2670 1969 2726 ut
2019 2661 2315 2742 puderet
2357 2669 2643 2725 nostros
2686 2677 2849 2723 cum
2886 2677 3014 2740 per

545 2766 704 2831 vias
724 2767 1043 2849 publicas
1073 2769 1503 2834 incederent.
1537 2768 1841 2849 Quidam
1878 2778 2117 2833 autem
2146 2786 2237 2833 ex
2265 2768 2784 2850 poenitentibus
2813 2775 2937 2832 aut
2968 2784 3011 2828 a

543 2874 762 2954 longo
789 2884 1140 2955 tempore,
1172 2883 1296 2939 aut
1324 2892 1714 2957 numquam
1758 2876 1970 2954 bene,
2014 2875 2323 2939 confessi
2371 2875 2686 2953 fuerant,
2720 2874 2842 2954 qui
2872 2874 3009 2938 hoc

542 2981 910 3060 spirituale
932 2981 1434 3047 detrimentum
1445 3001 1574 3064 per
1595 2984 1971 3063 generales
1987 2982 2470 3047 confessiones
2492 2983 3005 3046 instaurarunt.

661 3088 806 3151 627.
891 3088 1259 3169 Quaedam
1305 3090 1685 3171 religiosae
1733 3090 2116 3167 foeminae,
2171 3090 2557 3169 instigante
2595 3090 2911 3168 diabolo,
2943 3098 3013 3152 et

541 3202 808 3260 statum
869 3206 938 3260 et
999 3198 1518 3278 professionem
1576 3198 1975 3278 relinquere
2030 3207 2461 3262 statuerant:
2512 3196 2647 3260 hae
2699 3214 2861 3260 cum
2920 3196 3013 3260 ad

541 3312 830 3367 nostros
857 3306 1358 3385 accessissent,
1392 3315 1469 3369 ut
1497 3306 1571 3369 vi
1593 3303 1884 3385 jubilaei
1913 3324 1956 3369 a
1986 3306 2177 3369 votis
2208 3305 2355 3370 suis
2384 3304 2856 3375 solverentur.
2881 3320 3011 3384 per

541 3410 1009 3475 confessionis
1037 3422 1565 3477 sacramentum
1596 3411 1912 3493 adjutae,
1946 3422 2016 3476 et
2046 3412 2413 3477 daemonis
2440 3411 2764 3475 fallacias
2795 3427 3013 3490 agno-

543 3525 835 3597 verunt,
870 3528 938 3582 et
968 3520 1060 3583 ad
1089 3520 1199 3584 sui
1247 3520 1728 3599 cognitionem
1769 3518 2143 3598 reductae,
2188 3536 2351 3583 cum
2388 3518 2671 3584 fervore
2720 3517 3015 3598 spiritus

539 3639 753 3687 suum
800 3624 1212 3705 religiosum
1257 3625 1656 3690 institutum
1715 3626 2047 3707 amplecti
2097 3636 2167 3689 et
2223 3626 2557 3707 prosequi
2604 3626 3006 3689 voluerunt.

541 3732 910 3811 Quaedam
949 3734 1162 3797 etiam
1201 3734 1571 3815 religiosa,
1619 3751 1802 3814 quae
1845 3734 2027 3799 mira
2057 3735 2367 3815 quadam
2404 3734 2597 3797 vitae
2636 3731 3011 3812 singulari-

543 3849 690 3903 tate
717 3857 848 3921 pro
876 3851 1126 3905 sancta
1155 3842 1573 3918 habebatur,
1608 3851 1676 3905 et
1701 3851 1943 3907 tamen
1964 3843 2094 3907 sub
2117 3842 2254 3906 hac
2277 3842 2515 3922 specie
2537 3838 3011 3906 execrabilem

535 3954 610 4009 et
639 3946 797 4009 aliis
839 3948 1314 4028 perniciosam
1342 3948 1566 4013 vitam
1603 3949 1921 4029 tegebat,
1964 3948 2207 4013 divino
2236 3949 2521 4029 spiritu,
2552 3957 2630 4011 ut
2671 3946 3005 4025 creditur,

541 4064 764 4134 mota,
817 4056 1146 4135 quamvis
1176 4073 1350 4120 casu
1401 4058 1740 4137 quodam,
1774 4057 1837 4120 si
1880 4055 2033 4138 ejus
2076 4056 2488 4120 deliberatio
2516 4063 2903 4136 spectetur,
2937 4056 3009 4118 in

539 4170 826 4225 nostros
854 4162 1201 4242 incidenS,
1232 4162 1390 4227 Deo
1421 4164 1808 4244 adJuvante
1826 4214 1841 4243 ,
1874 4164 1949 4227 in
1980 4182 2139 4228 eam
2169 4163 2663 4228 contritionem
2686 4170 3007 4243 peccato·

623 4444 638 4475 ¹
700 4440 778 4486 Cf.
801 4442 1043 4486 Litterae
1063 4442 1522 4496 Quadrtmestres,
1545 4450 1583 4487 t.
1607 4456 1658 4495 11,
1679 4454 1800 4498 pag.
1820 4444 1915 4487 594.

620 4514 644 4545 ⁸
697 4514 832 4558 Vide
853 4526 1028 4569 snpra,
1049 4524 1168 4569 pag.
1190 4514 1284 4561 290.
1303 4527 1352 4559 n.
1372 4516 1468 4569 621,
1491 4522 1666 4559 11111101.
1689 4516 1728 4567 1,
1751 4518 1862 4567 1(v).

621 4586 644 4619 ⁸
701 4587 1097 4631 Adrlaenssens.

621 4662 642 4693 ⁴
697 4658 907 4704 Plenius
934 4660 1064 4703 haec
1095 4659 1378 4713 meliusque
1410 4660 1696 4713 intelliges,
1720 4661 1762 4703 si
1799 4661 2009 4704 litteras
2031 4661 2249 4705 Arnoldl
2272 4659 2427 4703 Hezei
2447 4692 2457 4711 ,
2490 4658 2711 4703 Lovanli
2745 4658 2800 4703 23
2820 4658 2989 4714 Aprili

535 4732 710 4787 datas,
733 4733 972 4776 consulas
993 4731 1044 4775 in
1066 4729 1310 4775 Litterae
1333 4730 1787 4783 Quadrtmestrcs,
1811 4738 1847 4775 t.
1874 4742 1935 4780 11.
1954 4742 2073 4786 pag.
2094 4732 2291 4776 592597.

463 4884 492 4903 ἱ
