3742 5392
744 458 847 517 130
1662 454 1918 517 Cflnou.
1961 456 2114 516 Soc.
2157 458 2296 531 Jsss.

740 614 877 681 ret,
909 604 1029 684 qui
1060 605 1271 667 matri
1300 621 1501 679 suae,
1539 621 1757 683 opera
1788 603 2010 683 ipsius
2039 604 2416 683 indigenti,
2443 622 2534 669 ex
2563 604 2866 669 artificio
2897 606 3205 687 quodam

738 728 825 773 ac
855 711 1097 773 labore
1146 727 1275 773 suo
1304 711 1683 774 subvenire
1714 710 1962 773 solitus
1992 719 2179 787 erat,
2215 728 2304 773 ne
2347 711 2744 774 sublevatio
2777 712 2953 775 haec
2998 713 3208 775 matri

738 818 1015 880 deesset
1033 866 1047 894 ,
1108 816 1183 879 P.
1244 816 1511 880 Caesar
1564 834 1725 880 eum
1775 834 1918 880 non
1969 816 2417 897 admittebat;
2473 817 2598 881 sed
2645 819 3206 882 commendanda

740 923 949 985 valde
980 923 1228 987 matris
1258 941 1431 987 vera
1461 924 1691 1002 pietas
1728 924 1800 985 in
1837 923 2056 986 filium
2107 922 2271 1001 fuit,
2324 942 2538 1004 quae,
2583 942 2742 989 cum
2783 925 3205 1006 intelligeret

740 1032 813 1093 in
853 1032 1171 1109 periculo
1216 1031 1567 1110 spirituali
1596 1030 1811 1093 filium
1851 1031 2158 1107 versari,
2205 1032 2579 1094 utilitatem
2617 1050 2820 1095 suam
2859 1043 3204 1113 tempora-

739 1140 909 1217 lem,
967 1138 1181 1201 immo
1232 1150 1301 1199 et
1355 1138 1849 1201 necessitatem
1869 1187 1883 1213 ,
1937 1137 2088 1217 ejus
2138 1137 2484 1217 spirituali
2523 1140 2734 1201 saluti
2771 1140 3200 1219 posthabuit,

736 1254 807 1307 et
836 1256 911 1307 ut
936 1244 1120 1307 filius
1143 1244 1297 1307 Deo
1324 1245 1701 1308 inserviret
1728 1254 1794 1307 et
1818 1246 2131 1325 pericula
2153 1257 2615 1324 peccatorum
2639 1246 2962 1321 evitaret,
2991 1247 3204 1310 insta-

744 1351 865 1414 bat
912 1352 1211 1430 ipsamet
1250 1363 1477 1415 mater
1508 1350 1656 1413 fere
1694 1350 2004 1431 quotidie
2045 1362 2117 1414 ut
2155 1351 2338 1416 filius
2376 1351 2900 1428 admitteretur;
2935 1361 3001 1416 et
3043 1371 3206 1417 cum

746 1458 1067 1539 corporis
1098 1458 1405 1521 adversa
1439 1456 1840 1521 valetudine
1869 1458 2254 1535 laboraret,
2289 1458 2606 1523 decrevit
2635 1470 2861 1523 mater
2891 1460 2962 1523 in
2993 1477 3204 1523 xeno·

740 1566 1075 1629 dochium
1129 1564 1217 1627 ad
1270 1568 1570 1629 salutem
1615 1565 2178 1646 recuperandam
2219 1584 2298 1628 se
2328 1565 2650 1629 conferre
2669 1614 2683 1643 ,
2731 1577 2799 1629 et
2850 1566 3101 1629 deinde
3131 1569 3202 1630 in

736 1673 989 1735 eodem
1019 1672 1556 1751 aegrotantibus
1586 1672 1935 1735 inservire
1966 1688 2054 1733 ne
2084 1671 2204 1734 filii
2237 1672 2427 1751 pium
2457 1672 2884 1736 desiderium
2917 1674 3202 1755 impedi-

740 1790 967 1851 1·etur;
1006 1790 1073 1841 et
1102 1790 1249 1841 tam
1280 1778 1518 1841 multis
1547 1779 1892 1857 lacrymis
1917 1777 1989 1840 id
2020 1779 2407 1858 postulavit
2437 1789 2513 1841 ut
2543 1778 2666 1842 filii
2698 1780 3200 1844 admissionem

736 1885 1139 1949 obtinuerit.

852 1993 994 2055 261.
1082 1992 1421 2073 Superius
1454 1990 1468 2020 ¹
1512 2002 1749 2055 actum
1802 2002 1911 2054 est
1956 1992 2041 2054 de
2093 1990 2167 2053 Ρ.
2221 1988 2530 2055 Simonis
2581 1990 2916 2057 Roderici
2960 1995 3194 2071 rebuS,

731 2099 934 2179 cujus
965 2099 1274 2170 animus,
1308 2107 1683 2180 postquam
1722 2099 1852 2162 sub
1892 2097 2288 2162 obedientia
2333 2108 2582 2163 sancta
2623 2101 3032 2182 conquievit
3057 2150 3071 2179 ,
3107 2101 3198 2164 ad

730 2206 1069 2270 Sanctum
1136 2204 1601 2286 Sepulchrum
1672 2204 2398 2285 Hierosolymitanum
2443 2207 2935 2286 {invisendum,
2989 2220 3199 2289 prout

730 2330 893 2375 cum
927 2314 1084 2376 aliis
1114 2313 1361 2392 primis
1390 2313 1603 2376 sociis
1632 2329 1821 2375 anno
1860 2312 2014 2375 1537
2043 2310 2362 2375 facturus
2391 2322 2576 2393 erat,
2609 2311 3042 2393 [facultatem
3065 2316 3198 2378 sibi

729 2420 883 2483 fieri
915 2420 1299 2501 postulavit
1330 2418 1423 2501 et]
1448 2419 1655 2482 facile
1687 2438 1727 2481 a
1759 2417 1835 2482 P.
1868 2418 2148 2499 Ignatio
2179 2437 2338 2483 eam
2367 2419 2776 2483 facultatem
2809 2438 2969 2485 cum
2999 2423 3196 2485 socio

730 2536 798 2590 et
832 2528 1098 2590 viatico
1130 2526 1537 2606 impetravit
1562 2525 1606 2585 ².
1640 2526 1818 2590 Cum
1848 2538 2086 2589 autem
2115 2543 2199 2589 eo
2231 2535 2546 2606 tempore
2575 2525 2922 2591 Dominus
2945 2526 3196 2591 Petrus

728 2634 815 2697 de
862 2634 1149 2711 Zarate,
1204 2633 1404 2695 miles
1455 2631 1580 2696 Sti.
1642 2630 2049 2713 Sepulchri,
2113 2632 2770 2698 confraternitatem
2813 2634 3193 2715 quamdam

728 2741 1097 2804 sublimem
1128 2740 1280 2803 fieri
1308 2755 1570 2819 magno
1594 2738 1824 2801 studio
1847 2748 2132 2802 curaret
2149 2788 2164 2819 ,
2195 2739 2310 2802 cui
2333 2738 2660 2804 Summus
2683 2738 3008 2804 Pontifex
3032 2759 3193 2804 cum

726 2849 1015 2929 optimis
1043 2847 1437 2927 quibusque
1469 2843 1673 2909 Sacri
1705 2845 2006 2925 Collegii
2030 2845 2528 2909 cardinalibus
2547 2864 2805 2910 nornen
2839 2846 3063 2926 daret,
3089 2849 3192 2912 lit-

724 2965 915 3019 teras
941 2955 1393 3034 Apostolicas
1422 2954 1835 3033 expedierat
1859 2951 1906 3030 ⁸,
1939 2954 2192 3034 quibus
2215 2953 2394 3017 haec
2419 2954 3192 3020 Archiconfraternitas

724 3062 1254 3139 instituebatur,
1298 3058 1499 3138 cujus
1546 3075 1803 3140 scopus
1844 3058 1935 3121 ad
1973 3060 2506 3124 venerationem
2549 3059 2676 3124 Sti.
2729 3042 2916 3125 illius
2952 3060 3192 3144 Sepul-

725 3168 911 3247 chri,
946 3179 1045 3245 et,
1080 3178 1429 3247 quatenus
1457 3166 1609 3229 fieri
1639 3176 1911 3246 posset,
1956 3164 2047 3228 ad
2090 3168 2702 3247 recuperationem
2742 3177 2976 3233 terrae
3015 3166 3190 3233 San-

723 3287 883 3339 ctae
916 3286 983 3337 et
1012 3273 1397 3338 infidelium
1425 3272 2028 3354 oppugnationem
2057 3272 2422 3349 tendebat;
2466 3290 2636 3337 nam
2677 3277 2948 3339 litteras
2977 3276 3190 3339 etiam

721 3382 1183 3461 Apostolicas
1210 3380 1283 3443 in
1312 3380 1544 3443 forma
1582 3380 1820 3443 brevis
1859 3378 2282 3457 obtinuerat,
2325 3396 2487 3443 cum
2519 3379 2769 3459 quibus
2817 3381 2910 3445 ad
2944 3399 3190 3445 omnes

718 3489 1075 3569 principes
1103 3487 1532 3550 christianos
1554 3504 1633 3548 se
1662 3485 1813 3566 ipse
1844 3484 2168 3549 conferre
2198 3485 2618 3549 decreverat
2635 3536 2649 3565 ,
2671 3495 2746 3550 ut
2772 3487 3002 3552 eidem
3027 3506 3187 3551 con·

720 3594 1148 3659 fraternitati
1176 3610 1335 3655 sese
1364 3591 1832 3673 adjungerent
1864 3588 1908 3654 ⁴.
1945 3591 2133 3654 Inter
2156 3591 2296 3654 alia
2327 3609 2523 3669 vern,
2556 3610 2740 3673 quae
2768 3594 2907 3657 illis
2935 3594 3187 3659 litteris

799 3764 815 3796 ¹
876 3762 1023 3805 Num.
1040 3762 1083 3815 6,
1107 3772 1223 3815 pag.
1246 3762 1287 3805 7.

798 3836 823 3867 ἱ
877 3834 981 3877 “Lo
998 3833 1067 3877 39
1086 3844 1183 3887 que
1204 3833 1265 3876 de
1288 3834 1367 3877 las
1387 3844 1536 3877 cosas
1556 3832 1617 3875 de
1636 3830 1803 3875 Roma
1822 3832 1930 3888 hay
1947 3842 2043 3886 que
2060 3832 2249 3876 scrivir
2271 3842 2327 3876 es
2347 3842 2444 3887 que
2465 3833 2514 3876 el
2535 3831 2589 3875 Ρ.
2607 3830 2757 3877 Mtro.
2771 3831 2943 3877 Simon
2962 3836 3186 3878 manans

714 3918 811 3951 con
835 3908 885 3951 la
905 3905 1078 3962 syndo,
1092 3905 1154 3948 de
1172 3904 1297 3948 Dios
1316 3914 1371 3947 se
1392 3912 1543 3958 parte
1564 3914 1687 3960 may
1707 3910 1952 3947 contento
1971 3914 2102 3957 para
2124 3902 2464 3955 Hierusalem.
2481 3904 2725 3948 [levando
2745 3915 2838 3960 por
2858 3908 3185 3961 comparit-ro.

714 3991 813 4034 que
834 3980 881 4021 le
902 3978 1061 4027 six-va,
1080 3979 1113 4020 a
1134 3976 1438 4029 Sebastian,
1462 3976 1617 4030 aquei
1639 3977 1894 4019 mancebo
1917 3976 2286 4030 guipuzconno.
2303 3986 2400 4030 que
2421 3976 2598 4019 servia
2619 3978 2652 4019 a
2672 3974 2834 4020 Pedro
2855 3976 2918 4020 de
2939 3976 3128 4021 Zarntc
3150 3990 3184 4034 y

712 4060 768 4095 es
800 4061 921 4105 may
942 4050 1109 4092 buena
1139 4058 1278 4091 cosa.
1302 4046 1571 4091 Hemosles
1592 4048 1785 4091 habido
1806 4047 1868 4090 de
1893 4048 2082 4091 buscar
2101 4048 2148 4089 el
2175 4048 2385 4101 viatico,
2407 4058 2502 4091 con
2524 4048 2648 4092 toda
2679 4048 2731 4091 la
2751 4049 2972 4104 pobreza
2993 4048 3055 4092 de
3077 4050 3182 4101 aes.

709 4133 809 4177 que
830 4124 952 4165 sera
974 4132 1067 4175 por
1090 4121 1142 4164 10
1163 4130 1339 4163 menos
1360 4118 1440 4162 140
1468 4118 1508 4171 v
1530 4118 1775 4170 <escudos
1792 4116 1825 4175 {-
1849 4117 1975 4161 Dios
1995 4118 2056 4162 N.
2079 4117 2133 4161 S.
2153 4120 2200 4161 le
2222 4118 2284 4161 de
2307 4119 2488 4173 gracia
2508 4118 2570 4161 de
2600 4128 2686 4162 ser
2706 4130 2828 4176 muy
2847 4120 3104 4175 participe
3123 4120 3184 4163 de

708 4195 790 4237 los
818 4194 1078 4237 minei-ios
1100 4202 1197 4247 que
1232 4202 1296 4234 cn
1317 4191 1551 4245 aquellos
1578 4196 1759 4233 santos
1788 4191 2002 4243 lugeres
2021 4191 2147 4233 ουκ-ό
2181 4202 2309 4245 para
2341 4191 2392 4233 la
2415 4190 2563 4234 salud
2588 4190 2650 4233 de
2679 4198 2920 4234 nuestras
2941 4192 3183 4243 animas...

708 4265 991 4315 Polaticus.
1025 4274 1090 4306 ex
1122 4275 1271 4314 com.,
1310 4262 1450 4305 Patri
1484 4262 1749 4315 Alphonso
1782 4262 2082 4315 salmeron,
2099 4262 2128 4305 3
2153 4261 2288 4315 Junii
2311 4262 2430 4307 1554.
2447 4261 2854 4307 —Sebastianus
2877 4262 2986 4318 hic,
3009 4262 3185 4308 Patris

708 4336 932 4381 Simonis
952 4336 1139 4387 socius,
1162 4346 1261 4378 non
1282 4340 1398 4377 erat
1420 4332 1481 4377 de
1504 4332 1767 4377 Societnte
1788 4332 2006 4385 (litteris
2027 4334 2092 4377 ad
2113 4333 2169 4380 P.
2185 4332 2464 4379 Caesarem
2488 4332 2658 4379 Helm!
2675 4334 2814 4379 datis
2828 4334 2854 4379 4
2875 4334 3047 4388 jutum
3065 4342 3183 4378 erat

708 4416 881 4452 tamen
904 4410 1093 4451 saltem
1115 4406 1336 4450 clericus
1352 4439 1362 4457 ,
1380 4404 1464 4458 qul
1487 4404 1553 4447 ad
1574 4404 1898 4449 recitandum
1913 4405 2130 4450 officium
2151 4408 2430 4450 tenebatur
2449 4406 2660 4459 (litteris
2681 4407 2746 4450 ad
2765 4406 3022 4451 Simonem
3043 4406 3182 4449 datis

704 4482 732 4522 9
752 4480 927 4533 junii).
954 4478 1085 4522 Vide
1112 4478 1304 4521 cartas
1325 4477 1391 4519 de
1412 4476 1522 4519 San
1542 4475 1779 4529 lgnacto,
1802 4483 1840 4519 t.
1862 4487 1935 4527 iv,
1958 4488 2076 4531 pag.
2097 4476 2190 4521 190.

794 4553 817 4584 ³
874 4550 1085 4595 Rectius
1104 4549 1324 4593 sortasse
1348 4548 1742 4601 impetraverat
1769 4546 2018 4601 (Zarate).

784 4628 807 4657 ⁴
862 4622 957 4666 Die
980 4624 1007 4665 2
1026 4620 1327 4665 Decembris
1356 4620 1643 4673 scribebat,
1668 4630 1733 4662 ex
1754 4632 1903 4673 com.,
1927 4620 2080 4663 Petro
2103 4620 2164 4662 de
2185 4620 2378 4664 Zarate
2400 4620 2654 4664 Polaticus
2675 4630 2730 4663 ut
2752 4621 2880 4663 bene
2901 4621 3180 4675 inspiceret

702 4708 769 4742 nn
804 4694 1130 4751 procuranda
1164 4692 1301 4747 apud
1334 4691 1635 4735 saeculares
1666 4690 1930 4745 Principes
1959 4690 2091 4734 soret
2130 4692 2389 4747 exemptio
2427 4702 2458 4735 ι
2493 4690 2798 4745 quibusdam
2831 4693 3178 4747 vectigalibus
