3742 5392
759 478 873 539 5OE
1674 483 1932 545 Cnnox.
1973 481 2128 542 Soc,
2169 482 2311 555 Jns.

762 642 895 705 pus
924 627 989 689 ei
1020 638 1448 707 superesset;
1480 638 1549 691 et
1578 646 1825 692 omnes
1854 630 2232 709 stupebant
2254 627 2408 709 eJus
2430 628 2920 703 humilitatem,
2945 638 3016 691 et
3035 628 3226 708 quod

766 749 1063 811 prorsus
1086 734 1343 799 oblitus
1374 734 1735 799 videretur
1765 746 1996 799 status
2023 736 2306 815 prioris,
2336 753 2470 799 nec
2500 735 2642 799 alia
2672 734 2760 797 de
2782 752 2860 798 re
2889 734 3225 815 quodam-

764 840 977 903 modo
1022 858 1255 905 sermo
1303 838 1479 919 eran
1526 852 1596 906 et
1644 860 1808 906 cum
1836 844 1909 906 in
1939 843 2240 906 ecclesia
2285 852 2530 906 nostra
2566 842 3090 906 Marchionissa
3137 842 3232 904 de

767 946 1136 1027 Mondejar
1168 946 1184 978 ¹
1216 959 1285 1011 et
1316 948 1697 1013 Comitissa
1748 951 1835 1014 de
1885 949 2210 1013 Miranda
2241 948 2265 979 ²
2306 958 2374 1013 et
2413 948 2500 1012 de
2540 949 2984 1029 Monteregio
3014 947 3038 979 ²
3066 966 3226 1012 eum

764 1054 1131 1131 adiissent,
1185 1056 1429 1119 ultima
1472 1057 1650 1119 haec
1691 1057 1757 1119 ei
1799 1058 2017 1120 etiam
2057 1055 2388 1121 consessa
2427 1066 2560 1129 est3
2605 1068 2676 1119 et
2717 1073 2880 1119 cum
2915 1055 3232 1120 Sanctis·

769 1162 1027 1226 simum
1058 1160 1597 1227 Sacramentum
1628 1163 1720 1226 ab
1748 1182 1830 1226 eo
1861 1164 2220 1242 acciperet
2248 1172 2318 1226 et
2346 1163 2638 1226 brevem
2661 1162 3228 1226 exhortationem

769 1269 937 1332 dum
965 1266 1506 1333 Sacramentum
1554 1278 1827 1333 teneret
1878 1271 1950 1332 in
1989 1270 2316 1333 manibus
2357 1270 2445 1333 ab
2489 1287 2574 1332 eo
2603 1268 3015 1345 audivisset,
3050 1269 3230 1333 mira

772 1382 937 1439 cu‘m
960 1376 1502 1455 compunctione
1520 1425 1534 1454 ,
1560 1376 1904 1457 lacrymis
1931 1384 2002 1437 et
2029 1375 2412 1454 gemitibus
2443 1392 2527 1439 ea
2561 1376 3135 1452 communicavit,
3161 1386 3234 1437 et

772 1499 937 1546 cum
968 1482 1580 1546 circumstantium
1607 1498 1871 1561 magna
1903 1481 2417 1547 aedificatione.

895 1588 1071 1653 1251.
1160 1590 1479 1668 Urgebat
1521 1589 1915 1670 Episcopus
1955 1587 2360 1653 Placentiae
2397 1590 2474 1653 P.
2515 1590 2980 1654 Franciscum
3019 1600 3093 1652 ut
3138 1591 3230 1652 ad

766 1714 972 1761 suam
1001 1697 1363 1760 civitatem
1394 1697 1634 1760 statim
1670 1696 1980 1761 mitteret
2022 1699 2346 1779 lectoreS,
2389 1696 2876 1761 fundationem
2919 1714 3006 1761 ac
3033 1696 3232 1761 dota-

775 1805 1043 1867 tionem
1095 1804 1464 1884 egregiam
1498 1805 1951 1884 promittenS,
1993 1813 2205 1884 prout
2245 1804 2620 1885 praestitit;
2665 1815 2735 1867 et
2783 1804 3106 1885 promisit
3145 1804 3228 1868 P.

770 1912 1203 1975 Franciscus
1229 1928 1315 1973 eo
1346 1930 1422 1974 se
1450 1920 1851 1975 venturum:
1887 1912 2255 1992 praemisit
2284 1923 2521 1975 tamen
2553 1910 2628 1975 P.
2655 1910 3121 1975 Franciscum
3143 1912 3232 1973 de

772 2018 1157 2082 Villanova
1203 2034 1365 2080 cum
1408 2017 1825 2097 quibusdam
1865 2036 1956 2080 ex
1996 2020 2262 2082 nostris
2291 2028 2366 2081 ut
2405 2035 2520 2081 res
2549 2019 3000 2081 necessarias
3027 2019 3234 2081 colle·

778 2125 900 2204 gio
931 2134 1416 2205 praepararet.

898 2230 1071 2295 1252.
1159 2230 1655 2295 postulaverat
1709 2233 1796 2295 ab
1838 2233 2398 2313 Archiepiscopo
2443 2232 2790 2295 Toletano
2839 2241 3234 2311 perempto·

772 2340 954 2401 rium
986 2336 1011 2367 ⁴
1039 2337 1418 2419 quoddam,
1472 2336 1660 2418 quod
1699 2340 2088 2419 capitulum
2126 2339 2472 2403 ecclesiae
2517 2338 3038 2419 Complutensis
3079 2338 3234 2401 sine

774 2445 997 2525 ipsius
1026 2462 1376 2509 consensu
1406 2445 1579 2508 dare
1601 2463 1745 2508 non
1774 2456 2078 2526 poterat,
2111 2455 2180 2508 et
2207 2454 2586 2526 pergratas
2615 2445 2887 2509 litteras
2915 2442 3232 2524 ejusdem

770 2553 848 2616 P.
890 2552 1263 2615 Francisci
1312 2570 1387 2615 se
1429 2552 1762 2615 habuisse
1805 2552 2415 2632 Archiepiscopus
2457 2552 2845 2632 respondit,
2879 2562 2949 2614 et
2993 2552 3230 2615 statim

770 2660 864 2723 ad
896 2676 1099 2722 suum
1127 2658 1501 2723 Vicariurn
1531 2657 1556 2691 ⁸
1584 2659 1868 2739 scripsit
1892 2668 1969 2721 ut
1998 2659 2417 2739 quibusdam
2447 2658 2534 2721 de
2564 2660 2776 2722 rebus
2807 2659 2899 2723 ad
2922 2677 2997 2721 se
3019 2657 3234 2721 refer-

782 2776 913 2845 ret,
947 2777 1021 2830 ut
1050 2776 1291 2847 posset
1318 2764 1396 2827 P.
1428 2764 1817 2829 Francisco
1848 2766 2124 2844 plenius
2165 2765 2634 2845 respondere:
2679 2766 3099 2829 hortabatur
3137 2775 3240 2828 ta·

776 2890 936 2937 men
980 2874 1211 2953 ipsum
1246 2883 1322 2935 ut
1364 2872 1605 2953 potius
1641 2872 2120 2936 eremitorium
2164 2871 2543 2952 quoddam,
2576 2872 2763 2952 quod
2795 2874 2860 2935 ei
2889 2870 3236 2934 offerebat

778 3236 887 3277 rra,
906 3224 1249 3269 comendador
1278 3226 1341 3267 de
1362 3222 1559 3278 Segora
1592 3236 1627 3279 y
1646 3230 1789 3269 trece
1826 3225 1888 3267 de
1922 3224 1976 3267 la
1999 3223 2156 3266 orden
2192 3224 2256 3267 de
2291 3222 2560 3277 Santiato.
2597 3222 2864 3273 constitere
2893 3222 2957 3267 de
2987 3222 3184 3267 Estndo
3207 3234 3244 3277 y

778 3296 986 3341 Guerra
1012 3296 1097 3339 del
1116 3294 1229 3351 Rey
1248 3296 1363 3339 Don
1380 3294 1560 3350 Felipe
1582 3293 1649 3348 11,
1670 3305 1803 3349 grau
1833 3295 2010 3339 valido
2031 3295 2093 3338 de
2124 3301 2234 3337 ente
2255 3293 2514 3350 Princlpe,
2534 3294 2750 3349 capitan
2770 3294 2832 3336 de
2853 3305 2916 3337 su
2943 3294 3145 3348 guarda
3165 3304 3244 3336 es-

778 3370 987 3425 passola,
1008 3379 1067 3411 su
1088 3368 1468 3422 grentnhombre
1490 3368 1552 3410 de
1586 3370 1799 3411 camara
1818 3380 1855 3423 y
1874 3378 1934 3410 su
1969 3367 2270 3420 embajador
2302 3369 2334 3409 a
2361 3365 2682 3419 Inclaterrxu
2706 3366 2912 3410 taliceio
2933 3377 2996 3409 en
3015 3367 3066 3409 el
3083 3364 3246 3409 Esco-

770 3440 873 3483 rial
894 3443 927 3482 a
946 3438 975 3481 7
994 3438 1057 3482 de
1078 3436 1363 3482 Setlembre
1386 3438 1446 3482 de
1471 3437 1619 3491 1575...
1642 3437 1861 3488 Euneos,
1885 3437 1919 3479 1.
1949 3446 2012 3489 c.,
2035 3442 2073 3479 t.
2105 3446 2182 3485 m,
2213 3446 2334 3489 pag.
2359 3434 2652 3489 13.-Hujus
2671 3436 2882 3489 saepius
2901 3434 3096 3479 mentio
3111 3433 3166 3479 fit
3193 3437 3245 3478 in

772 3510 1024 3555 Historia
1046 3508 1333 3553 societatis
1352 3507 1539 3563 fietque
1570 3509 1621 3553 ln
1651 3510 1748 3551 hoc
1772 3508 2042 3559 Chronico,
2064 3507 2374 3561 praesertim
2407 3518 2524 3550 cum
2557 3506 2620 3549 de
2659 3508 2815 3550 rebus
2833 3506 3244 3550 Lovaniensibus

772 3587 981 3636 agetur.

850 3656 865 3687 ¹
930 3653 1079 3698 Dona
1098 3652 1267 3697 Maria
1288 3652 1351 3695 de
1375 3650 1637 3697 Mendoza,
1658 3651 1768 3705 hija
1799 3650 1861 3693 de
1884 3650 1998 3694 Don
2019 3650 2167 3705 migro
2189 3650 2362 3703 Lopez
2384 3652 2446 3693 de
2467 3650 2734 3701 mendoza.
2763 3658 2946 3695 cuarto
2973 3650 3140 3706 daque
3161 3646 3246 3692 del

770 3725 1055 3771 Insantado
1074 3738 1109 3781 y
1130 3725 1191 3768 de
1212 3724 1363 3769 Dona
1382 3722 1552 3767 Iube!
1572 3724 1633 3767 de
1657 3722 1890 3776 Aragom
1912 3722 2107 3765 casada
2129 3733 2222 3766 con
2245 3720 2358 3766 Don
2379 3722 2526 3777 Inigo
2547 3721 2722 3777 Lopez
2743 3724 2805 3765 de
2824 3721 3092 3775 Mendozn,
3109 3732 3248 3766 mar·

768 3808 896 3851 ques
917 3797 980 3841 de
1002 3795 1286 3851 Mondejar,
1308 3796 1467 3839 conde
1489 3795 1551 3837 de
1574 3794 1827 3837 Tendilla.
1854 3794 2076 3847 BURGOS,
2101 3795 2139 3836 1.
2168 3806 2228 3847 c.,
2257 3799 2293 3837 t.
2315 3804 2389 3843 m,
2413 3806 2538 3847 pag.
2563 3793 2645 3838 293
2665 3800 2716 3837 et
2736 3795 2832 3837 294.

849 3872 873 3902 ²
929 3868 1105 3913 “Dona
1126 3868 1289 3913 Maria
1310 3868 1373 3911 de
1398 3868 1572 3912 Bazan
1593 3880 1629 3924 y
1650 3867 1823 3917 Ulloa,
1845 3867 1954 3922 hija
1977 3878 2013 3922 y
2031 3866 2288 3909 hex-edera
2319 3866 2382 3910 de
2411 3866 2526 3910 Don
2557 3866 2728 3911 Pedro
2761 3868 2823 3910 de
2845 3866 3022 3911 Banu
3041 3879 3078 3922 y
3095 3865 3246 3910 Dona

773 3942 943 3995 Juana
964 3943 1024 3985 de
1048 3941 1218 3993 Ulloa,
1239 3942 1451 3985 senates
1469 3940 1532 3983 de
1555 3941 1606 3984 la
1636 3938 1857 3991 Baneza,
1881 3938 2158 4006 vizcondes
2179 3939 2242 3981 de
2265 3940 2343 3983 los
2363 3938 2606 3984 Palacioe
2623 3938 2687 3983 de
2705 3938 3030 3993 Valduerna,
3049 3939 3248 3983 enada

780 4026 879 4059 con
900 4012 1015 4058 Don
1038 4012 1322 4057 Francisco
1342 4012 1405 4056 de
1426 4012 1632 4066 zuniga
1664 4024 1698 4067 y
1721 4010 2066 4063 Avellaneda,
2104 4016 2289 4054 cuarto
2321 4011 2484 4055 conde
2513 4011 2575 4055 de
2608 4009 2862 4065 Minucia,
2894 4015 3020 4063 etc...
3041 4009 3248 4053 Euneos

778 4088 910 4141 l.-e.,
931 4093 970 4130 t.
992 4096 1064 4139 ιν,
1084 4094 1205 4140 pag.
1230 4084 1323 4127 125.

848 4158 874 4191 ⁸
935 4158 1087 4203 Dona
1106 4156 1223 4200 Ines
1242 4158 1305 4199 de
1326 4155 1552 4200 Velnsco
1572 4168 1609 4213 y
1628 4156 1819 4205 Tovar,
1853 4155 1964 4209 hij:
1995 4153 2058 4197 de
2087 4154 2202 4199 Don
2223 4153 2356 4207 Juan
2387 4154 2450 4197 de
2471 4154 2696 4199 Velasco
2727 4166 2761 4209 y
2794 4154 3250 4209 Toni-,marques

774 4230 840 4274 de
860 4228 1125 4284 Berlanga
1144 4242 1179 4285 y
1200 4228 1261 4271 de
1283 4227 1431 4272 Dona
1450 4226 1617 4279 Juaua
1638 4226 1898 4281 Euriquez
1917 4226 1980 4270 de
2001 4226 2214 4280 Rivera,
2245 4236 2306 4269 su
2334 4226 2518 4281 muJ'er3
2549 4226 2746 4270 casada
2767 4237 2862 4269 con
2881 4224 2999 4270 Don
3030 4225 3250 4271 Geroni-

782 4302 920 4347 nimo
939 4302 1001 4346 de
1026 4302 1262 4345 Acebedo
1281 4298 1479 4353 zumga
1500 4312 1534 4356 y
1555 4300 1710 4343 Ulloa
1728 4300 1808 4351 (de
1844 4309 1946 4353 quo
1978 4298 2187 4352 saepius
2221 4299 2272 4341 in
2306 4300 2404 4342 hoc
2443 4297 2731 4351 Chronico),
2771 4304 2955 4342 cuarto
2989 4297 3150 4343 conde
3183 4299 3250 4340 de

776 4372 1093 4429 Montercy.„
1114 4372 1337 4427 Euneos,
1358 4372 1393 4416 1.
1415 4382 1478 4425 c.,
1500 4379 1539 4416 t.
1562 4382 1635 4424 w,
1657 4382 1777 4424 pag.
1800 4371 1896 4414 197.

850 4448 875 4479 ⁴
929 4445 1365 4500 peremptorium
1382 4452 1433 4486 et
1454 4445 1823 4499 peremptoria
1856 4442 2048 4487 dicitur
2078 4441 2303 4485 edictum
2335 4452 2426 4486 neu
2461 4442 2778 4491 mandatum,
2807 4454 2906 4497 quo
2940 4440 3254 4497 praefigitur

779 4520 895 4563 dies
921 4529 1011 4561 neu
1044 4518 1309 4569 terminus,
1334 4516 1385 4559 in
1407 4526 1506 4569 quo
1527 4515 1723 4568 aliquid
1746 4514 1856 4557 fieri
1877 4520 1968 4557 aut
1989 4513 2185 4558 factum
2217 4524 2328 4557 esse
2359 4514 2585 4568 debebit,
2615 4515 2692 4558 ita
2719 4521 2778 4559 ut
2805 4515 2949 4558 ultra
2977 4524 3094 4558 eum
3113 4512 3250 4556 diem

772 4602 871 4641 seu
892 4590 1168 4633 terminum
1190 4588 1237 4631 id
1260 4586 1371 4630 fieri
1393 4598 1493 4629 non
1512 4586 1685 4629 liceat.
1706 4586 1836 4637 Quid
1856 4593 2032 4630 autem
2063 4587 2160 4629 hoc
2179 4592 2336 4637 esset,
2365 4586 2512 4640 cujus
2539 4596 2702 4629 causa
2731 4586 3128 4641 Archiepiscopi
3151 4584 3248 4628 To—

778 4664 795 4705 1
812 4662 953 4705 etani
970 4660 1349 4715 peremptorias
1368 4660 1577 4702 litteras
1596 4660 1810 4712 petebat
1830 4657 1890 4700 P.
1919 4656 2232 4701 Franciscus
2251 4655 2462 4712 Bor-gia.
2481 4656 2762 4701 nescimus.

858 4734 884 4765 ὃ
938 4732 1177 4786 Intellige
1200 4731 1273 4774 ad
1294 4742 1453 4773 suum
1486 4732 1545 4773 in
1566 4728 1811 4773 Ecclesia
1832 4728 2199 4785 complutensi
2227 4728 2520 4773 Vitorium.
