3742 5392
1617 491 1748 551 ΑΝ.
1792 491 1935 550 1554
2900 491 3011 550 337

541 640 914 703 addixerat
951 638 1002 702 ¹:
1035 640 1288 702 tertius
1317 650 1555 703 autem
1586 640 1658 703 in
1687 639 2223 703 humanioribus
2250 638 2507 702 litteris
2542 637 2999 716 exercitatuS,

541 746 958 809 dialecticae
989 747 1205 810 dabat
1237 762 1550 827 operam.
1584 747 1693 809 Ex
1727 746 1966 809 multis
1996 747 2153 810 aliis
2174 794 2189 825 ,
2222 746 2440 827 quiin
2460 761 2848 827 progressu
2885 744 3007 808 hu-

535 853 650 933 Jus
679 855 849 917 anni
879 870 1100 933 usque
1131 854 1222 917 ad
1251 863 1689 918 antummum
1721 853 1793 917 in
1823 852 2251 918 Societatem
2280 870 2357 916 se
2388 852 2663 917 admitti
2702 854 3007 932 postula-

541 962 740 1037 bant,
775 979 863 1024 ne
893 961 968 1023 in
995 961 1296 1040 singulis
1326 962 1663 1025 immorer
1683 1009 1698 1039 ,
1731 960 1981 1025 decem
2008 960 2085 1023 P.
2118 960 2439 1041 Baptista
2478 961 2755 1039 selegit.

662 1068 804 1131 715.
891 1068 1018 1131 Est
1067 1068 1259 1132 enirn
1306 1067 1760 1132 Universitas
1807 1068 1931 1131 illa
1978 1068 2364 1131 Valentina
2406 1068 2583 1130 satis
2624 1066 3005 1131 fecundum

543 1176 1034 1252 seminarium,
1069 1192 1231 1239 cum
1260 1174 1459 1238 multi
1489 1192 1578 1237 ex
1607 1176 1833 1239 variis
1874 1174 2264 1255 provinciis
2300 1174 2709 1238 scholastici
2747 1175 3007 1238 studio-

544 1300 704 1346 rum
735 1283 972 1362 gratia
1002 1281 1095 1346 ad
1122 1299 1284 1346 eam
1312 1298 1388 1344 se
1431 1282 1802 1345 conferant
1832 1282 1856 1313 ⁸
1884 1299 1899 1359 ;
1946 1292 2015 1345 et
2057 1299 2222 1345 cum
2260 1281 2676 1345 scholastici
2725 1283 3007 1360 collegii

547 1390 774 1453 nostri
801 1389 1146 1469 quasdam
1179 1389 1639 1467 assertioneS,
1673 1406 1856 1468 quae
1886 1388 2084 1468 prius
2110 1387 2185 1451 in
2224 1387 2526 1468 publicis
2563 1388 2827 1452 scholis
2865 1388 3006 1451 affi-

543 1497 930 1577 gebantur,
965 1494 1422 1559 defenderent
1463 1496 1684 1571 (inter
1733 1496 1866 1559 hos
1903 1495 2166 1558 Lucius
2204 1494 2503 1558 Crucius
2544 1494 2632 1557 de
2670 1503 2818 1558 tota
2864 1496 3004 1558 dia·

546 1604 800 1667 lectica
848 1602 1260 1666 Aristotelis
1307 1611 1377 1665 et
1426 1619 1518 1665 ex
1567 1601 1989 1683 quibusdam
2037 1601 2234 1665 libris
2279 1601 2773 1682 physicorum,
2828 1619 3007 1681 quos

548 1710 904 1788 audierat,
935 1726 1062 1789 per
1092 1708 1278 1772 diem
1305 1708 1664 1787 integrum
1692 1708 2213 1789 propositiones
2244 1707 2611 1787 defendit),
2646 1709 2848 1771 multi
2886 1725 3006 1773 ex·

546 1818 731 1881 terni
760 1816 1187 1897 disputaturi
1218 1814 1685 1893 accedebant,
1719 1816 2167 1895 maximeque
2196 1815 2501 1896 probare
2541 1832 2619 1878 se
2664 1816 2859 1879 illam
2899 1817 3005 1879 lit-

549 1933 868 1987 terarum
894 1923 1480 1987 exercitationem
1507 1922 1751 1985 verbis
1789 1930 1858 1985 et
1902 1921 2060 1985 aliis
2102 1922 2327 2000 signis
2370 1921 2857 1985 ostendebant.
2900 1921 3009 1985 De

549 2031 762 2094 rebus
790 2031 1008 2094 etiam
1037 2029 1522 2110 spiritualibus
1551 2046 1714 2092 cum
1743 2029 2007 2092 nostris
2038 2030 2552 2109 colloquenteS,
2587 2029 2708 2092 alii
2746 2029 2837 2093 ad
2875 2029 3008 2093 fre-

551 2149 888 2217 quentem
929 2146 1544 2200 sacramentorum
1585 2153 1794 2199 usum
1833 2136 2105 2199 inducti
2144 2145 2340 2214 sunt,
2390 2135 2511 2199 alii
2554 2135 2645 2199 ad
2687 2146 3007 2200 nostram

554 2244 1015 2322 Societatem,
1059 2243 1180 2306 alii
1219 2243 1311 2305 ad
1352 2242 1530 2306 alias
1579 2243 1962 2321 religiones
2010 2242 2453 2323 aspirabant:
2506 2252 2721 2307 aucto
2770 2254 3012 2308 autem

555 2362 963 2414 nostrorum
1027 2367 1323 2413 numero
1357 2398 1372 2428 ,
1441 2366 1603 2413 cum
1667 2349 1918 2413 crebro
1984 2350 2509 2413 communicare
2575 2350 3007 2430 viderentur,

555 2475 802 2521 eorum
829 2459 1230 2537 exemplum
1259 2458 1458 2520 multi
1486 2455 1780 2521 studiosi
1810 2455 2307 2537 sequebantur.

669 2564 812 2628 716.
897 2564 1282 2645 Postquam
1311 2564 1441 2627 sub
1471 2575 1887 2628 autumnum
1918 2563 1992 2626 P.
2028 2562 2303 2627 Natalis
2334 2562 2670 2629 Valentia
2700 2582 3009 2629 recesse-

557 2683 702 2750 rat,
735 2672 1114 2751 quemdam
1142 2671 1543 2750 theologiae
1581 2672 2091 2734 scholasticum
2133 2681 2201 2733 et
2246 2679 2391 2733 tres
2433 2670 2613 2734 alios
2656 2672 2729 2735 in
2769 2673 3011 2736 huma-

550 2778 869 2843 nioribus
897 2778 1152 2841 litteris
1181 2786 1512 2841 versatos
1541 2795 1627 2841 ac
1657 2777 1844 2840 bono
1873 2777 2161 2857 ingenio
2191 2778 2551 2857 praeditos
2580 2778 2899 2858 admisit,
2932 2792 3009 2843 ut

553 2886 784 2949 minus
814 2884 1094 2949 difficile
1121 2884 1331 2947 fuerit
1359 2884 1774 2949 satisfacere
1804 2885 2157 2948 desiderio
2188 2883 2262 2947 P.
2306 2884 2727 2965 Hieronymi
2758 2884 3013 2949 Dome-

548 3094 668 3137 dres
688 3091 890 3145 Capina
909 3101 942 3135 8
961 3090 1125 3134 Roma
1140 3122 1150 3137 .
1173 3101 1204 3143 y
1226 3101 1292 3133 en
1310 3092 1414 3133 ella.
1434 3091 1551 3146 leyo
1583 3090 1676 3133 dos
1703 3091 1832 3133 aiios
1852 3088 2140 3143 ‘theologia
2168 3102 2202 3145 y
2224 3096 2349 3133 tuvo
2370 3100 2531 3144 cargo
2551 3090 2615 3134 de
2644 3092 2722 3134 108
2748 3090 3010 3147 Novicios,

549 3176 647 3219 que
682 3168 908 3207 estavan
943 3174 1006 3205 en
1028 3162 1076 3205 el
1099 3160 1310 3225 Colegio
1331 3160 1564 3204 Romano
1583 3173 1618 3214 γ
1641 3161 1724 3205 fue
1757 3160 2022 3216 ayndante
2055 3172 2118 3203 en
2147 3162 2196 3204 el
2223 3160 2508 3205 Noviciado
2538 3162 2599 3205 do
2620 3160 2672 3205 S.
2693 3163 2901 3207 Andres
2928 3164 3013 3209 del

445 3259 452 3263 ·
549 3236 603 3279 Ρ.
624 3234 831 3279 Μιιιιιιει
849 3232 945 3287 Sa,
967 3244 1065 3288 que
1085 3243 1178 3276 era
1197 3234 1247 3276 el
1267 3232 1494 3277 Maestro
1514 3233 1578 3276 de
1611 3234 1690 3275 los
1721 3231 1993 3286 Novicios;
2014 3243 2208 3287 porque
2237 3241 2481 3277 entonces
2513 3242 2735 3278 estavan
2754 3234 3013 3281 dividldos

547 3320 610 3351 en
632 3313 775 3351 estas
794 3307 887 3350 dos
907 3314 1088 3360 partes
1097 3317 1112 3359 ;
1133 3318 1168 3362 y
1189 3307 1242 3349 81
1261 3307 1391 3349 cabo
1411 3304 1644 3359 gozando
1666 3304 1729 3347 de
1757 3306 1811 3348 18
1832 3304 2052 3349 licencia
2073 3316 2171 3358 que
2201 3305 2279 3348 los
2308 3303 2491 3349 Samos
2526 3305 2802 3351 Pontifices
2834 3308 3013 3352 dieron

548 3382 581 3424 8
601 3381 680 3423 los
707 3384 971 3430 nuestros,
993 3388 1050 3421 se
1081 3381 1208 3432 pasc
1227 3386 1260 3420 8
1289 3377 1344 3420 18
1364 3374 1599 3421 Ο8τωκι
1616 3409 1626 3429 ,
1647 3389 1684 3432 y
1703 3376 1925 3429 despues
1944 3376 2065 3420 vino
2094 3388 2127 3420 8
2156 3376 2317 3420 moriz·
2340 3376 2611 3439 obispo-de
2633 3378 2815 3433 Urgel,
2836 3380 3017 3424 avien-

547 3452 710 3495 donos
732 3450 958 3494 fundado
978 3450 1132 3503 aquei
1153 3448 1410 3501 eclogia„

629 3524 644 3557 ¹
706 3522 761 3565 P.
781 3521 1008 3575 joannes
1027 3519 1176 3575 Rojel
1195 3520 1432 3563 “natural
1453 3520 1514 3562 de
1538 3518 1824 3573 Pamplona
1839 3552 1850 3573 ,
1874 3531 1989 3575 que.
2010 3522 2189 3565 alendo
2212 3522 2497 3566 licenclado
2516 3534 2580 3565 en
2600 3523 2765 3566 Artes
2784 3534 2817 3577 y
2840 3522 3015 3567 bachi-

551 3596 648 3639 ller
668 3606 732 3638 en
763 3594 1017 3637 medicina
1034 3626 1044 3645 ,
1067 3593 1226 3636 habia
1245 3592 1358 3635 sido
1385 3591 1613 3635 recibldo
1634 3603 1696 3635 en
1729 3594 1777 3635 el
1802 3590 2010 3645 Colegio
2032 3592 2093 3636 de
2114 3592 2369 3638 valencia
2390 3606 2451 3638 en
2485 3595 2533 3637 el
2564 3604 2671 3637 mes
2697 3594 2761 3639 de
2780 3594 2933 3639 Abx-il
2954 3596 3015 3638 de

550 3667 670 3720 1554,
692 3680 724 3722 y
747 3669 846 3723 oyo
867 3666 919 3709 18
939 3666 1169 3719 teologia
1189 3675 1252 3708 en
1271 3664 1320 3707 el
1342 3662 1554 3717 Colegio
1573 3664 1637 3707 de
1658 3662 1911 3717 Gaudia.„
1928 3666 2195 3718 Atvxnssz,
2214 3664 2461 3710 Historia
2482 3666 2549 3709 de
2567 3668 2623 3710 la
2642 3666 2929 3711 Provincia
2950 3667 3019 3711 de

549 3739 766 3793 Aragon
787 3738 854 3781 de
875 3738 928 3780 la
953 3735 1245 3789 Campania
1267 3736 1334 3779 de
1355 3735 1538 3791 Jesus,
1560 3743 1598 3779 t.
1619 3747 1653 3788 1,
1675 3747 1791 3790 cap.
1811 3737 1938 3780 ⁴6.--
1952 3735 2093 3781 Obiit
2126 3738 2176 3780 in
2208 3740 2335 3781 urbe
2370 3738 2655 3792 Veracruae,
2676 3740 2823 3793 regni
2856 3738 3017 3783 Mexi-

547 3810 668 3855 cani
689 3811 741 3853 19
757 3810 983 3863 januarii
1002 3807 1122 3861 1620,
1143 3808 1338 3852 aetatis
1356 3818 1482 3851 suae
1503 3808 1836 3862 nonagesimo
1851 3809 2094 3853 secundo.
2106 3808 2421 3861 FLonancu.
2436 3810 2729 3864 Menologio
2742 3812 2809 3856 de
2822 3810 3017 3855 Naeva

555 3881 800 3937 Espaaa.

630 3954 654 3985 ¹
707 3952 751 3997 N
756 3964 822 3997 on
839 3954 1006 3996 solum
1035 3962 1248 3997 numero
1267 3950 1702 3995 scholasticorum
1719 3951 1811 3994 sed
1831 3953 1993 3996 etiam
2022 3954 2217 4007 pietate
2236 3953 2458 3998 florebat
2490 3965 2552 3998 eo
2574 3959 2805 4009 tempore
2839 3966 3021 3999 reeens

548 4025 792 4071 instituta
810 4023 954 4075 (1500)
971 4022 1302 4067 Unlversitae
1320 4020 1616 4067 Valentina-
1631 4024 1727 4066 “Al
1743 4026 1899 4067 τινες
1914 4023 1977 4067 de
1998 4026 2046 4067 lo
2068 4036 2164 4079 que
2178 4026 2391 4069 sucedia
2404 4038 2467 4069 en
2488 4024 2801 4071 Salamanca
2820 4039 2853 4082 y
2868 4027 3022 4080 luego

549 4109 616 4142 en
636 4096 844 4146 Alcala.
859 4106 923 4138 en
941 4094 1210 4147 valencia,
1228 4095 1414 4148 pueblo
1433 4094 1656 4148 slempre
1675 4106 1795 4147 mur
1815 4096 2048 4149 piadoso,
2064 4108 2121 4139 se
2141 4098 2325 4141 celaba
2344 4098 2528 4142 mueho
2544 4108 2640 4153 por
2660 4098 2713 4142 18
2730 4098 3019 4142 moralidad

551 4170 614 4213 de
649 4170 728 4213 los
759 4166 1103 4219 estudlantes,
1137 4177 1203 4209 no
1241 4166 1645 4210 contentandose
1683 4177 1780 4211 con
1813 4168 2217 4212 constituciones
2250 4169 2477 4213 tedricus
2490 4201 2501 4222 ,
2523 4170 2635 4213 sino
2668 4169 2935 4223 vigilando
2968 4172 3022 4213 18

551 4241 810 4285 conducta
828 4238 892 4282 de
913 4239 990 4282 los
1017 4238 1364 4289 estudlantes,
1383 4248 1511 4291 pero
1529 4238 1612 4282 sin
1631 4239 2053 4293 exageraciones.
2075 4238 2183 4284 Las
2200 4242 2533 4285 comuniones
2552 4252 2680 4285 eran
2710 4243 3021 4291 mensuales.

551 4326 584 4369 y
605 4314 685 4357 los
701 4310 1057 4356 catedraticos
1077 4312 1255 4355 tenlan
1275 4321 1372 4365 que
1393 4310 1491 4354 dar
1511 4311 1746 4365 ejemplo.

633 4382 764 4439 „Los
784 4382 1053 4439 ejercicios
1082 4392 1214 4436 para
1234 4382 1284 4425 el
1303 4380 1602 4425 Doctorado
1632 4393 1688 4425 se
1721 4383 1911 4427 hacian
1932 4394 1997 4427 en
2028 4386 2082 4427 18
2102 4384 2293 4439 ο8ρ1118
2314 4385 2375 4428 de
2405 4385 2460 4428 18
2487 4384 2837 4429 Universldad
2854 4417 2865 4437 ,
2886 4395 3021 4439 cuya

553 4457 739 4502 titulat
759 4466 852 4499 era
873 4454 1098 4497 Nuestra
1121 4453 1321 4497 Senot-a
1341 4454 1404 4497 de
1425 4454 1477 4497 18
1499 4453 1790 4508 Sapiencia.

633 4526 740 4582 „La
760 4526 1110 4571 Universidad
1131 4526 1374 4569 continuo
1395 4537 1459 4569 en
1492 4532 1601 4569 este
1622 4526 1820 4580 estatio,
1839 4538 2045 4581 aunque
2066 4538 2163 4571 con
2192 4538 2351 4581 pocos
2380 4539 2647 4581 reem-sos,
2668 4528 2823 4572 hasta
2844 4528 2893 4570 el
2922 4530 3026 4570 8ῆο

553 4602 616 4645 de
640 4600 758 4651 1585,
779 4610 844 4643 en
864 4610 962 4652 que
983 4598 1182 4653 mejero
1203 4599 1387 4642 mucho
1408 4598 1470 4641 de
1492 4604 1704 4651 aspecto
1725 4600 1894 4642 conia
1914 4600 2155 4643 creacion
2175 4600 2237 4643 de
2259 4602 2338 4644 las
2356 4602 2641 4655 pavordias
2659 4632 2671 4653 ,
2692 4609 2853 4653 segun
2875 4610 3027 4642 vere-

555 4683 664 4717 mos
684 4673 796 4715 mas
815 4670 1105 4722 adeunte...
1136 4668 1368 4713 chssure
1397 4680 1464 4712 nn
1493 4680 1559 4712 LA
1579 4668 1812 4722 Fusius,
1835 4668 2083 4714 Historia
2104 4673 2171 4716 de
2200 4673 2287 4717 las
2317 4672 2757 4723 Universidadae,
2790 4671 3027 4724 Colegios

553 4756 586 4797 y
605 4743 797 4787 demas
814 4742 1309 4785 establectmieneos
1327 4741 1394 4785 de
1420 4742 1730 4785 enset‘lanua
1754 4754 1820 4785 en
1841 4742 2087 4796 Esparfa,
2108 4750 2144 4788 t.
2166 4754 2221 4799 u,
2243 4755 2358 4800 cap.
2380 4757 2449 4798 rx,
2472 4756 2593 4801 pag.
2613 4744 2683 4789 57.

773 4828 848 4886 T.
881 4846 961 4887 iv.
2670 4850 2738 4890 22
