3742 5392
1137 1234 1275 1316 DE
1331 1233 1901 1316 PROVINCIA
1960 1233 2785 1318 PORTUGALLIAE

1789 1564 1882 1608 Ac
1926 1563 2135 1610 PRmo

1259 1831 1387 1896 DE
1428 1830 1901 1896 COLLEGIO
1946 1831 2661 1898 CONIMBRICENSI

849 2251 1026 2319 1046.
1113 2252 1321 2316 Initio
1364 2251 1576 2332 huJus
1606 2253 1775 2316 anni
1802 2252 2081 2316 Domus
2109 2252 2561 2319 Probationis
2586 2252 3195 2318 conimbricensis

699 2339 1263 2442 ‘quatuordecim
1287 2361 1398 2424 vel
1421 2359 1826 2440 quindecim
1848 2359 2294 2425 habitatores
2316 2361 2649 2440 habebat,
2675 2361 2796 2442 qui
2818 2377 2981 2424 eam
3003 2359 3195 2424 vitae

723 2468 1073 2532 rationem
1103 2467 1472 2546 tenebant,
1508 2483 1692 2548 quae
1719 2468 1936 2547 paulo
1976 2476 2143 2531 ante
2172 2485 2217 2530 a
2246 2466 2323 2532 P.
2368 2467 2607 2532 Natali
2644 2468 2894 2533 relicta
2932 2467 3189 2531 suerat:

719 2576 971 2640 diebus
998 2575 1374 2639 dominicis
1405 2574 1497 2637 ad
1527 2590 1905 2639 commune
1933 2575 2389 2640 refectorium
2417 2592 2582 2639 cum
2622 2575 2779 2640 aliis
2810 2575 3192 2654 collegiali-

724 2683 858 2747 bus
884 2683 1300 2761 veniebant,
1331 2691 1404 2746 et
1446 2698 1696 2745 eorum
1733 2699 1918 2746 unus
1946 2680 2206 2746 ibidem
2246 2682 2846 2761 concionabatur3
2886 2681 2960 2746 in
2990 2682 3189 2746 mini-

719 2790 959 2854 steriis
987 2789 1399 2854 domesticis
1428 2788 1728 2869 Collegii
1765 2789 1985 2869 aliqui
2027 2790 2559 2869 occupabantur
2592 2786 2711 2870 [et]
2742 2788 2813 2852 in
2843 2789 3183 2853 exercita·

719 2897 1032 2961 tionibus
1059 2896 1276 2960 statui
1305 2913 1436 2960 suo
1466 2895 2056 2959 convenientibus
2084 2896 2264 2959 bene
2293 2896 2779 2976 procedebant
2811 2894 2855 2960 ¹.

845 3003 1024 3069 1047.
1110 3001 1370 3067 Primis
1399 3011 1639 3066 autem
1665 3011 1972 3082 quatuor
2001 3002 2368 3067 mensibus
2396 3000 2605 3081 huius
2626 3004 2797 3068 anni
2818 3019 2945 3066 sex
2968 3005 3040 3066 in
3064 3001 3184 3066 So-

718 3111 1052 3175 cietatem
1077 3110 1373 3174 admissi
1401 3119 1588 3186 sunt,
1624 3109 1744 3190 qui
1770 3110 2094 3173 instituto
2124 3107 2505 3175 Societatis
2533 3110 2709 3174 satis
2736 3110 2973 3174 idonei
3002 3109 3196 3174 vide-

721 3218 979 3282 bantur
1006 3225 1051 3282 ¹.
1085 3217 1436 3282 Omnibus
1454 3227 1695 3281 autem
1718 3233 1881 3282 cum
1903 3217 1976 3280 in
1998 3217 2231 3298 prima
2254 3217 2677 3297 probatione
2699 3227 3188 3292 versarentur,

712 3325 1049 3390 examina
1076 3334 1148 3388 et
1176 3325 1360 3388 aliae
1401 3325 1858 3405 probationes
1885 3374 1900 3404 ,
1934 3341 2118 3405 quae
2142 3323 2347 3405 juxta
2378 3324 2688 3389 Instituti
2718 3323 2942 3388 nostri
2979 3324 3201 3387 ratio-

716 3449 881 3497 nem
910 3432 1209 3513 proponi
1237 3431 1496 3495 debere
1537 3449 1582 3494 a
1617 3429 1696 3494 P.
1731 3429 1970 3496 Natali
2011 3431 2547 3511 intellexerunt,
2590 3431 3193 3512 proponebantur.

717 3539 806 3604 Et
834 3539 1014 3602 haec
1044 3539 1405 3602 distinctio
1433 3538 1709 3618 primae
1736 3548 1808 3602 et
1839 3538 2199 3602 secundae
2239 3537 2683 3618 probationis
2710 3556 2753 3602 a
2784 3535 2941 3601 Deo
2982 3537 3198 3617 inspi-

716 3654 876 3710 rata
907 3644 1126 3710 fuisse
1156 3664 1199 3709 a
1229 3645 1305 3709 P.
1339 3645 1623 3724 Ignatio
1652 3644 2102 3724 credebatur,
2136 3662 2307 3708 nam
2335 3644 2412 3708 P.
2444 3645 2623 3724 Le0,
2657 3644 2918 3710 Rector
2950 3642 3014 3724 ⁸,
3050 3661 3198 3708 ma·

719 3752 896 3816 ximi
923 3769 1082 3816 eam
1111 3753 1448 3816 momenti
1489 3760 1559 3816 et
1588 3751 1915 3815 utilitatis
1953 3769 2111 3816 esse
2141 3751 2608 3832 deprehendi,
2642 3752 2798 3832 ipsa
2828 3752 3198 3832 experien-

718 3859 818 3922 tia
848 3858 1144 3922 docente
1162 3907 1177 3938 ,
1211 3866 1552 3935 testatur;
1583 3875 1752 3922 nam
1783 3859 1903 3939 qui
1926 3858 2283 3923 sinceram
2312 3876 2355 3922 a
2384 3858 2543 3922 Deo
2565 3859 3019 3922 vocationem
3047 3875 3193 3920 non

717 3965 1073 4030 habebant
1093 4013 1108 4044 ,
1143 3965 1282 4029 illis
1309 3965 1562 4046 paucis
1592 3965 1842 4029 diebus
1868 3963 2079 4029 facile
2122 3965 2780 4046 cognoscebantur3
2822 3973 2891 4028 et
2923 3965 3025 4029 ita
3051 3963 3193 4029 duo

718 4074 834 4136 vel
884 4081 1029 4136 tres
1077 4090 1169 4136 ex
1213 4070 1543 4136 admissis
1591 4071 1754 4135 inde
1803 4081 2285 4147 recesserant,
2333 4073 2571 4135 nullus
2612 4083 2853 4135 autem
2904 4089 2993 4134 ex
3033 4071 3196 4134 illis,

719 4179 838 4261 qui
883 4190 1044 4258 post
1086 4179 1390 4259 primam
1439 4177 1931 4259 probationem
1960 4178 2033 4242 in
2075 4179 2465 4243 secundam
2505 4177 2796 4242 admissi
2836 4177 3117 4242 fuerant
3148 4175 3195 4237 ⁴.

801 4388 816 4418 ἱ
875 4384 1010 4430 Vide
1029 4395 1206 4439 supra,
1227 4389 1266 4428 t.
1283 4393 1360 4436 ιιι,
1383 4393 1506 4437 pag.
1523 4381 1621 4434 418,
1643 4393 1694 4426 n.
1711 4381 1812 4426 925.

797 4457 821 4490 ¹
878 4457 1012 4502 Vide
1031 4455 1278 4500 Liuerae
1305 4454 1768 4507 Quadrimestrae,
1789 4461 1828 4500 t.
1849 4465 1905 4509 11,
1925 4464 2047 4510 pne.
2066 4455 2173 4502 688.

797 4530 821 4562 ³
876 4529 936 4574 Ρ.
959 4528 1065 4574 Leo
1084 4528 1364 4585 Euriquez.
2406 4561 2409 4564 ,

799 4604 822 4635 ⁴
875 4601 1237 4647 Distinetioms
1255 4599 1410 4655 hujus
1427 4599 1672 4654 primam
1691 4597 1830 4642 inter
1849 4605 1905 4643 et
1924 4601 2223 4644 secundam
2244 4603 2631 4656 probationem.
2644 4600 2893 4646 videlicet
2911 4601 3050 4647 inter
3068 4605 3199 4644 tem·

716 4685 812 4728 pus
833 4673 958 4718 illud
971 4705 984 4728 ,
1004 4684 1104 4728 quo
1123 4683 1181 4718 ut
1198 4675 1412 4728 quisque
1434 4671 1618 4715 melius
1638 4669 1955 4715 Societatem
1974 4681 2029 4715 et
2056 4683 2176 4717 eum
2208 4674 2390 4718 melin-⁸
2410 4674 2647 4718 Societas
2678 4680 2963 4728 cognoscat
2978 4705 2990 4727 ,
3010 4683 3045 4717 a
3076 4682 3195 4716 cne-

717 4744 865 4798 teriz,
879 4745 1142 4799 hospitum
1161 4755 1321 4796 more,
1343 4749 1622 4799 separatus
1639 4741 1843 4786 vernari
1864 4741 2019 4786 debet
2036 4743 2305 4790 duodecim
2330 4745 2441 4790 dies
2456 4746 2543 4790 vei
2558 4757 2719 4800 usque
2733 4747 2801 4791 nd
2818 4744 3004 4801 viginti
3018 4743 3201 4795 (Insti-
