3742 5392
1658 452 1788 512 Aa.
1831 453 1973 512 1554
2938 458 3041 516 511

575 597 1010 678 primoribus
1038 597 1257 662 totius
1283 599 1501 678 urbis,
1546 599 1978 678 persuadere
2018 601 2121 664 eis
2151 609 2454 664 conatus
2495 609 2636 679 est,
2683 610 2761 666 ut
2788 603 3042 666 saltem

571 714 830 786 quater
857 704 1160 786 singulis
1188 705 1396 770 annis
1423 705 1927 772 confiterentur
1968 715 2039 771 et
2084 708 2724 786 communicarent,
2771 717 2841 772 et
2879 726 3042 773 cum

578 829 824 876 eorum
851 812 1214 893 praefecto
1244 811 1478 893 (quem
1497 813 2041 894 provedz'torem
2068 825 2338 878 vocant
2372 813 2423 894 ¹)
2448 814 2519 878 id
2542 815 3039 896 persuasisset,

573 917 890 999 ejusdem
918 936 1138 999 opera
1167 937 1339 984 usus
1369 928 1440 983 et
1465 918 1559 983 ad
1587 920 1909 1000 singulos
1939 938 2015 985 se
2045 921 2449 999 censerem,
2496 922 2825 987 omnibus
2863 940 3041 1003 pene

579 1024 649 1088 id
676 1027 1064 1106 persuasit,
1096 1033 1168 1091 et
1210 1027 1341 1090 sub
1382 1027 1661 1092 initium
1701 1025 1911 1107 huJ'us
1949 1029 2118 1093 anni
2163 1028 2447 1108 plurimi
2489 1045 2737 1093 eorum
2784 1029 3043 1094 devote

579 1133 1218 1210 communicarunt.

701 1237 874 1304 1082.
965 1237 1172 1320 Quod
1201 1238 1293 1304 ad
1321 1240 1606 1304 scholas
1642 1241 1899 1305 attinet
1923 1290 1937 1318 ,
1970 1241 2167 1304 initio
2196 1239 2407 1321 hujus
2435 1243 2603 1306 anni
2647 1242 2931 1307 ducenti
2974 1253 3044 1306 et

575 1348 940 1426 octoginta
969 1346 1380 1410 scholastici
1409 1348 1960 1426 conveniebant,
2004 1358 2075 1411 et
2106 1349 2179 1412 in
2208 1347 2358 1412 dies
2395 1366 2735 1414 numerus
2779 1367 3043 1430 augen-

575 1452 708 1517 dus
735 1454 1189 1533 credebatur,
1235 1471 1399 1518 cum
1434 1472 1566 1535 per
1607 1456 1766 1519 loca
1809 1455 2055 1518 vicina
2095 1456 2324 1519 bonus
2366 1456 2543 1520 odor
2586 1473 2880 1537 sparsus
2922 1475 3042 1538 pa-

576 1571 812 1625 rentes
842 1561 1181 1625 invitaret
1209 1561 1302 1625 ad
1333 1579 1501 1626 suos
1538 1562 1725 1626 filios
1763 1561 2075 1626 Eboram
2118 1563 2535 1627 mittendos:
2585 1576 2731 1627 tres
2774 1566 3043 1630 classes

575 1677 848 1732 tantum
876 1669 1386 1749 grammatices
1415 1678 1620 1732 erant
1636 1717 1651 1747 ,
1676 1685 1768 1732 ex
1789 1687 1932 1750 quo
1954 1669 2187 1734 studia
2210 1670 2547 1734 inchoata
2568 1669 2874 1752 fuerant,
2908 1673 3044 1736 sci-

578 1777 770 1856 licet,
824 1776 954 1839 sub
1002 1775 1216 1840 finem
1267 1776 1578 1856 Augusti
1625 1777 2025 1857 praeteriti;
2069 1778 2279 1842 tertia
2330 1788 2484 1842 erat
2528 1778 2921 1844 rhetorices
2972 1790 3043 1842 et

573 1899 1000 1961 graecarum
1026 1883 1457 1962 ‚litterarum3
1491 1883 1618 1947 sed
1647 1892 1933 1964 praeter
1972 1885 2108 1948 has
2143 1885 2393 1966 primis
2434 1886 2795 1950 mensibus
2830 1886 3041 1967 hujus

575 1989 742 2052 anni
770 1999 1027 2070 quarta
1056 1991 1310 2054 classis
1341 1991 1854 2069 grammaticae
1888 1991 2215 2055 addenda
2244 1991 2375 2055 fuit
2397 2041 2412 2072 ‚
2438 2011 2603 2056 nam
2628 1994 2789 2073 plus
2813 2012 3041 2075 aequo

575 2109 720 2158 tres
749 2097 848 2159 illi
892 2107 1398 2177 praeceptores
1437 2098 1947 2176 grammatices
1992 2098 2504 2178 discipulorum
2546 2117 2843 2164 numero
2886 2118 3043 2182 pre-

573 2204 946 2267 mebantur
968 2203 1014 2282 ²3
1042 2205 1157 2268 ille
1187 2214 1449 2282 autem,
1475 2205 1598 2284 qui
1621 2215 1781 2285 post
1809 2203 2086 2269 Pascha
2112 2206 2394 2270 additus
2413 2206 2569 2286 suit,
2596 2207 2907 2288 reliquos
2929 2225 3043 2272 su-

580 2310 921 2374 blevavit.

701 2416 876 2481 1083.
967 2417 1427 2482 Profecerunt
1457 2428 1697 2484 autem
1734 2420 1993 2483 mirum
2016 2421 2089 2483 in
2114 2420 2401 2485 modum
2423 2430 2570 2484 tam
2593 2421 2665 2485 in
2699 2423 2834 2501 his,
2860 2441 3041 2504 quae

655 2669 670 2700 ¹
729 2669 1052 2714 “Proveedor
1072 2670 1139 2714 da
1160 2669 1541 2725 Misericordia,
1565 2681 1645 2714 em
1665 2669 1856 2714 Lisboa
1876 2671 2033 2722 (idem
2053 2669 2287 2726 intellige
2309 2672 2372 2715 de
2392 2671 2588 2726 Ebora>
2607 2673 2673 2716 he
2692 2683 2899 2728 eempre
2918 2675 3041 2718 hum

577 2741 780 2784 homcm
816 2739 1033 2795 Fidalgo
1055 2741 1116 2786 de
1151 2743 1524 2796 authoridade,
1545 2742 1854 2796 prudencia,
1876 2742 2027 2788 idade
2063 2747 2116 2786 et
2151 2743 2385 2796 vit-tude,
2406 2755 2506 2798 que
2533 2755 2649 2789 com
2684 2743 2809 2790 doze
2840 2745 2883 2789 11
2896 2751 3043 2790 maon

575 2813 779 2865 preside
799 2825 866 2856 ra
887 2813 1029 2858 Mesa
1043 2847 1054 2868 ,
1077 2820 1130 2858 et
1150 2826 1233 2858 em
1253 2814 1403 2858 todas
1422 2826 1482 2858 aa
1497 2816 1693 2869 juntas.
1718 2815 1762 2858 Α
1785 2815 1885 2858 elle
1906 2819 1963 2860 so
1984 2821 2229 2869 pertence
2264 2816 2483 2860 mandat·
2513 2827 2775 2870 assentar,
2790 2823 2964 2870 votat,
2986 2829 3041 2862 et

571 2885 741 2929 callar
759 2886 964 2939 quando
994 2887 1076 2930 lhe
1109 2897 1312 2941 parece.
1343 2885 1491 2940 Lego
1511 2887 1690 2941 depois
1716 2887 1780 2931 de
1814 2889 2004 2943 eleyto.
2024 2893 2233 2941 reparte
2263 2898 2321 2931 os
2349 2888 2541 2932 officios
2575 2889 2868 2933 ordinarios
2896 2890 3041 2945 pelos

572 2956 966 3014 conselheyros,
987 2958 1117 3001 dous
1145 2957 1372 3006 Irmaos.
1393 2958 1516 3001 hum
1544 2960 1703 3002 nobre
1719 2989 1730 3010 ,
1751 2964 1805 3001 et
1827 2964 1979 3002 outro
1999 2959 2211 3013 official,
2233 2959 2423 3003 manda
2442 2960 2577 3004 tirar
2607 2970 2669 3003 as
2695 2960 3041 3014 informat-oea

572 3028 927 3078 necessariam.
957 3030 1116 3073 assim
1147 3032 1299 3073 sobre
1328 3039 1566 3084 pensons,
1599 3039 1745 3073 como
1775 3031 1931 3073 sobre
1964 3030 2233 3084 negocios,
2254 3042 2354 3084 que
2386 3036 2714 3086 pertenecem
2736 3033 2769 3076 a
2801 3043 2950 3086 casa,
2986 3038 3040 3076 et

573 3099 978 3153 administracao
999 3102 1163 3155 della;
1184 3103 1320 3145 alem
1341 3101 1434 3145 dos
1455 3101 1570 3145 dias
1593 3100 1885 3145 ordinarios
1904 3101 1973 3145 da
1992 3101 2132 3144 Mese
2147 3133 2158 3153 ,
2180 3113 2261 3146 em
2283 3112 2381 3157 que
2400 3113 2455 3145 se
2476 3102 2547 3146 ha
2566 3101 2629 3146 de
2649 3103 2815 3147 achar
2834 3114 3041 3158 presen-

569 3176 627 3214 te
642 3203 654 3224 ,
677 3170 742 3216 he
762 3172 858 3214 obr
878 3173 1014 3226 gado
1043 3185 1076 3216 a
1097 3174 1183 3217 vir
1202 3174 1272 3217 hu
1291 3173 1379 3217 dia
1401 3173 1468 3218 da
1495 3183 1710 3216 seinana
1739 3175 1774 3217 a
1792 3183 1917 3217 casa
1938 3173 2003 3218 do
2024 3173 2285 3228 despacho
2301 3206 2314 3224 .
2334 3185 2466 3229 para
2489 3179 2663 3218 tratur
2682 3185 2797 3218 com
2817 3187 2847 3218 ο
2872 3174 3042 3220 Escri-

571 3247 674 3286 vab
691 3243 762 3287 da
781 3254 906 3288 casa
923 3277 936 3298 ,
959 3243 1261 3289 Recebedor
1281 3246 1377 3289 das
1411 3247 1650 3298 camelae,
1671 3245 2066 3302 Tnesonreyros
2085 3247 2181 3290 das
2214 3248 2403 3301 letras,
2425 3253 2478 3290 et
2509 3245 2773 3301 depositos
2790 3279 2801 3300 ,
2818 3249 2973 3290 sobre
3006 3259 3039 3290 a

571 3315 830 3368 cohi-anca
849 3317 942 3360 dos
971 3317 1120 3372 Juros
1136 3350 1147 3371 ,
1171 3318 1337 3362 letras
1351 3350 1362 3370 ,
1385 3324 1438 3361 et
1471 3317 1603 3361 mais
1635 3317 1880 3369 fazenda,
1902 3328 2000 3372 que
2034 3328 2130 3372 por
2158 3319 2410 3372 qualquer
2429 3317 2519 3362 via
2537 3325 2814 3373 pertencer
2832 3320 2866 3362 a
2886 3329 3033 3364 caea.

573 3385 654 3428 Da
672 3386 851 3432 ordem
885 3400 948 3432 no
968 3391 1470 3445 acompanhamento
1502 3391 1596 3434 dos
1614 3390 1856 3434 defuntus
1871 3421 1884 3444 ,
1905 3400 2002 3444 que
2036 3401 2069 3433 a
2096 3389 2408 3453 Irmanssde
2429 3396 2534 3434 tem
2562 3389 2846 3444 obrigecao
2864 3389 2928 3434 de
2957 3401 3041 3433 en·

572 3465 760 3508 terrar,
778 3467 832 3504 et
851 3471 921 3504 na
939 3467 1198 3515 execucao
1219 3463 1316 3506 das
1345 3463 1478 3506 mais
1498 3473 1684 3506 consae
1718 3472 1925 3517 sempre
1949 3469 2053 3505 tem
2087 3462 2577 3516 superintendencia
2593 3495 2604 3512 .
2624 3463 2776 3506 sobre
2812 3462 2961 3506 todos
2980 3473 3039 3506 os

567 3527 794 3585 Imaus,
813 3539 868 3576 et
889 3531 1153 3578 Ministros
1167 3566 1179 3587 ,
1200 3540 1253 3578 et
1276 3534 1424 3579 todos
1441 3535 1527 3578 lhe
1549 3534 1826 3578 obedecem
1847 3545 1942 3588 por
1962 3534 2169 3586 service
2186 3533 2249 3576 de
2274 3533 2411 3576 Deos
2430 3564 2442 3586 ,
2458 3540 2511 3576 et
2534 3535 2595 3577 de
2616 3544 2771 3578 nossa
2786 3532 3041 3577 Senhora.

569 3599 785 3652 Domus.
815 3613 947 3657 quae
969 3604 1350 3650 Misericordt’a
1387 3610 1736 3660 nuncupatur
1755 3605 2069 3650 frumarius
2096 3609 2333 3656 curator,
2352 3616 2417 3649 ou
2440 3604 2738 3660 Supremas
2770 3605 3039 3650 adminis-

570 3675 789 3728 tratam„
809 3675 1050 3721 Buri-nau
1064 3709 1076 3728 ,
1110 3677 1460 3723 Vocabulan‘o
1479 3677 1802 3732 Portugueae.

651 3747 674 3778 2
727 3747 806 3790 De
827 3749 1133 3803 lectoribus,
1155 3750 1242 3804 qui
1275 3751 1372 3795 sub
1392 3749 1541 3794 finem
1563 3751 1788 3805 Augusti
1817 3748 2096 3804 praeteriti
2126 3748 2337 3792 Evorae
2357 3748 2543 3792 docere
2575 3754 2879 3804 coeperunt,
2903 3749 3037 3793 haec

569 3817 788 3863 ‘rau-a:
817 3820 1294 3866 “conformaramse
1314 3834 1345 3865 o
1365 3822 1536 3866 Padre
1557 3822 1891 3876 comissario,
1912 3827 1967 3866 et
1985 3833 2015 3866 ο
2038 3821 2139 3865 Ριᾱ
2148 3833 2201 3864 re
2227 3820 2522 3864 Provincial
2540 3830 2655 3864 com
2676 3833 2709 3864 a
2728 3821 2955 3865 vontade
2975 3821 3037 3865 de

569 3889 674 3934 Sua
695 3891 909 3941 Alteza.
928 3895 1242 3950 beyjadolhe
1271 3906 1304 3938 a
1325 3905 1463 3938 mam
1493 3896 1615 3949 pela
1643 3897 1815 3938 merce
1837 3905 1935 3948 que
1958 3893 2095 3938 fazin
2116 3904 2147 3937 a
2170 3892 2514 3947 Companhia,
2535 3892 2849 3937 fundandole
2873 3892 3039 3937 Colle-

567 3961 656 4015 gio
685 3965 933 4018 anquene.
957 3976 1055 4010 sua
1083 3965 1295 4010 cidade:
1317 3973 1370 4010 et
1400 3967 1520 4021 logo
1555 3965 1762 4010 fizeram
1787 3967 1870 4010 vir
1904 3965 1966 4008 de
1988 3963 2183 4009 Lieboa
2216 3975 2344 4019 pera
2378 3963 2571 4008 Mestre
2606 3965 2669 4008 de
2702 3964 2986 4009 Rhetorica
3006 3976 3037 4008 o

573 4033 740 4078 Padre
781 4035 915 4080 Pero
949 4037 1013 4080 de
1047 4037 1388 4092 Perpinham,
1419 4038 1619 4102 famoso
1654 4036 1856 4082 Orador
1890 4037 1941 4081 d'
1976 4039 2211 4092 aqueiles
2240 4043 2469 4089 tempos.
2492 4047 2635 4080 como
2664 4037 2721 4092 ja
2754 4037 3034 4090 dissemos‚

569 4111 623 4150 et
642 4106 800 4152 alnda
818 4108 1043 4153 diremos
1059 4121 1094 4154 a
1113 4110 1306 4163 diante.
1326 4121 1357 4153 o
1377 4111 1499 4165 qual
1520 4121 1601 4154 em
1621 4109 1744 4154 Sam
1764 4111 1958 4154 Antium
1974 4109 2046 4153 lia
2068 4107 2437 4153 humanidade.
2463 4107 2659 4152 Forum
2680 4109 2813 4153 mais
2833 4119 3035 4152 romea-

569 4179 662 4223 dos
680 4189 808 4233 pera
830 4187 938 4224 tres
959 4183 1155 4226 classes
1178 4182 1242 4224 de
1259 4181 1567 4226 Gramatica
1588 4192 1618 4225 ο
1638 4181 1807 4225 Padre
1829 4181 1978 4233 Joam
1998 4181 2061 4225 de
2080 4179 2250 4234 Mello,
2273 4192 2369 4235 que
2406 4181 2587 4235 depuis
2606 4191 2811 4224 moi-reo
2832 4185 3037 4223 sancta-

568 4257 738 4295 mente
773 4253 1038 4306 occupatio
1070 4265 1138 4297 na
1157 4265 1467 4298 conversam
1496 4253 1589 4298 dos
1620 4253 1794 4297 Indios
1813 4255 1879 4297 do
1910 4253 2083 4298 Brazil
2100 4285 2113 4308 ,
2135 4258 2190 4297 et
2218 4265 2249 4296 o
2270 4252 2463 4296 Irmam
2493 4250 2670 4306 Roque
2692 4251 2825 4296 Sans
2845 4249 3038 4296 Valen-

564 4323 736 4373 ciano.
753 4327 807 4367 et
833 4323 982 4368 Nuno
1003 4325 1196 4369 Alvres
1231 4325 1548 4380 Portugues3
1569 4337 1698 4381 pera
1720 4325 1882 4369 Lente
1907 4325 1969 4368 de
1994 4324 2280 4378 ‘theologia
2314 4324 2483 4368 moral
2512 4323 2600 4380 foy
2620 4323 2872 4368 nomeado
2891 4335 2922 4366 ο
2944 4322 3037 4366 Pa·

568 4395 658 4438 dre
680 4393 885 4440 Max-cos
902 4395 1078 4452 Jorge,
1098 4409 1196 4452 que
1225 4405 1372 4443 ueste
1404 4405 1580 4452 tempo
1611 4397 1768 4442 ainda
1798 4409 1923 4441 nam
1954 4407 2045 4440 era
2079 4395 2387 4450 Sacerdote,
2410 4408 2524 4441 mas
2548 4395 2608 4450 ja
2640 4406 2755 4439 com
2784 4400 2935 4438 tanto
2954 4405 3037 4438 ca·

565 4467 720 4512 bedal
739 4470 803 4512 de
824 4470 1077 4524 sciencia,
1097 4481 1195 4525 que
1227 4470 1384 4524 podia
1404 4472 1482 4515 ler
1511 4481 1626 4514 com
1659 4469 1858 4524 grande
1892 4468 2199 4522 satissacam
2227 4475 2343 4513 esta
2376 4469 2635 4525 cade-yra.
2654 4473 2708 4511 et
2742 4467 2983 4511 undando
3004 4476 3033 4509 o

567 4545 741 4595 tempo
770 4541 1040 4594 agraduou
1061 4543 1124 4586 de
1147 4541 1347 4587 Doutor
1376 4553 1459 4585 em
1478 4541 1764 4596 ‘theologia
1783 4552 1852 4585 na
1882 4551 2020 4585 nova
2040 4539 2421 4584 Universidade
2450 4539 2512 4582 de
2534 4537 2732 4592 Evora,
2755 4538 2910 4581 tendo
2932 4537 3033 4592 pri-

565 4623 744 4667 meyro
761 4612 868 4657 lldo
890 4613 1241 4669 Philosophia.
1259 4619 1311 4656 et
1334 4612 1620 4667 Theologla
1634 4624 1702 4656 na
1722 4612 1785 4656 de
1802 4611 2092 4666 Coimbra.„
2107 4610 2170 4654 L.
2191 4622 2254 4666 c.,
2275 4611 2364 4655 lib.
2387 4623 2438 4666 v,
2461 4621 2576 4664 cap.
2597 4621 2705 4663 xxv,
2728 4620 2777 4653 n.
2798 4607 3033 4652 a—vide

561 4684 729 4729 etiam
747 4695 930 4739 supra.
955 4693 992 4728 t.
1013 4695 1092 4740 m,
1113 4697 1234 4740 pag.
1255 4685 1354 4738 424,
1375 4696 1424 4728 n.
1446 4685 1544 4729 940.
