3742 5392
1587 500 1714 558 AN.
1762 500 1900 558 1554
2876 498 2980 556 175

502 648 676 710 Sme'.
714 647 1173 711 Sacramente'
1218 648 1409 711 dicta
1460 658 1566 710 est
1626 646 1665 705 ¹.
1720 647 2039 727 Utraque
2090 646 2576 726 Congregatio
2621 645 2974 709 fautorem

500 756 745 817 habuit
806 756 1271 835 Episcopum,
1328 755 1447 835 qui
1476 754 1964 818 benedictione
1995 770 2124 816 sua
2165 754 2529 833 utriusque
2577 753 2982 817 institutum.

499 864 765 933 sanxit;
804 864 1208 942 placuitque
1256 873 1401 925 tam
1446 863 1580 941 ipsi
1628 878 1843 942 quam
1876 861 2012 923 illis
2043 872 2120 924 ut
2150 861 2223 923 hi
2269 876 2548 929 omnes,
2584 869 2850 923 statuto
2883 859 2975 921 ad

498 970 635 1031 hoc
667 970 781 1032 die
800 1018 815 1047 ,
849 970 1037 1033 domi
1063 980 1352 1031 nostrae
1375 968 1906 1031 sanctissimum
1930 967 2420 1031 Eucharistiae
2445 978 2974 1030 sacramentum

498 1088 890 1153 sumerent,
924 1077 1111 1157 quod
1143 1094 1283 1139 non
1314 1077 1466 1139 sine
1490 1092 1751 1154 magno
1782 1093 2029 1137 eorum
2059 1077 2534 1137 emolumento
2571 1084 2638 1137 et
2669 1076 2972 1138 aliorum

496 1182 989 1246 aedificatione
1022 1183 1529 1263 praestiterunt
1560 1181 1608 1244 ².

619 1288 761 1353 363.
848 1290 1180 1353 Matrona
1211 1290 1561 1369 quaedam
1590 1290 1870 1352 nomine
1904 1288 2172 1351 Pellota
2194 1286 2216 1317 ³
2249 1286 2573 1367 Spinola,
2602 1305 2783 1367 quae
2808 1288 2979 1351 olim

500 1398 845 1478 primario
878 1397 1161 1459 cuidam
1189 1416 1275 1459 ac
1306 1396 1521 1459 nobili
1552 1396 1707 1458 viro
1750 1395 2112 1458 Genuensi
2153 1394 2534 1474 conjuncta
2579 1394 2837 1473 fuerat,
2875 1412 2961 1457 eo

503 1516 818 1581 mortu0,
872 1522 961 1565 ex
1018 1520 1158 1583 quo
1220 1502 1435 1565 filium
1501 1500 1888 1565 Dominum
1944 1502 2454 1581 Hieronymum
2495 1500 2816 1581 Spinola,
2873 1504 2972 1565 vi-

505 1628 661 1674 rum
704 1611 1148 1691 spiritualem
1178 1629 1263 1673 ac
1294 1612 1580 1686 bonum,
1614 1620 2050 1689 susceperat,
2101 1609 2420 1672 habitum
2463 1610 2654 1671 tertii
2700 1608 2972 1679 ordinis

504 1717 630 1781 sn.
680 1718 1048 1782 Francisci
1081 1734 1483 1794 assumenS,
1526 1726 1685 1797 post
1736 1718 1996 1780 multas
2027 1718 2552 1795 eleemosynaS,
2596 1732 2775 1795 quas
2815 1714 2970 1779 Col-

504 1825 693 1905 legio
742 1824 1210 1904 Neapolitano
1260 1824 1585 1901 dederat,
1634 1822 2091 1885 donationem
2141 1824 2694 1902 quingentorum
2744 1821 2978 1886 eidem

508 1932 809 2009 facienS,
864 1930 1153 1994 domum
1202 1947 1405 1993 suam
1452 1930 1764 2010 reliquit,
1812 1939 1884 1993 et
1933 1938 2400 2003 senectutem,
2447 1946 2662 2009 quam
2693 1940 2971 2008 poterat

504 2038 697 2102 domi
726 2056 899 2102 suae
929 2037 1299 2101 commode
1329 2054 1416 2100 ac
1444 2037 1680 2117 quiete
1722 2037 2127 2115 traducere,
2171 2036 2416 2099 maluit
2457 2046 2656 2099 extra
2701 2036 2972 2117 Neapo-

503 2146 658 2221 lim,
691 2145 809 2209 ubi
839 2144 1237 2220 habitabat,
1274 2152 1693 2223 paupertate
1722 2153 1793 2207 et
1824 2143 2221 2205 humilitate
2261 2142 2530 2206 Romae
2571 2142 2974 2221 traducere,

508 2252 654 2329 ubi,
690 2270 853 2316 cum
884 2252 1149 2331 reliqua
1181 2253 1395 2327 bona,
1430 2268 1613 2331 quae
1644 2251 1953 2314 habebat
1982 2262 2050 2313 et
2080 2250 2254 2313 dare
2287 2260 2589 2329 poterat,
2630 2248 2971 2314 Societati

504 2359 845 2435 dedisset,
879 2368 1036 2438 post
1068 2359 1333 2437 aliquot
1363 2374 1591 2420 annos
1619 2376 1709 2419 ex
1752 2359 1888 2420 hac
1935 2358 2078 2419 vita
2115 2358 2455 2435 migravit
2501 2374 2762 2436 magna
2795 2374 2972 2420 suae

505 2466 791 2529 virtutis
818 2484 905 2528 ac
936 2464 1396 2545 perfectionis
1426 2464 1849 2528 documenta
1883 2465 2314 2545 relinquens.

592 2744 604 2773 Ι
666 2742 845 2786 Verba
866 2744 1072 2785 initio...
1096 2744 1191 2785 sed
1223 2746 1410 2797 postea
1436 2742 1782 2795 Congregatio
1812 2744 2130 2785 devotarum
2151 2741 2284 2796 Jesu
2317 2743 2462 2785 dicta
2494 2744 2626 2785 est...
2647 2741 2742 2785 hoc
2765 2748 2973 2795 accepe-

508 2817 655 2865 rant,
676 2814 903 2863 sciticet,
927 2813 1275 2867 Congregano
1296 2814 1839 2865 communicantium:
1856 2817 2063 2867 postea,
2072 2814 2242 2867 juxta
2261 2812 2449 2856 Patris
2469 2812 2676 2866 Ignatii
2684 2813 2982 2867 Juda'cium,

510 2886 859 2940 congregatio
878 2888 1247 2931 venerationis
1270 2886 1619 2931 Saucttssa'mi
1640 2887 1986 2930 sacramenti
2014 2886 2160 2929 dicta
2197 2888 2297 2937 est,
2323 2892 2444 2929 sunt
2475 2895 2626 2929 mann
2661 2885 2888 2930 Poianci.
2915 2884 2976 2929 t-:t

506 2966 649 3001 recte
670 2958 875 3012 quidem
896 2956 977 3001 hic
1000 2958 1075 3001 ait
1092 2970 1275 3001 nomen
1290 2958 1386 3001 hoc
1403 2957 1836 3001 confraternitati
1854 2958 2068 3001 inditum
2074 2957 2238 3011 juxta
2259 2957 2442 2999 Patris
2457 2957 2665 3010 Ignatii·
2671 2956 2970 3011 judicium:

506 3040 623 3073 nam
649 3040 716 3072 ex
734 3030 844 3083 ejus
866 3030 1244 3073 cotmm‘ssione
1263 3030 1393 3072 haec
1417 3028 1563 3073 Patri
1582 3028 1766 3081 Joanni
1790 3028 2070 3072 Francisco
2093 3029 2291 3072 Arnldo
2310 3029 2622 3083 scripserat:
2644 3026 2752 3071 “La
2771 3028 2974 3072 institu-

506 3103 645 3145 tione
663 3102 800 3146 della
821 3102 1130 3155 compagnia
1146 3102 1222 3145 de·
1239 3100 1646 3145 communicanti
1668 3112 1698 3144 a
1712 3100 1904 3144 Nostro
1915 3100 2082 3143 Padi-e
2103 3112 2230 3155 pare
2254 3102 2436 3153 buona‚
2455 3112 2540 3144 ma
2559 3100 2596 3143 il
2611 3110 2759 3143 nome
2783 3112 2880 3144 non
2900 3100 2973 3155 gli

504 3178 767 3225 contentum
788 3172 875 3227 piu
894 3181 1071 3227 presto
1092 3174 1135 3216 si
1157 3174 1331 3227 poti-ia
1350 3174 1615 3217 chiamare
1638 3174 1775 3216 della
1803 3172 2140 3216 veneratione
2163 3173 2245 3215 del
2267 3178 2615 3224 sacramento,
2635 3183 2665 3213 0
2687 3182 2814 3215 vero
2837 3173 2976 3217 della.

506 3246 845 3288 veneratione
866 3246 925 3287 de
943 3244 1099 3295 Gesu,
1112 3256 1139 3288 ο
1154 3256 1281 3288 vero
1294 3245 1605 3296 dell'honor,
1622 3244 1671 3288 in
1693 3246 1847 3298 luogo
1862 3244 1912 3288 di
1929 3244 2282 3288 veneratione.
2299 3243 2622 3287 Finalmente
2637 3242 2728 3287 Vs
2753 3244 2842 3289 R.e
2867 3255 2985 3299 pen·

506 3316 619 3361 sino
639 3316 719 3359 un’
739 3318 878 3361 nitro
899 3328 1046 3361 nome
1068 3318 1155 3371 pin
1176 3318 1228 3361 ai
1248 3318 1513 3371 proposito
1532 3316 1629 3359 che
1652 3319 1703 3360 la
1725 3316 2038 3371 compagnin
2055 3316 2138 3359 de’
2155 3315 2513 3361 comunicanti
2536 3348 2560 3369 „
2581 3315 2702 3360 Sine
2724 3316 2822 3369 die,
2845 3317 2978 3359 inter

508 3388 561 3431 17
582 3396 633 3432 et
654 3388 711 3431 20
728 3388 983 3432 Februari
1009 3388 1285 3431 155⁴.-Sed
1307 3397 1357 3431 et
1379 3388 1812 3433 Confraternitati
1836 3388 2182 3443 foeminarum,
2207 3399 2390 3431 nomen
2423 3389 2491 3431 ab
2521 3387 2727 3441 Ignatio
2761 3388 2984 3433 inditum

506 3458 733 3504 videtur.
756 3460 849 3503 Ait
869 3460 1003 3503 enim
1023 3458 1248 3511 Joannes
1272 3460 1535 3513 Philippus
1555 3458 1681 3503 Vito
1703 3458 1849 3503 Patri
1875 3460 2115 3503 Andreae
2138 3460 2200 3501 de
2223 3458 2436 3509 Oviedo,
2459 3470 2525 3502 ex
2557 3470 2706 3513 com„
2728 3458 2976 3503 scribens:

505 3530 689 3575 “Circa
708 3532 747 3575 ii
768 3533 863 3575 dar
883 3531 919 3575 il
940 3542 1088 3575 nome
1105 3543 1139 3575 a
1156 3533 1329 3586 queue
1346 3531 1667 3586 compagnin
1682 3532 1732 3574 di
1750 3532 1916 3575 donne
1939 3532 1982 3575 si
2003 3538 2212 3584 aspettn
2234 3532 2392 3574 etiarn
2409 3532 2464 3575 la
2479 3537 2674 3575 venata
2693 3531 2775 3575 dei
2797 3530 2853 3574 Ρ.
2869 3530 2990 3575 Sal·

506 3614 685 3647 meron
706 3609 759 3647 et
780 3604 867 3647 ιη’
888 3603 1017 3647 horn
1046 3603 1089 3647 si
1123 3604 1470 3655 maenam...
1488 3604 1517 3645 6
1536 3602 1657 3646 Maii
1682 3602 2108 3646 1554.-—·‘P0rtera
2129 3603 2359 3646 anchora
2389 3604 2532 3646 detto
2565 3602 2732 3647 Padre
2753 3602 2978 3655 (Saline-

508 3678 630 3725 ron)
660 3676 712 3718 la
746 3674 1101 3719 commissione
1134 3674 1183 3719 cli
1205 3675 1300 3717 dar
1335 3674 1371 3717 ii
1405 3686 1552 3717 nome
1589 3676 1695 3718 alla
1718 3672 2039 3728 Compagnia
2074 3674 2205 3717 delle
2236 3674 2400 3717 donne
2436 3674 2530 3717 che
2553 3674 2892 3729 frequentano
2931 3676 2983 3717 la

506 3747 907 3800 communione.„
927 3745 1111 3789 Eidem
1132 3746 1186 3789 13
1205 3744 1345 3791 Man.

584 3819 607 3848 ἓ
662 3816 787 3861 ’Ῥει-
808 3818 976 3872 quelle
999 3818 1049 3861 di
1070 3818 1139 3872 26,
1160 3828 1304 3861 come
1328 3818 1493 3861 anche
1518 3828 1611 3871 per
1626 3818 1763 3860 altre
1785 3825 1998 3870 passate
2017 3818 2384 3861 intendemmo
2403 3818 2488 3861 del
2505 3818 2674 3861 fratta
2691 3818 2790 3861 che
2807 3829 2906 3861 eon
2926 3820 2986 3861 ia

507 3890 685 3932 divina
716 3888 895 3943 gratia
924 3896 975 3935 et
998 3888 1401 3944 frequentationi
1435 3889 1561 3932 delii
1591 3886 1743 3931 Santi
1772 3886 2102 3931 sacramenti
2138 3888 2274 3937 suoi.
2296 3888 2338 3931 si
2363 3889 2492 3932 vede
2521 3889 2738 3932 riuscire
2766 3888 2985 3943 special·

508 3967 679 4005 mente
698 3962 751 4005 in
770 3960 939 4013 queue
960 3960 1267 4015 compa-ie
1284 3960 1339 4004 di
1370 3961 1535 4004 donne
1565 3968 1620 4003 et
1640 3960 1898 4013 huomini,
1919 3960 1966 4002 d'
1987 3960 2020 4003 ii
2044 3962 2138 4003 che
2164 3961 2440 4005 habbinrno
2462 3962 2733 4005 occasione
2755 3962 2895 4004 assai
2929 3962 2982 4005 di

506 4034 800 4076 consolati
829 4040 885 4076 ct
914 4032 1232 4086 ringratiare
1272 4032 1414 4076 Iddio
1437 4032 1495 4075 N.
1518 4032 1581 4083 S.
1605 4044 1637 4076 a
1659 4033 1741 4076 chi
1780 4032 1985 4086 piaccia
2016 4044 2218 4087 sempr-e
2253 4042 2594 4086 augmentare
2631 4034 2666 4076 ii
2703 4033 2813 4076 suoi
2843 4033 2983 4084 doni,

506 4114 651 4147 come
672 4105 932 4158 speriamo
952 4106 1000 4147 Ιο
1024 4106 1183 4158 fara„
1205 4104 1474 4154 Polancus.
1497 4114 1563 4147 ex
1583 4114 1728 4155 com„
1750 4102 1894 4148 Patri
1912 4103 2096 4156 joanni
2119 4104 2402 4148 Francisco
2427 4104 2836 4157 Ara1d0,3junii
2859 4104 2985 4148 1551.

588 4176 731 4228 Quae
750 4178 847 4219 sub
868 4177 949 4220 his
968 4187 1051 4219 nn.
1071 4176 1257 4221 3⁶23ae
1275 4177 1620 4223 continentur.
1642 4177 1707 4219 ad
1728 4177 1948 4220 verbum
1971 4176 2076 4219 sare
2098 4177 2372 4229 desumpta
2387 4184 2506 4219 sunt
2526 4188 2590 4219 ex
2611 4176 2804 4219 litteris
2819 4174 2984 4219 Theo-

508 4248 618 4291 dori
644 4248 841 4292 Peitani
858 4281 870 4297 .
890 4259 1019 4303 quas
1040 4249 1202 4292 habes
1222 4248 1273 4293 in
1295 4247 1539 4292 Litterae
1558 4248 2023 4301 Quadrimes'res,
2045 4256 2076 4291 t.
2096 4259 2152 4299 ιι,
2174 4260 2296 4302 pag.
2317 4248 2400 4291 667
2419 4256 2472 4291 et
2493 4259 2582 4302 seq

586 4320 609 4351 2'·
670 4321 870 4364 Pelleta
907 4328 985 4365 est
1019 4320 1101 4364 hic
1132 4320 1185 4363 in
1220 4332 1329 4375 ms.;
1365 4321 1454 4364 sed
1488 4320 1699 4363 Bellota
1732 4320 1952 4364 rectius·
1983 4330 2039 4363 ut
2075 4320 2298 4373 videtur,
2335 4322 2386 4363 in
2407 4320 2637 4373 Regesto
2665 4321 2979 4364 litterarum

510 4393 695 4437 Sancte
718 4393 941 4447 Ignatii,
961 4400 999 4436 t.
1022 4404 1077 4439 11.
1094 4392 1181 4436 foi.
1202 4392 1271 4445 73,
1292 4393 1378 4435 ubi
1415 4392 1545 4435 haec
1576 4390 1822 4446 legimus:
1857 4390 2241 4435 “Ricevessimo
2275 4393 2444 4445 quelle
2467 4393 2515 4435 di
2550 4392 2613 4434 V.
2639 4392 2698 4435 R.
2726 4399 2778 4435 et
2814 4393 3008 4456 anche.

506 4467 642 4509 altre
674 4465 771 4508 che
802 4464 851 4508 ci
884 4467 1036 4519 porto
1066 4464 1325 4507 madonna
1345 4462 1551 4507 Bellota
1572 4469 1624 4506 et
1658 4464 1698 4507 il
1732 4462 1883 4507 Prete
1919 4464 2014 4507 che
2048 4464 2076 4506 l’
2097 4473 2541 4517 accompagnnva.
2562 4465 2609 4507 A
2633 4464 2759 4508 tutti
2779 4464 2879 4508 due
2911 4464 2980 4507 mi

505 4549 629 4580 sono
664 4536 865 4591 offerto,
886 4546 1030 4580 come
1050 4535 1365 4589 conveniva,
1387 4546 1481 4590 per
1512 4541 1666 4590 parte
1699 4536 1836 4579 della
1866 4546 2008 4585 casa,
2039 4542 2150 4586 ete.;
2171 4542 2224 4577 et
2260 4536 2464 4589 qnando
2492 4537 2778 4587 accadera.
2801 4546 2900 4579 non
2935 4536 2979 4579 si

506 4608 791 4653 mnnehera
810 4608 947 4662 degn
968 4607 1117 4651 officii
1137 4618 1169 4651 n
1190 4608 1274 4651 noi
1296 4607 1544 4662 possibili.
1560 4639 1583 4659 „
1604 4606 1875 4659 Polancus,
1899 4618 1965 4649 ex
1986 4618 2134 4657 com..
2158 4606 2303 4651 Patri
2328 4607 2570 4651 Andreae
2603 4608 2666 4651 de
2688 4607 2901 4661 Oviedo,
2925 4608 2978 4651 18

506 4679 681 4725 Martii
708 4679 1095 4734 issi-Saepius
1113 4680 1275 4723 etiam
1298 4686 1406 4722 toto
1428 4680 1524 4722 hoc
1546 4690 1680 4723 anno
1698 4679 1950 4734 scriptum
1973 4686 2052 4722 est
2074 4680 2136 4722 de
2157 4679 2310 4733 hujus
2332 4679 2448 4733 piae
2470 4680 2724 4723 foeminae
2747 4680 2982 4733 peregri·

508 4750 821 4797 nationibus.
