3742 5392
687 448 798 503 474
1611 446 1866 507 Cimon.
1910 446 2065 507 Soc.
2106 446 2249 520 Jsss.

687 603 801 657 cte
831 602 1071 658 tamen
1100 594 1528 674 loquendum
1555 611 1712 657 esse
1744 593 1786 653 ⁸.
1813 591 1891 658 P.
1923 594 2397 659 provincialis
2420 594 2682 674 Arx-102,
2716 604 2791 659 ut
2813 613 2889 659 se
2915 595 3004 659 ab
3026 595 3165 659 hac

689 699 1098 764 difficultate
1126 701 1490 779 eximeret,
1525 701 1933 765 emendavit
1956 702 2255 766 verbum
2284 702 2455 765 illud
2484 708 2673 766 esset
2696 701 2900 783 Juxta
2930 702 3165 783 hispa-

690 808 852 871 nica
880 808 1266 889 Exercitia,
1298 820 1367 874 et
1396 811 1547 891 ejus
1576 812 1734 874 loco
1765 810 2001 890 posuit
2030 809 2130 873 sit
2158 814 2202 873 ⁸.
2237 809 2417 875 Cum
2448 822 2689 874 autem
2710 810 3162 889 refriguisset

689 918 1152 997 oppugnatio,
1186 920 1302 981 vel
1330 919 1520 999 quod
1556 936 1702 982 non
1731 918 1891 982 ausi
1928 926 2169 982 essent
2204 918 2276 981 in
2321 918 2634 983 medium
2673 919 2959 999 prodire
2980 967 2995 997 ,
3041 920 3165 998 qui

690 1026 1218 1106 propositiones
1248 1026 1793 1109 adnotaverant,
1836 1028 1953 1089 vel
2000 1026 2144 1090 alia
2182 1027 2481 1106 ratione,
2520 1043 2664 1090 -nec
2700 1027 2927 1090 nostri
2969 1027 3167 1108 quid·

691 1149 904 1213 quam
932 1132 1421 1197 innovandum
1449 1150 1606 1197 esse
1634 1141 2091 1210 censuerunt3
2125 1133 2583 1197 nihilominus
2627 1134 3033 1214 superiores
3062 1134 3161 1196 in·

691 1240 952 1304 struxit
997 1240 1071 1304 Ρ.
1112 1240 1388 1304 Natalis
1429 1239 1783 1321 quomodo
1823 1240 2280 1320 interpretari
2320 1240 2658 1304 deberent
2696 1241 2855 1304 loca
2893 1241 3013 1303 iila
3035 1289 3050 1320 ,
3100 1240 3167 1303 si

691 1348 851 1427 quis
879 1348 1538 1429 interpretationem
1568 1349 1891 1428 exigeret
1921 1346 1965 1410 ⁸.

821 1454 995 1519 1006.
1083 1454 1210 1519 Dr.
1255 1455 1514 1521 Cuesta
1540 1506 1555 1535 ,
1598 1458 1719 1537 qui
1768 1468 2018 1537 postea
2055 1455 2525 1536 Legionensis
2564 1456 2967 1537 Episcopus
3008 1454 3165 1533 fuit,

696 1573 951 1627 contra
981 1565 1411 1628 monachum
1440 1563 1840 1646 quemdam,
1875 1563 2009 1628 has
2038 1564 2563 1645 propositiones
2593 1564 2693 1627 illi
2716 1564 3167 1641 referentem,

695 1689 944 1735 earum
975 1670 1457 1736 defensionem
1487 1680 1740 1752 sponte
1770 1672 2085 1752 suscepit
2112 1668 2159 1735 ⁴.

777 1822 792 1855 ¹
853 1820 1097 1866 clariora
1119 1822 1251 1866 haec
1273 1820 1397 1865 fient
1419 1821 1612 1865 litteris
1632 1820 1850 1865 Patrum
1867 1818 2075 1865 Natalis
2094 1826 2146 1863 et
2167 1820 2362 1865 Araoz.

776 1891 799 1925 ²
853 1892 934 1937 En
954 1892 1206 1948 originem
1236 1891 1378 1936 illius
1397 1892 1734 1944 mutationis,
1752 1903 1907 1947 quam
1940 1892 1990 1935 in
2022 1892 2211 1936 librum
2243 1890 2627 1937 Exercitiorum
2656 1892 2921 1936 inductam
2946 1890 3170 1935 diximus

707 1976 885 2020 supra.
908 1974 945 2008 t.
965 1975 1041 2018 111,
1059 1975 1184 2019 pag.
1203 1964 1302 2018 336,
1323 1972 1498 2009 annot.
1520 1965 1548 2008 2
1566 1965 1632 2010 ad
1652 1975 1703 2010 n.
1722 1964 1818 2009 746.

779 2037 802 2069 ³
855 2036 997 2080 Nihil
1025 2036 1401 2091 innovandum,
1424 2038 1618 2081 nuliam
1649 2046 1841 2082 novam
1873 2048 1906 2082 a
1935 2036 2067 2081 Sede
2090 2038 2395 2093 Apostolicn
2428 2035 2856 2091 approbationem
2877 2033 3167 2079 Exercitio·

699 2120 812 2153 rum
845 2114 1059 2164 propter
1091 2109 1190 2153 has
1223 2117 1406 2153 tut-'vas
1435 2110 1716 2154 curandam
1751 2110 1952 2155 censuit
1986 2109 2237 2165 ignatius.
2266 2108 2350 2154 Ita
2380 2118 2539 2163 saepe
2570 2106 2853 2159 Polaticus,
2872 2105 3085 2159 litteris,
3106 2116 3174 2151 ex

701 2192 854 2235 com„
873 2181 1013 2225 datis
1029 2180 1099 2225 ad
1119 2180 1222 2225 PP.
1245 2180 1514 2237 Natalem,
1539 2180 1693 2237 Borja
1715 2189 1766 2225 et
1788 2182 1973 2227 Araoz

781 2254 805 2285 ⁴
857 2250 909 2295 Is
929 2252 1026 2296 hoc
1044 2262 1181 2296 anno
1205 2252 1307 2295 1554
1325 2258 1443 2297 erat
1463 2252 1739 2298 canonicus
1758 2254 1810 2297 in
1831 2254 2113 2309 collegiata
2136 2255 2358 2299 ecclesia
2380 2252 2688 2297 Sanctorum
2708 2252 2841 2305 Justi
2862 2257 2915 2296 et
2936 2250 3174 2296 Pastoris

703 2323 962 2378 compluti
982 2323 1106 2367 etin
1126 2322 1486 2369 Universitste
1507 2326 1690 2370 lector.
1711 2324 1935 2370 Brevem
1956 2326 2069 2381 eius
2088 2325 2329 2371 notitiam
2360 2326 2443 2370 hic
2476 2326 2705 2369 inserere
2721 2324 2875 2379 Juvat
2890 2356 2903 2377 ,
2925 2334 3059 2378 qnae
3078 2334 3166 2367 ne-

701 2394 906 2449 quidem
937 2395 987 2437 in
1009 2393 1296 2451 Biograsia
1316 2395 1653 2440 eclesiastica
1673 2396 1939 2452 completa
1971 2397 2250 2451 reperitur.
2279 2398 2303 2419 ⁸⁶
2316 2396 2462 2440 ‘ruvo
2494 2406 2591 2451 por
2609 2395 2783 2450 patris
2804 2397 2837 2438 a
2858 2393 3061 2439 Medias
3081 2394 3163 2437 del

701 2464 922 2521 eampo;
943 2466 1028 2510 fue
1049 2476 1179 2520 gran
1201 2466 1413 2519 Doctor.
1434 2468 1651 2521 insigne,
1673 2479 1710 2524 y
1729 2469 1980 2512 senalado
2002 2466 2243 2523 remoto,
2265 2468 2464 2523 grande
2483 2479 2545 2510 en
2565 2466 2760 2518 vii-tud,
2780 2478 2815 2523 y
2836 2475 3020 2521 mayor
3038 2475 3101 2508 en
3122 2466 3171 2508 el

701 2536 849 2583 oficio
867 2539 931 2582 de
952 2535 1162 2592 obispo,
1181 2550 1219 2594 y
1237 2550 1300 2581 en
1319 2538 1533 2583 cst-idad
1546 2552 1582 2595 y
1600 2539 1863 2584 limosnns.
1886 2537 1995 2584 Fue
2015 2539 2248 2591 Coleoeial
2264 2572 2275 2593 .
2294 2542 2463 2584 eiecto
2478 2549 2545 2583 en
2566 2538 2619 2583 15
2634 2538 2697 2581 de
2718 2536 2943 2582 octubre
2962 2536 3027 2581 de
3050 2534 3171 2588 158⁶,

701 2622 733 2666 y
760 2608 950 2652 Rector
968 2619 1032 2653 en
1052 2610 1100 2653 ei
1128 2607 1341 2661 Colegio
1361 2619 1547 2664 mayor
1565 2610 1628 2653 de
1649 2609 1864 2653 Alesia:
1889 2620 1951 2653 en
1969 2621 2030 2654 sn
2050 2608 2401 2654 Universidad
2430 2617 2557 2654 tuvo
2578 2616 2687 2652 tres
2714 2607 2973 2652 catedras
2992 2639 3001 2651 .
3018 2618 3055 2663 y
3074 2617 3171 2661 por

703 2680 980 2734 discipulos
998 2691 1120 2737 muy
1139 2682 1416 2726 sellularios
1437 2691 1662 2725 varones
1682 2680 1918 2726 ilustres:
1942 2693 2005 2725 en
2036 2693 2097 2726 su
2116 2680 2307 2737 Iglesia
2342 2679 2578 2732 Colegial
2605 2680 2786 2725 Sancti
2804 2678 2941 2733 Justi
2972 2680 3171 2723 obtuvo

702 2763 769 2797 un
789 2750 1127 2796 Canonicato.
1149 2749 1214 2797 El
1250 2752 1354 2810 Rey
1379 2752 1560 2808 Felipe
1590 2753 1832 2808 Secundo
1867 2754 1917 2798 le
1952 2757 2199 2809 presento
2218 2765 2283 2799 en
2306 2752 2357 2798 10
2374 2754 2439 2798 de
2468 2751 2701 2797 Febrem
2730 2752 2792 2796 de
2825 2751 2931 2796 1558
2962 2758 3095 2805 pars
3122 2750 3173 2793 ei

701 2824 961 2879 Obispsdo
980 2826 1045 2869 de
1064 2824 1224 2869 Leon.
1248 2824 1325 2869 De
1353 2827 1404 2870 el
1431 2826 1536 2881 <llio
1556 2827 1606 2870 el
1625 2825 1977 2881 Emperador:
2001 2826 2132 2871 Sera
2164 2832 2258 2871 tan
2277 2825 2478 2880 grande
2511 2824 2704 2878 obispo
2738 2835 2882 2869 como
2904 2822 3115 2877 Doctor,
3135 2834 3171 2879 y

702 2895 947 2947 Maesti-o.
969 2908 1164 2952 poi-que
1184 2898 1348 2943 enias
1379 2899 1542 2943 letru
1562 2898 1632 2942 ha
1653 2898 1828 2942 tenido
1849 2901 1899 2944 ei
1928 2899 2121 2954 primer
2140 2898 2308 2953 lugat.
2328 2910 2359 2952 y
2380 2896 2685 2952 dignldades
2707 2906 2807 2951 que
2827 2896 2930 2939 dan
2959 2895 3115 2947 euss;
3136 2906 3175 2951 y

704 2968 782 3012 asi
803 2970 886 3014 fue
907 2978 1054 3013 como
1075 2969 1125 3013 el
1149 2966 1470 3024 Emperador
1488 2971 1539 3014 lo
1566 2970 1726 3015 habia
1745 2970 1915 3015 dicho.
1934 2970 2103 3015 Alvar
2124 2968 2315 3015 Gomez
2335 2981 2399 3013 en
2430 2970 2479 3013 el
2512 2968 2645 3013 libro
2662 2967 2692 3011 8
2719 2968 2783 3012 de
2813 2968 2868 3012 la
2888 2966 3011 3011 vids
3030 2978 3068 3023 y
3086 2966 3173 3009 he-

703 3040 830 3085 chos
849 3041 912 3085 de
934 3038 1078 3098 Fray
1100 3038 1382 3085 Francisco
1400 3040 1629 3095 Jimenez
1648 3043 1760 3087 dice
1793 3043 1855 3087 de
1877 3044 1943 3097 ei,
1966 3053 2060 3088 ers
2088 3042 2151 3086 de
2178 3042 2378 3095 grande
2408 3041 2630 3097 ingenio,
2660 3052 2695 3097 y
2716 3038 2779 3083 de
2798 3039 3034 3091 singular
3054 3049 3173 3093 pru·

703 3112 904 3157 dencis.
928 3110 1036 3156 Fue
1055 3124 1157 3157 nno
1179 3113 1241 3157 de
1261 3115 1340 3158 ios
1360 3116 1672 3159 nombrados
1694 3126 1824 3167 para
1845 3114 2027 3160 asistir
2047 3125 2110 3158 en
2131 3115 2178 3158 el
2200 3112 2429 3158 Concilio
2450 3112 2511 3156 de
2531 3111 2751 3165 Trento,
2773 3122 2836 3155 en
2856 3122 2953 3166 qne
2977 3117 3103 3169 tuvo
3123 3112 3176 3155 is

707 3184 1014 3229 estimacion
1033 3196 1132 3240 qne
1153 3186 1379 3231 merecis
1400 3188 1450 3231 ei
1469 3188 1671 3233 credito
1691 3186 1754 3232 de
1775 3199 1865 3233 sns
1886 3188 2075 3240 letrns3
2095 3197 2159 3230 en
2182 3188 2229 3229 ei
2249 3186 2335 3231 fue
2355 3195 2515 3230 causa
2531 3194 2663 3239 pars
2682 3194 2779 3238 qne
2799 3184 2848 3225 el
2874 3189 3027 3227 santo
3048 3180 3181 3226 Con·

707 3254 845 3305 cilio.
863 3257 1112 3301 tratsndo
1133 3257 1194 3301 do
1213 3260 1445 3313 abrogat
1461 3260 1542 3303 iss
1561 3260 1889 3304 essenciones
1908 3260 1971 3303 de
1994 3259 2073 3303 las
2094 3257 2330 3311 Iglesias.
2348 3257 2618 3301 declax-nse
2640 3266 2737 3311 que
2758 3266 2823 3298 no
2838 3265 2894 3298 se
2918 3252 3177 3297 eniendie·

707 3338 762 3371 se
793 3338 888 3371 con
915 3329 968 3371 la
996 3326 1190 3382 Iglesis
1217 3328 1494 3384 Magistral
1513 3330 1578 3374 de
1601 3331 1815 3385 Alca133
1837 3344 1873 3387 y
1893 3331 1954 3374 de
1986 3333 2131 3374 como
2164 3328 2242 3373 asi
2269 3330 2320 3373 lo
2349 3328 2558 3379 scot-dd.
2581 3327 2665 3371 dio
2696 3337 2764 3370 un
2794 3326 3093 3369 testimonio
3128 3326 3179 3368 ei

707 3398 1006 3443 secretario
1037 3400 1121 3445 del
1143 3399 1392 3450 Concilio.
1413 3413 1511 3457 que
1531 3402 1647 3446 dice
1668 3402 1771 3447 asi:
1789 3402 1931 3457 “Ego
1962 3399 2169 3446 Marcus
2202 3400 2442 3446 Laurens
2470 3398 2765 3455 Tropensis,
2790 3396 2997 3442 Ordinis
3026 3396 3180 3441 Prte-

707 3472 1024 3525 dicatorum.
1045 3471 1332 3529 Episcopus
1365 3473 1764 3527 campanensis.
1799 3472 2126 3518 Secretarius
2158 3474 2327 3517 sancti
2350 3471 2565 3516 Conciiii
2581 3470 2869 3514 Tridentini
2888 3480 2985 3525 pro
3012 3466 3180 3512 Reve-

705 3543 1012 3586 rendissimo
1035 3544 1238 3597 Angelo
1258 3544 1561 3589 Msssarello
1581 3544 1840 3600 Episcopo
1870 3544 2164 3599 Thelesun03
2185 3545 2421 3588 omnibus
2451 3542 2601 3586 fidem
2623 3542 2774 3585 facio:
2808 3540 2943 3596 quod
2976 3550 3094 3584 cum
3126 3539 3178 3583 ln

709 3615 943 3668 generali
966 3613 1180 3659 Patrum
1200 3614 1616 3671 Congregstione
1636 3616 1699 3660 de
1730 3616 2047 3671 abrogandis
2086 3615 2445 3670 capitulorum
2475 3614 2885 3669 exemptionibus
2912 3618 3180 3666 ageretur,

713 3686 929 3740 petitum
950 3694 1031 3731 est
1051 3697 1084 3731 a
1119 3686 1572 3733 Reverendisslmo
1601 3686 1860 3743 Episcopo
1881 3687 2193 3742 Legionenni
2206 3720 2217 3741 ,
2238 3693 2296 3732 ut
2330 3686 2657 3741 Collegistae
2690 3684 2957 3729 Ecclesiae
2974 3690 3179 3728 sancto·

711 3767 825 3801 rum
845 3756 980 3810 Justi
1017 3764 1070 3803 et
1101 3758 1335 3805 Pastoris
1369 3760 1419 3804 in
1453 3760 1641 3815 oppido
1676 3758 2029 3814 Complntensi
2064 3758 2205 3803 ratio
2239 3758 2566 3812 haberetur„.
2596 3756 2815 3802 Paret-io
2850 3758 2883 3799 a
2912 3756 2965 3799 la
2999 3764 3183 3811 mayor

712 3834 883 3882 parte,
905 3840 1005 3883 que
1024 3831 1076 3874 ιι
1099 3830 1323 3885 peticion
1343 3841 1436 3875 era
1449 3830 1596 3886 iusta
1614 3842 1650 3887 y
1669 3839 1725 3874 se
1755 3830 2019 3883 concedio,
2040 3842 2075 3885 y
2104 3840 2159 3873 es
2186 3830 2242 3873 ln
2271 3829 2399 3873 data
2426 3829 2509 3873 del
2536 3826 2836 3873 testimonio
2860 3837 2925 3871 en
2951 3826 2981 3869 6
3006 3826 3071 3871 de
3096 3824 3182 3870 Di—

714 3899 940 3945 ciembre
962 3900 1024 3945 de
1060 3902 1186 3947 1563.

793 3971 986 4018 Volvio
1005 3976 1053 4018 ei
1083 3974 1272 4031 obispo
1301 3977 1334 4018 a
1353 3974 1593 4030 Espaiia,
1626 3988 1661 4033 y
1683 3974 1926 4029 negando
1957 3975 2011 4017 sl
2040 3972 2307 4017 convento
2330 3972 2391 4015 de
2426 3982 2637 4016 nuestra
2658 3970 2856 4016 Seflora
2878 3972 2941 4015 de
2960 3968 3185 4015 Monser-

711 4050 830 4089 rate
864 4045 1116 4101 adolecio‚
1137 4058 1170 4102 y
1192 4046 1374 4096 mario.
1397 4060 1429 4102 y
1450 4058 1513 4091 en
1534 4048 1582 4092 el
1604 4050 1720 4091 esta
1751 4046 2027 4103 sepuludo
2047 4055 2109 4089 en
2139 4046 2190 4089 la
2216 4043 2422 4098 Capina
2444 4044 2505 4089 de
2538 4054 2634 4088 san
2652 4042 2853 4097 Benito,
2874 4056 2910 4099 y
2928 4054 2991 4087 su
3021 4045 3187 4097 sepul·

713 4122 834 4162 tura
853 4118 990 4163 tiene
1010 4119 1058 4163 el
1080 4117 1309 4175 Epiufio
1329 4119 1612 4175 signiente:

1167 4314 1502 4361 ANDREAS
1532 4314 1806 4361 CUESTA
1836 4313 2216 4359 EPISCOPUS
2245 4310 2725 4366 LEGIONENSIS,

1325 4418 1358 4450 s
1385 4416 1617 4450 contnuo
1647 4416 1957 4504 1133?ng
1961 4416 2088 4503 3⁸31}
2084 4414 2403 4503 ὤπυιες-ωε
2430 4412 2582 4447 mem·

1876 4493 1883 4501 ·
2171 4490 2212 4513 Ἢ

797 4550 1068 4594 Οοκκᾼιιι
1097 4548 1308 4594 ΒΛνιυι
1321 4582 1332 4604 ,
1365 4548 1555 4593 Teatro
1576 4550 1913 4595 eclesiastica
1932 4549 1999 4593 de
2022 4548 2265 4603 apaan,
2284 4554 2323 4592 t.
2343 4558 2379 4601 1,
2398 4559 2517 4603 pag.
2539 4546 2637 4591 416.

799 4620 1161 4666 Defensionem
1182 4621 1318 4665 hanc
1355 4618 1758 4673 Exci-citiorum.
1779 4632 1937 4676 quatu
1967 4632 2069 4665 non
2101 4621 2265 4663 verbo
2282 4620 2467 4674 solum,
2494 4618 2589 4665 sed
2623 4618 2825 4672 scripto
2858 4618 3045 4674 etism,
3064 4618 3189 4661 fecit

715 4692 808 4736 Dr.
831 4692 1072 4737 Andreas
1092 4692 1301 4743 Cuesta.
1324 4692 1468 4735 dabit
1489 4690 1640 4737 Nova
1663 4692 1844 4737 Series
1863 4692 2178 4735 litterarum
2200 4690 2391 4735 Sancti
2406 4690 2635 4745 lgnatt‘t.
