3742 5392
1565 544 1691 601 AN.
1736 542 1879 599 1554
2858 540 2975 599 483

497 702 636 754 tur.
674 688 960 767 Postea,
993 706 1074 751 te
1101 688 1352 753 melius
1391 688 1879 768 considerata,
1926 689 2315 771 postulavit
2358 688 2376 719 ¹
2406 688 2540 751 sibi
2577 688 2733 751 dari
2762 688 2967 779 semi-

499 798 778 861 narium
809 796 1004 873 illud,
1035 806 1114 860 ut
1153 797 1444 860 haberet
1487 796 1675 860 unde
1718 798 2054 877 collegia,
2089 797 2162 861 in
2199 796 2492 861 Baetica
2531 795 2958 872 inchoanda,

499 904 848 985 operariis
877 904 1285 983 insti-neren
1315 904 1443 967 sed
1472 920 1615 967 non
1647 903 1881 968 visum
1904 912 2013 968 est
2033 903 2422 985 quidquam
2441 920 2601 967 esse
2621 904 2969 967 innovan-

503 1014 669 1077 dum
719 1020 880 1093 post
929 1011 1490 1091 assignationem
1536 1010 1832 1089 factam3
1887 1012 1991 1075 sic
2041 1020 2280 1075 tamen
2337 1029 2490 1075 rem
2539 1012 2967 1091 temperavit

505 1118 581 1184 P.
619 1118 930 1197 NataliS,
974 1128 1050 1182 ut
1083 1117 1206 1181 D!
1259 1118 1638 1182 Torrensis
1678 1128 1919 1199 posset
1947 1118 2080 1182 sibi
2120 1119 2503 1183 vendicare
2533 1118 2969 1198 collegialeS,

507 1227 762 1308 quibus
788 1242 968 1306 opus
987 1226 1304 1303 haberet,
1330 1244 1422 1289 ex
1443 1224 1762 1304 Collegio
1785 1224 2353 1303 salmanticensi,
2382 1236 2459 1290 ut
2483 1226 2586 1289 sic
2610 1226 2971 1290 instituen-

507 1334 616 1398 dis
669 1334 742 1397 in
783 1332 1070 1397 Baetica
1111 1332 1434 1412 collegiis
1471 1341 1711 1412 posset
1759 1330 2177 1397 satisfacere
2204 1331 2251 1392 ’.
2296 1332 2492 1398 Patri
2520 1332 2761 1397 Araoz
2806 1349 2970 1397 cum

505 1441 814 1507 Castella
845 1440 1092 1503 Veteri
1119 1438 1446 1520 Regnum
1475 1440 1899 1504 Toletanum
1926 1440 1999 1505 in
2028 1440 2485 1505 Provinciam
2513 1450 2622 1504 est
2649 1440 2975 1519 assigna·

507 1560 677 1613 tum.
712 1546 906 1613 Patri
933 1546 1213 1622 Mironi,
1247 1558 1322 1611 ut
1351 1547 1681 1625 diximuS,
1715 1564 1939 1628 usque
1970 1547 2060 1610 ad
2090 1546 2301 1611 finem
2330 1548 2614 1612 triennii
2645 1536 2975 1628 perseve-

510 1674 674 1719 rare
721 1656 794 1718 in
844 1654 1074 1719 officio
1125 1672 1299 1717 suae
1347 1652 1774 1718 Provinciae
1828 1654 2312 1734 portugalliae
2372 1672 2791 1719 concessum
2840 1664 2969 1719 est.

507 1763 582 1827 P.
614 1762 1046 1827 Franciscus
1074 1761 1338 1841 Borgia
1370 1778 1583 1841 super
1630 1772 1936 1843 quatuor
1964 1762 2097 1825 has
2124 1762 2539 1841 provincias
2566 1762 2975 1843 impositum

513 1887 694 1933 onus
723 1868 1029 1945 admisit;
1062 1869 1350 1949 rogavit
1379 1879 1616 1932 tamen
1648 1868 1724 1932 P.
1753 1866 2081 1932 Natalem
2109 1886 2197 1932 ne
2222 1869 2618 1932 animarum
2648 1886 2895 1933 curam
2918 1870 2982 1931 ei

511 1978 903 2058 imponeret
918 1974 965 2054 *ς
993 1976 1323 2057 cupiebat
1345 1977 1559 2039 etiam
1583 1975 2131 2039 Commissarius
2154 1993 2297 2039 non
2323 1976 2593 2054 vocari,
2620 1986 2689 2039 et
2712 1985 2973 2040 utrum-

516 2102 652 2165 que
681 2084 779 2147 illi
808 2082 885 2147 P.
918 2082 1194 2147 Natalis
1225 2084 1599 2158 concessit,
1621 2084 1953 2162 quamvis
1978 2093 2227 2163 postea
2251 2084 2407 2163 ipsa
2437 2083 2889 2162 negotiorum
2914 2096 2985 2146 et

516 2191 1053 2272 gubernationis
1081 2190 1290 2264 rati0,
1325 2200 1402 2253 ut
1427 2201 1500 2253 et
1530 2207 1776 2253 curam
1807 2190 2208 2254 animarum
2239 2200 2307 2254 et
2347 2208 2606 2254 nomen
2644 2188 2988 2254 Commis-

522 2298 692 2362 sarii
723 2297 1160 2376 admitteret,
1195 2296 1449 2361 effecit.

645 2403 820 2468 1021.
907 2402 1206 2467 Difficile
1238 2404 1611 2467 videbatur
1643 2402 1875 2467 eidem
1904 2402 1982 2467 P.
2018 2404 2255 2467 Natali
2295 2406 2745 2469 collaterales
2773 2406 2993 2470 omni·

518 2513 652 2576 bus
682 2513 1074 2590 assignare,
1109 2512 1229 2592 qui
1257 2521 1327 2574 et
1356 2511 1666 2591 exempti
1699 2510 1913 2574 futuri
1943 2521 2179 2591 erant,
2213 2522 2282 2575 et
2313 2513 2589 2576 versari
2631 2529 2796 2576 cum
2825 2510 2995 2576 Pro-

524 2620 945 2684 vincialibus
975 2636 1111 2683 non
1143 2628 1492 2699 poterant;
1527 2619 1694 2699 quia
1724 2627 1963 2681 tamen
1993 2617 2069 2681 P.
2098 2618 2416 2696 Ignatius
2440 2630 2516 2683 ut
2546 2620 2989 2683 institueren-

521 2737 638 2790 tur
678 2727 1098 2807 scripserat,
1153 2724 1347 2790 Patri
1385 2724 1644 2788 Mironi
1690 2726 2091 2805 assignavit
2134 2724 2422 2789 Patrem
2459 2725 2881 2807 Tyburtium
2904 2727 2999 2789 de

521 2834 874 2913 Quadros;
909 2830 1338 2896 Provinciali
1375 2830 1726 2907 Castellae
1756 2831 2042 2895 Patrem
2082 2830 2477 2895 Antonium
2516 2832 2604 2896 de
2633 2830 2991 2909 Corduba,

524 2949 900 3021 postquam
929 2938 1438 3003 Salmanticam
1483 2939 1828 3016 venisset;
1877 2937 2308 3001 Provinciali
2340 2939 2671 3002 Baeticae
2714 2937 3001 3001 Patrem

533 3046 1014 3125 Villanovam,
1050 3047 1167 3128 qui
1198 3047 1290 3110 ad
1322 3046 1794 3127 hispalensem
1827 3045 2313 3109 fundationem
2344 3045 2725 3109 mittendus
2756 3045 2997 3109 crede-

525 3156 760 3220 batur:
825 3154 1280 3234 Aragonensi
1335 3153 1644 3217 diximus
1693 3152 1934 3215 datum
1986 3151 2275 3217 Patrem
2336 3152 2755 3233 Baptistam;
2806 3152 3005 3216 Patri

532 3262 919 3326 Francisco
948 3262 1256 3339 Borgiae
1315 3257 1596 3323 Patrem
1639 3260 2181 3323 Bustamantem
2236 3258 2734 3324 Collateralem
2780 3268 2849 3322 et
2896 3276 3008 3324 so·

533 3372 724 3434 cium
757 3367 934 3447 ⁴(ad
959 3368 1028 3431 id
1057 3368 1247 3431 enim
1271 3383 1682 3447 propensus,
1708 3376 1864 3429 erat
1908 3366 1983 3429 P.
2030 3366 2497 3445 Franciscus)
2539 3366 2643 3430 sic
2687 3367 3005 3447 assigna-

535 3478 671 3552 vit,
699 3485 772 3539 ut
799 3488 1035 3539 tamen
1067 3474 1218 3555 ejus
1248 3472 1272 3505 ⁵
1302 3474 1745 3537 obedientiae
1777 3474 1847 3537 in
1879 3473 2229 3549 omnibus,
2258 3490 2438 3553 quae
2463 3473 2552 3536 ad
2576 3474 3019 3538 collateralis

535 3583 842 3647 officium
873 3582 1339 3663 pertinerent,
1383 3579 1782 3659 subjaceret
1823 3578 1881 3658 ⁰,
1938 3589 2004 3642 et
2057 3581 2161 3643 sic
2213 3580 2577 3659 negotium
2635 3580 3017 3644 divisionis

543 3691 1077 3772 provinciarum
1107 3698 1549 3752 transactum
1575 3695 1705 3750 est.

588 3855 621 3860 —.
638 3854 725 3861 -—.-

621 3933 639 3966 ¹
698 3932 858 3975 Pater
883 3931 1104 3975 Michael
1124 3931 1186 3974 de
1209 3930 1419 3975 Tot-res.

621 4004 645 4036 ³
699 4003 827 4048 Vide
845 4015 1002 4058 supra
1021 4036 1032 4054 ,
1054 4014 1173 4058 pag.
1195 4003 1291 4051 385.
1315 4015 1364 4046 n.
1383 4002 1480 4051 830.
1502 4012 1554 4047 et
1577 4010 1752 4047 annot.
1775 4004 1820 4044 53.

623 4078 646 4109 δ
701 4074 937 4126 Scilicet.
959 4076 1198 4129 quamviae
1229 4075 1582 4119 communibus
1613 4083 1665 4117 et
1699 4075 1934 4117 externis
1967 4074 2359 4129 provinciarum
2388 4082 2443 4119 et
2488 4076 2758 4121 domorum
2796 4076 3027 4131 negotiis

539 4148 844 4203 invigilaret
889 4159 948 4190 ne
970 4158 1128 4191 curae
1161 4146 1256 4202 ip-xi
1279 4154 1418 4189 esset
1447 4146 1776 4199 spirutualem
1805 4144 2074 4190 Sociorum
2108 4148 2397 4201 profectum
2428 4158 2523 4202 per
2550 4150 2776 4204 seipsum
2800 4150 2890 4193 aed
2926 4160 3024 4203 per

545 4220 901 4264 provinciales
919 4225 972 4263 et
992 4218 1320 4262 immediatos
1341 4217 1644 4268 Superiores
1674 4227 2000 4270 promovere.
2022 4216 2123 4261 Sed
2155 4218 2312 4269 haec,
2344 4229 2475 4271 quae
2507 4218 2775 4273 ignoras-ee
2808 4220 3019 4264 videtur

543 4290 892 4343 Crannonem,
913 4292 946 4334 1.
970 4303 1032 4339 c..
1055 4292 1124 4335 lib
1160 4300 1234 4340 tv.
1256 4301 1370 4344 cap.
1393 4302 1442 4342 x,
1465 4288 1496 4345 ἐξ
1516 4300 1553 4341 1,
1573 4300 1710 4333 nova
1745 4290 1856 4333 luce
1890 4290 2219 4335 donabuntur
2240 4290 2435 4334 litteris
2468 4290 2630 4346 ipsius
2650 4290 2829 4336 Sancti
2852 4291 3023 4336 Fran-

543 4364 669 4408 cisci
689 4363 882 4416 Bor-gia
905 4370 956 4406 et
979 4362 1158 4407 Patris
1185 4361 1406 4405 Natalis.

596 4436 622 4467 ⁴
701 4434 814 4479 Hoc
833 4442 930 4478 est:
953 4435 1036 4489 qui
1061 4434 1196 4490 apud
1219 4434 1386 4489 ipsum
1403 4466 1413 4481 .
1437 4433 1741 4485 ubicumque
1761 4432 1945 4483 fuerit.
1968 4440 2204 4477 maneret
2226 4440 2278 4477 et
2296 4434 2346 4478 in
2368 4434 2642 4479 itineribus
2656 4435 3021 4480 comitaretur·-

545 4508 731 4564 reliqui
755 4507 889 4551 enim
909 4508 1068 4551 conat
1105 4508 1244 4550 rales
1266 4506 1444 4561 procul
1466 4516 1622 4559 saepe
1643 4516 1676 4547 a
1694 4507 1825 4548 loco.
1846 4505 1898 4549 in
1920 4516 2019 4559 quo
2042 4504 2389 4551 Provinciuiis
2411 4514 2545 4555 erat.
2564 4509 2923 4553 morabantur.

628 4578 652 4611 ³
705 4579 880 4622 Patris
903 4578 1260 4623 Bustamante.

626 4650 652 4683 ⁸
705 4649 1158 4704 Borma—Curam
1179 4650 1423 4693 eximiam
1447 4648 1622 4693 Patris
1643 4647 1913 4692 Francisci
1936 4649 2164 4693 habebat
2184 4648 2522 4693 Bitstarnante
2547 4656 2597 4694 et
2620 4651 2681 4694 de
2702 4662 2762 4693 eo
2784 4650 3031 4708 frequen-

552 4732 632 4768 tes
651 4724 720 4767 ad
741 4722 1001 4769 hnmium
1024 4724 1232 4766 littera-s
1251 4722 1283 4766 d
1303 4724 1404 4765 -bat
1423 4754 1435 4769 .
1457 4732 1587 4777 quas
1609 4720 1819 4764 maximi
1843 4720 2081 4775 Ignatius
2100 4720 2347 4765 faciebat.
2364 4720 2618 4767 “Naestro
2640 4722 2811 4767 Padre
2834 4724 3029 4779 huclga

551 4794 739 4839 mucho
760 4804 856 4839 cen
879 4794 958 4839 las
977 4796 1142 4839 letrae
1161 4794 1246 4838 del
1271 4792 1322 4837 P.
1343 4794 1683 4839 Bustamante
1701 4826 1711 4843 ,
1732 4802 1929 4847 perque
1946 4825 1956 4845 ,
1980 4794 2121 4836 ultra
2139 4791 2201 4835 de
2222 4793 2273 4836 la
2296 4794 2517 4838 materia
2538 4806 2637 4850 que
2658 4802 2839 4839 tratan
2862 4830 2871 4847 .
2894 4798 3033 4841 hace

3106 5330 3404 5344 ,ΝΡ-μμ-
