3742 5392
1680 518 1810 577 Au.
1856 519 1997 578 1554
2968 519 3079 579 525

591 661 944 728 accedere
965 711 982 740 ,
1011 671 1092 727 ut
1120 663 1410 727 modum
1437 671 1650 744 atque
1680 662 2003 727 ordinem
2033 662 2335 727 docendi
2364 663 2543 728 alios
2574 663 2881 729 videndo
2922 666 3074 745 ipse

597 767 1011 851 proficeret;
1045 770 1198 849 ipse
1229 770 1444 834 etiam
1471 769 1655 834 filius
1685 786 1848 834 cum
1877 768 2301 849 quibusdam
2330 788 2420 833 ex
2451 770 2863 834 domesticis
2894 771 3065 851 suiS,

588 877 719 958 qui
748 876 839 940 ad
868 876 1264 956 Collegium
1294 877 1701 954 veniebant,
1725 876 1812 940 de
1840 877 2077 956 rebuS‚
2111 893 2293 957 quae
2316 877 2413 940 ibi
2433 878 2889 956 gerebantur,
2920 895 3074 958 per·

599 984 899 1048 libenter
925 984 1118 1064 loqui
1146 983 1444 1048 solebat.

724 1091 900 1154 1111.
990 1090 1256 1156 Omnes
1285 1091 1358 1155 hi
1388 1090 1589 1155 festis
1619 1091 1864 1156 diebus
1898 1091 1990 1155 ad
2032 1091 2497 1155 christianam
2536 1091 2938 1158 doctrinam
2981 1111 3073 1156 ex

593 1199 746 1263 suis
775 1198 1358 1280 praeceptoribus
1381 1199 1811 1263 audiendam
1841 1199 2244 1274 veniebant;
2280 1199 2568 1280 plurimi
2593 1209 2829 1264 autem
2859 1201 3073 1263 etiam

595 1322 804 1370 mane
836 1305 930 1370 ad
956 1323 1243 1370 sacrum
1271 1315 1342 1370 et
1371 1307 1794 1370 concionem
1823 1305 2272 1370 audiendam.
2306 1305 2712 1387 Collegerat
2735 1306 2811 1370 P.
2838 1307 3071 1372 Miron

589 1413 1034 1477 christianae
1084 1413 1454 1477 doctrinae
1505 1428 1857 1477 summam
1909 1430 2001 1476 ex
2051 1413 2210 1476 aliis
2248 1413 2455 1476 bonis
2504 1414 2915 1478 auctoribus
2936 1463 2951 1493 ,
3000 1425 3069 1478 et

599 1521 1183 1601 praeceptoribus
1213 1519 1544 1598 dederat,
1579 1536 1793 1599 quam
1823 1519 1923 1582 illi
1959 1518 2235 1584 feriatis
2272 1519 2521 1584 diebus
2559 1520 2925 1601 discipulis
2971 1522 3069 1585 di·

595 1627 924 1706 ctabant,
957 1636 1028 1690 et
1058 1627 1430 1691 dominicis
1459 1627 1812 1690 rationem
1838 1625 1991 1707 ejus
2020 1625 2436 1707 exigebant;
2469 1627 2798 1708 discipuli
2828 1639 3069 1693 autem

593 1733 668 1798 in
695 1735 1021 1798 domibus
1049 1751 1198 1798 suis
1220 1785 1235 1809 ,
1267 1751 1450 1816 quae
1467 1734 1908 1813 didicerant,
1941 1733 2126 1798 alios
2154 1734 2535 1814 docebant,
2562 1744 2631 1798 et
2657 1735 2875 1816 aliqui
2897 1754 3069 1801 suos

595 1850 928 1920 parentes
957 1843 1073 1905 vel
1103 1843 1283 1906 alios
1312 1842 1399 1905 de
1428 1842 1698 1905 familia
1727 1841 1820 1905 ad
1850 1840 2373 1905 confessionem
2402 1842 2495 1905 ad
2523 1841 2918 1923 Collegium
2950 1845 3068 1908 ad·

593 1947 983 2028 ducebant;
1017 1957 1088 2012 et
1118 1949 1240 2012 alii
1277 1949 1514 2029 pueri,
1559 1964 1807 2012 eorum
1847 1949 2210 2028 exemplo,
2248 1945 2817 2026 juramentorum
2858 1968 3065 2015 usum

591 2055 1106 2136 relinquebant,
1140 2056 1318 2120 adeo
1348 2065 1426 2120 ut
1448 2054 1681 2119 Deum
1703 2053 2089 2118 adduxisse
2112 2056 2251 2119 hoc
2274 2055 2675 2120 institutum
2696 2055 3061 2139 Olyssipo·

591 2179 762 2227 nam
791 2162 1246 2227 affirmarent.

719 2269 893 2333 1112.
982 2268 1224 2350 Aliqui
1251 2279 1490 2334 autem
1518 2277 1852 2350 parentes
1883 2285 2048 2332 cum
2077 2287 2163 2333 ea
2194 2269 2575 2334 devotione
2615 2281 2685 2334 et
2725 2272 3068 2352 lacrymis

584 2392 763 2440 suos
791 2377 972 2441 filios
1003 2377 1484 2456 adducebant,
1518 2384 1596 2440 ut
1629 2376 1704 2440 in
1742 2371 2062 2456 Collegio
2093 2377 2653 2454 instituerentur,
2686 2387 2765 2442 ut
2793 2378 3065 2442 videre·

592 2493 710 2548 tur
737 2484 910 2565 ipsis
940 2484 1463 2564 quodammodo
1495 2484 1568 2547 in
1605 2482 2021 2564 paradisum
2058 2484 2451 2561 adducere,
2495 2494 2565 2549 et
2612 2486 2675 2550 si
2726 2485 2895 2567 quid
2942 2485 3068 2550 filii

583 2591 786 2654 domi
815 2591 1052 2655 minus
1080 2599 1275 2654 recte
1305 2599 1634 2670 agerent,
1669 2590 1859 2670 apud
1897 2598 2405 2671 praeceptores
2446 2592 3065 2673 conquerebantur

592 2707 927 2779 parentes
956 2708 1033 2762 ut
1072 2699 1194 2780 qui
1236 2698 1517 2762 illorum
1555 2714 1804 2761 curam
1843 2697 1917 2760 in
1961 2707 2466 2778 praeceptores
2509 2700 3059 2764 transtulissent.

591 2803 1154 2869 Admirabantur
1185 2814 1425 2868 autem
1454 2803 1644 2884 quod
1666 2802 1840 2868 nihil
1863 2820 2163 2883 prorsus
2185 2804 2592 2885 acciperent
2613 2854 2628 2884 ,
2656 2805 2819 2869 licet
2840 2807 3067 2870 variis

595 2912 828 2977 modis
855 2930 1152 2978 munera
1184 2911 1564 2976 obtrudere
1593 2911 1694 2975 illi
1723 2920 2106 2976 tentarent.

716 3020 892 3084 1113.
979 3019 1222 3102 Aliqui
1251 3019 1521 3084 nobiles
1549 3018 1741 3082 domi
1771 3035 1945 3082 suae
1973 3027 2480 3099 praeceptores
2507 3019 2865 3084 habebant
2888 3069 2903 3100 ,
2938 3021 3064 3084 sed

584 3145 752 3192 cum
781 3128 1261 3208 intelligerent
1287 3129 1552 3192 bonam
1579 3125 1881 3206 Collegii
1910 3126 2459 3206 institutionem,
2492 3137 2640 3192 tam
2681 3128 2817 3208 ipsi
2858 3128 3064 3192 disci·

589 3235 736 3316 puli
764 3252 980 3317 quam
1010 3252 1259 3300 eorum
1287 3241 1788 3314 praeceptores
1823 3233 1915 3296 ad
1955 3232 2350 3312 Collegium
2389 3233 2793 3298 veniebant.
2836 3233 3065 3299 Erant

587 3343 773 3406 inter
811 3359 935 3406 eos
977 3341 1196 3422 aliqui
1235 3340 1682 3404 sacerdotes:
1729 3339 2020 3421 quidam
2070 3339 2285 3403 etiam
2334 3340 2652 3420 religiosi
2700 3341 2973 3406 institui
3022 3360 3065 3404 a

586 3449 852 3513 nostris
881 3449 954 3514 in
985 3449 1134 3513 suis
1163 3447 1618 3512 monasteriis
1647 3447 2031 3527 cupiebant
2052 3495 2067 3526 ,
2110 3447 2236 3510 sed
2275 3448 2781 3529 occupationes
2814 3449 2883 3512 id
2921 3467 3065 3513 non

589 3556 1130 3636 permittebant:
1183 3556 1259 3619 in
1306 3571 1697 3636 progressu
1741 3552 1951 3634 huius
1994 3554 2195 3634 anni,
2239 3555 2431 3634 quod
2467 3555 2665 3634 prius
2699 3573 2844 3620 non
2882 3555 3065 3620 fece·

583 3673 750 3728 rant
767 3714 782 3743 ,
817 3664 1209 3744 positiones
1240 3663 1421 3727 tueri
1443 3663 1742 3743 singulis
1765 3661 2129 3726 mensibus
2154 3672 2540 3743 coeperunt
2556 3711 2571 3742 ,
2598 3673 2667 3726 et
2690 3679 3063 3743 argumen-

587 3773 680 3836 tis
709 3771 1196 3836 oratiunculas
1225 3772 1482 3836 breves
1511 3771 1770 3834 latinas
1793 3779 1863 3834 et
1886 3787 2193 3850 graecas
2214 3787 2374 3833 cum
2399 3771 2833 3834 carminibus
2862 3789 3065 3851 prae·

587 3880 992 3959 mittebant,
1046 3889 1116 3943 et
1167 3878 1446 3942 externi
1483 3879 1576 3942 ad
1618 3894 1744 3942 eas
1792 3877 2187 3942 audiendas
2238 3877 2790 3957 conveniebant,
2834 3887 2904 3942 et
2954 3879 3058 3942 sic

587 4005 752 4052 cum
779 3987 1066 4051 fervore
1093 4003 1212 4050 res
1242 3985 1630 4049 litterariae
1655 3985 2166 4066 procedebant.

715 4093 892 4159 1114.
978 4093 1272 4158 Praeter
1309 4092 1444 4156 has
1486 4110 1616 4156 sex
1667 4093 1937 4156 classes
1988 4093 2293 4173 septima
2342 4101 2496 4156 erat
2515 4141 2531 4172 ,
2585 4093 2659 4156 in
2710 4110 2849 4174 qua
2902 4109 3063 4156 con·

583 4202 928 4266 scientiae
955 4216 1170 4266 casus
1197 4199 1738 4281 explicabantur
1756 4247 1771 4277 ,
1803 4209 1874 4264 et
1904 4199 2107 4262 multi
2144 4199 2589 4278 sacerdotes,
2641 4207 2721 4263 ut
2770 4198 2863 4263 ad
2901 4216 3064 4264 con-

586 4308 936 4373 fessiones
965 4306 1358 4372 audiendas
1388 4307 1640 4371 melius
1679 4306 2254 4386 instituerentur,
2301 4306 2779 4384 accedebant,
2824 4307 2948 4386 qui
2994 4315 3065 4370 et

584 4416 994 4480 scribebant
1022 4425 1384 4494 accurate,
1418 4430 1602 4495 quae
1633 4423 2055 4495 praeceptor
2084 4422 2498 4500 notaverat,
2532 4423 2603 4478 et
2634 4422 2795 4495 post
2826 4415 3063 4477 lectio·

585 4541 752 4588 nem
774 4523 1017 4586 varias
1039 4522 1494 4603 quaestiones
1515 4521 2009 4602 proponebant
2030 4522 2401 4601 magistre,
2428 4520 2724 4602 quierat
2746 4519 2822 4585 P.
2844 4519 3063 4584 Fran-

583 4631 823 4694 ciscus
850 4628 1256 4709 Rodriguez
1277 4673 1292 4704 ,
1325 4637 1396 4692 et
1426 4626 1838 4692 difficillima
1868 4645 2193 4710 quaeque
2234 4645 2401 4692 cum
2442 4644 2529 4690 eo
2574 4627 3059 4706 conferebant,

585 4747 659 4802 et
686 4738 917 4802 eidem
947 4737 1167 4818 aliqui
1195 4754 1288 4800 ex
1315 4735 1421 4800 eis
1450 4735 1995 4800 confitebantur.
2032 4735 2210 4801 Cum
2240 4735 2491 4799 eodem
2522 4734 2735 4799 Patre
2772 4747 3065 4816 propter
