3742 5392
727 482 836 540 434
1649 482 1902 540 Canon.
1945 480 2099 540 Soc.
2143 482 2284 553 JES.

847 626 988 689 933.
1077 628 1334 691 Martio
1366 644 1607 690 mense
1636 644 1800 690 cum
1841 626 1920 689 Ρ.
1953 626 2385 691 Franciscus
2430 627 2695 709 Borgia
2742 628 3205 710 Complutum.

730 744 1074 798 venturus
1104 743 1312 811 esset,
1347 744 1416 797 et
1439 734 1698 798 ibidem
1720 743 1908 797 esset
1928 731 2006 796 P.
2035 734 2309 799 Natalis
2338 728 2911 811 commissarius,
2946 737 3197 801 eodem

727 860 805 905 se
856 842 1152 905 contulit
1188 840 1266 905 P.
1310 841 1550 904 Araoz
1595 840 1648 919 ¹,
1690 849 1760 903 et
1797 841 2004 905 simul
2047 858 2208 904 cum
2246 840 2323 905 P.
2364 842 2423 904 F
2426 843 2755 906 rancisco
2791 843 3200 924 Principem-

725 949 1266 1030 Hispaniarum,
1299 946 1734 1028 Philippum,
1771 948 1844 1011 in
1871 948 2043 1012 villa
2088 965 2301 1029 quam
2330 950 2666 1012 Pardum
2696 961 2960 1014 vocant
2996 950 3052 1030 ¹,
3106 952 3193 1016 si-

726 1057 871 1120 mul
921 1056 1264 1136 alloquuti
1314 1064 1498 1129 sunt,
1553 1064 1620 1117 et
1681 1056 1772 1117 ab
1831 1054 2081 1118 eodem
2132 1073 2296 1119 cum
2352 1072 2616 1135 magna
2679 1056 3207 1137 significatione·-

727 1165 996 1227 amoris
1033 1163 1334 1244 excepti.
1390 1162 1637 1225 Voluit
1673 1172 1912 1226 autem
1950 1162 2303 1243 ,Princeps
2348 1164 2425 1227 P.
2479 1163 2851 1228 Francisci
2887 1165 3193 1245 Borgiae

725 1270 1019 1335 Missam
1052 1269 1320 1334 audire.
1355 1268 1701 1333 Postridie
1732 1269 1919 1332 idem
1950 1268 2026 1333 P.
2058 1269 2305 1333 Araoz
2336 1270 2834 1335 Vallisoletum
2865 1272 2956 1335 ad
2985 1288 3199 1353 quae·

719 1378 888 1441 dam
916 1377 1226 1457 negotia,
1263 1394 1448 1457 quae
1475 1375 1551 1438 P.
1587 1376 1864 1439 Natalis
1896 1377 1967 1440 in
1998 1376 2353 1458 Hispania
2382 1379 2740 1442 tractabat
2771 1379 2863 1441 ad
2890 1378 3200 1443 Romani-

723 1484 1020 1565 Collegii
1048 1485 1456 1560 utilitatem,
1484 1483 1803 1563 J'uvanda
1832 1483 2058 1562 venit,
2093 1493 2166 1547 et
2196 1484 2293 1547 ibi
2333 1494 2842 1564 expectaturus
2878 1496 3035 1549 erat
3074 1486 3196 1549 ad·

721 1602 1015 1656 ventum
1043 1590 1392 1670 Principis
1420 1590 1766 1671 Joannae,
1799 1607 1983 1671 quae
2014 1609 2104 1654 ex
2123 1590 2559 1670 Portugallia
2588 1592 2718 1654 sub
2742 1594 3039 1656 aestatis
3066 1593 3189 1656 ini-

721 1701 896 1764 tium
923 1698 1018 1761 ad
1042 1697 1633 1777 gubernationem
1664 1715 1706 1759 a
1729 1696 1950 1760 fratre
1974 1697 2325 1778 Philipp0,
2353 1696 2703 1778 Principe,
2741 1700 2814 1762 in
2846 1698 3197 1778 Angliam

720 1806 1239 1888 proficiscente,
1273 1814 1579 1867 evocata
1611 1815 1790 1868 erat.

841 1911 985 1975 934.
1073 1910 1520 1975 Obruebatur
1574 1919 1812 1974 autem
1859 1910 2095 1974 nimiis
2147 1912 2737 1991 occupationibus
2795 1912 2870 1975 P.
2926 1913 3187 1977 Araoz:

699 2022 886 2083 'cum
915 2020 1102 2083 enim
1143 2034 1407 2098 magna
1449 2027 1637 2081 esset
1679 2018 2116 2081 existimatio
2158 2019 2348 2098 apud
2388 2020 2725 2099 populum
2769 2020 2959 2100 quod
3002 2021 3191 2101 apud

720 2124 1122 2205 Principem
1143 2124 1546 2205 Philippum
1566 2134 1635 2187 et
1665 2124 1855 2203 apud
1878 2123 1967 2187 D.
1994 2122 2129 2187 Rui
2156 2122 2424 2188 Gomez
2449 2128 2745 2189 multum
2766 2128 3203 2190 auctoritate

723 2233 1016 2311 valeret,
1055 2232 1174 2295 vix
1205 2240 1484 2311 poterat
1513 2231 1944 2295 multitudini
1972 2230 2062 2294 ad
2093 2250 2253 2295 eum
2299 2232 2809 2297 confluentium
2836 2230 3191 2298 satisface-

719 2358 822 2403 re.
852 2338 1282 2403 Admonitus
1311 2338 1594 2419 quidem
1636 2337 1766 2402 fuit
1811 2344 1854 2401 a
1883 2336 1960 2402 P.
2004 2338 2283 2420 Ignatio
2314 2357 2401 2402 ne
2442 2339 2931 2404 saecularibus
2958 2358 3035 2405 se
3078 2360 3203 2405 ne·-

720 2448 934 2527 gotiis
994 2447 1462 2524 immisceret,
1517 2446 1641 2512 sed
1690 2446 2208 2526 praedicationi
2257 2448 2495 2527 potius
2546 2458 2615 2510 et
2656 2444 3033 2512 Societatis
3076 2467 3195 2512 no·

719 2564 912 2618 strae
942 2554 1252 2634 propriis
1281 2553 1693 2617 ministeriis
1724 2570 2019 2634 operam
2042 2553 2269 2633 daret,
2304 2562 2377 2617 et
2400 2570 2516 2617 res
2546 2554 2862 2635 ejusdem
2885 2554 3191 2619 Societa-

719 2666 810 2727 tis
859 2678 1284 2744 promovere
1323 2662 1670 2735 studeret3
1717 2661 1842 2725 sed
1882 2662 1998 2724 ille
2038 2676 2335 2742 prorsus
2375 2679 2545 2726 suas
2588 2680 2834 2727 omnes
2878 2664 3205 2728 actiones

718 2771 811 2835 ad
840 2769 977 2835 Dei
1011 2770 1317 2850 gloriam
1359 2778 1429 2833 et
1457 2768 1834 2833 Societatis
1876 2768 2251 2833 utilitatem
2295 2786 2373 2832 se
2418 2769 2729 2849 dirigere
2772 2770 3195 2846 affirmabat,

717 2879 790 2941 in
821 2876 1020 2957 cujus
1052 2877 1426 2945 utilitatem
1455 2885 1527 2939 et
1567 2876 2065 2941 auctoritatem
2098 2875 2593 2939 redundabant
2630 2894 2813 2957 quae
2844 2895 3008 2941 cum
3048 2896 3191 2967 ma·

715 2985 1074 3065 gnatibuS,
1114 2984 1487 3065 praelatiS‚
1532 2993 1602 3047 et
1639 2983 1802 3048 aliis
1838 2983 2192 3047 nobilibus
2238 2984 2535 3062 agebat,
2580 3001 2711 3047 nec
2762 2985 3003 3064 exigui
3047 3003 3198 3049 mo-

717 3092 935 3155 menti
960 3108 1115 3154 esse
1146 3090 1624 3154 arbitrabatur
1654 3100 1744 3155 ut.
1762 3091 1837 3154 hi
1865 3091 2229 3171 principes
2258 3100 2329 3153 et
2356 3091 2565 3171 regni
2594 3107 2931 3171 proceres
2962 3093 3197 3155 nostri

711 3200 1023 3263 Instituti
1043 3197 1373 3261 notitiam
1402 3198 1742 3261 haberent
1771 3207 1840 3261 et
1871 3196 1959 3260 de
1988 3215 2073 3261 eo
2097 3197 2276 3260 bene
2302 3199 2675 3276 sentirent;
2702 3198 2866 3261 inde
2887 3199 3073 3262 enim
3098 3200 3193 3262 ad

715 3307 885 3370 illud
933 3305 1372 3384 diligendum
1429 3316 1498 3367 et
1546 3304 1797 3368 favore
1849 3305 2423 3385 prosequendum
2478 3304 3057 3384 adducebantur;
3118 3316 3189 3370 et

713 3414 1044 3495 quamvis
1072 3413 1171 3475 illi
1200 3413 1697 3492 temporalium
1725 3429 1967 3476 rerum
1993 3412 2232 3490 gratia
2272 3410 2562 3475 Patrem
2602 3411 2847 3475 Araoz
2884 3412 3195 3489 adirent,

713 3532 951 3584 tamen
981 3521 1132 3601 ipse
1170 3516 1262 3581 ad
1291 3536 1501 3582 suum
1529 3536 1826 3600 scopum
1856 3519 2149 3582 honoris
2180 3517 2316 3581 Dei
2346 3530 2415 3582 et
2446 3520 2851 3582 communis
2887 3518 3051 3583 boni
3082 3536 3187 3582 re-

711 3627 898 3692 ferre
926 3626 1163 3691 omnia
1191 3625 1573 3704 nitebatur,
1607 3636 1678 3689 et
1709 3638 1784 3690 ut
1813 3626 1914 3690 illi
1942 3626 2338 3706 privatum,
2373 3626 2471 3687 ita
2503 3627 2657 3705 ipse
2688 3624 2825 3688 Dei
2856 3635 2925 3689 et
2954 3625 3183 3691 Socie-

710 3736 878 3799 tatis
904 3735 1270 3813 negotium
1299 3752 1377 3797 se
1405 3750 1622 3813 agere
1664 3733 2091 3812 affirmabat,
2126 3742 2197 3795 et
2224 3734 2467 3795 multis
2514 3733 2840 3796 accidere
2880 3742 2989 3812 ut,
3023 3751 3187 3797 cum

711 3842 1072 3907 venissent
1100 3858 1340 3904 rerum
1370 3840 1888 3904 mundanarum
1918 3841 2154 3918 gratia
2178 3889 2192 3918 ,
2239 3840 2527 3902 tandem
2568 3841 2639 3902 in
2681 3839 2791 3903 his
2813 3888 2827 3916 ,
2863 3857 3047 3920 quae
3090 3842 3182 3903 ad

707 3949 844 4012 Dei
873 3949 1290 4029 obsequium
1313 3948 1688 4028 pertinent,
1717 3949 2227 4025 constitissent,
2263 3957 2330 4010 et
2362 3948 2435 4010 in
2467 3947 2713 4010 mundi
2735 3948 3043 4024 negotiis
3065 3965 3179 4011 ne·

705 4056 903 4135 gotia
941 4055 1076 4119 Dei
1107 4056 1420 4118 inserere
1450 4072 1610 4118 cum
1652 4054 1879 4135 Ipsius
1908 4054 2157 4118 favore
2200 4054 2565 4129 studebat,
2601 4064 2669 4118 et
2702 4053 2891 4134 quod
2932 4054 3182 4118 attinet

707 4164 796 4225 ad
827 4161 1235 4242 hujusmodi
1261 4162 1572 4241 negotia,
1608 4162 1891 4225 demum
1918 4178 1996 4225 se
2028 4162 2219 4223 nulla
2250 4161 2647 4241 admittere,
2682 4162 2771 4225 de
2803 4162 3077 4242 quibuS,
3110 4162 3183 4224 in

710 4372 771 4380 -—
840 4373 851 4377 -
908 4373 919 4377 -
934 4372 1037 4377 ‘——
1070 4370 1130 4377 -—-

781 4516 799 4547 ¹
861 4515 996 4557 Vide
1027 4524 1214 4569 supra,
1247 4524 1367 4567 pag.
1388 4513 1482 4566 408,
1503 4526 1550 4557 n.
1571 4515 1668 4567 881,
1691 4520 1744 4557 et
1775 4514 2009 4568 paga-119,
2032 4525 2083 4555 n.
2103 4512 2201 4555 905

779 4586 804 4618 ⁸
857 4586 1006 4629 Villa
1037 4584 1167 4628 haec
1195 4589 1276 4627 est
1308 4586 1457 4639 regia
1487 4596 1646 4639 prope
1667 4584 1965 4639 Matr-itum,
1988 4586 2039 4629 ln
2060 4595 2161 4639 qua
2196 4584 2393 4627 duobus
2427 4592 2544 4637 post
2572 4584 2796 4628 saeculis
2824 4586 2927 4637 (an.
2954 4584 3179 4635 17631de-

701 4664 904 4702 cretum
935 4656 1168 4711 signavit
1191 4654 1410 4698 Carolus
1431 4655 1528 4708 111,
1548 4656 1830 4711 Hispaniae
1861 4654 1991 4709 Rex,
2014 4667 2114 4710 quo
2146 4657 2361 4699 exulare
2392 4666 2424 4698 a
2454 4655 2561 4697 suis
2595 4655 2832 4699 dominus
2860 4655 3181 4698 Societatem

704 4731 937 4786 jubebat.
