3742 5392
1544 542 1667 599 ΑΝ.
1712 542 1852 599 1554
2833 540 2947 601 595

478 688 877 754 aedificium
916 688 1315 751 absolutum
1353 695 1422 749 et
1459 686 1589 750 dos
1638 684 1994 749 sufficiens
2025 699 2460 767 cerneretur;
2500 703 2727 767 neque
2757 689 2948 751 enim

480 796 790 877 operarii
816 804 965 859 tam
994 794 1329 875 copiosae
1359 793 1595 872 messi,
1629 811 1811 874 quae
1836 810 1992 856 sese
2015 792 2323 874 undique
2348 792 2709 872 offerebat,
2737 812 2954 876 pares

481 920 639 968 esse
668 912 1031 984 poterant,
1074 902 1406 981 quamvis
1441 900 1785 981 peculiari
1824 897 2133 979 quadam
2169 900 2620 979 providentia
2665 900 2798 965 Dei
2829 903 2950 965 ali·

480 1013 601 1094 qui
628 1011 721 1075 ad
748 1008 1179 1074 Societatem
1210 1008 1454 1072 vocari
1482 1008 1987 1083 cernebantur,
2020 1008 2143 1087 qui
2185 1008 2277 1071 ad
2305 1008 2507 1072 initia
2549 1007 2952 1089 hujusmodi

478 1118 980 1183 fundationum
1024 1116 1233 1179 valde
1272 1116 1507 1179 idonei
1544 1114 1763 1179 futuri
1807 1114 2266 1193 videbantur,
2309 1114 2708 1196 qu‘usmodi
2745 1128 2954 1181 erant

477 1204 783 1291 lectores
803 1222 1307 1288 humaniorum
1324 1206 1747 1311 litterarum3
1772 1238 1940 1285 nam
1970 1239 2055 1285 eo
2079 1230 2397 1301 tempore
2422 1222 2605 1286 inter
2629 1224 2808 1288 alios
2833 1223 2958 1290 So·

480 1334 811 1397 cietatem
840 1330 1197 1411 Compluti
1220 1338 1387 1393 sunt
1409 1328 1716 1409 ingressi
1739 1328 1930 1408 Mag.
1965 1328 2332 1407 Vanegas,
2367 1330 2488 1410 qui
2519 1330 2954 1395 rhetoricam

481 1458 569 1504 ea
598 1441 667 1503 in
698 1438 1181 1504 Universitate
1213 1436 1553 1499 docuerat
1586 1434 1629 1510 ²,
1660 1444 1728 1499 et
1772 1435 2028 1499 Petrus
2069 1452 2156 1499 ac
2201 1434 2391 1515 Mag.
2426 1436 2759 1501 Andreas
2786 1438 2958 1502 Fer·

482 1547 759 1611 nandez
786 1595 800 1623 ,
861 1545 979 1627 qui
1035 1545 1108 1608 in
1166 1544 1280 1606 his
1335 1543 1587 1607 litteris
1641 1560 1784 1605 non
1834 1540 2216 1606 mediocris
2272 1542 2692 1608 eruditionis
2745 1546 2958 1609 habe·

486 1656 769 1719 bantur.

610 1760 786 1825 1264.
875 1760 1053 1824 Cum
1109 1756 1186 1821 P.
1247 1756 1514 1823 Suarez
1570 1757 1923 1838 Hispalim
1978 1758 2198 1837 venit,
2254 1761 2520 1839 optime
2570 1760 2957 1841 dispositos

484 1871 869 1933 multorum
894 1868 1171 1930 animos
1194 1865 1466 1930 invenit
1490 1866 1581 1929 ad
1604 1865 1902 1945 Collegii
1925 1864 2435 1946 fundationem,
2457 1885 2543 1931 ac
2567 1868 2952 1949 praecipue

484 1975 761 2041 Vicarii
790 1972 1339 2054 Archiepiscopi
1367 1972 1413 2050 ²;
1440 1982 1509 2035 et
1530 1972 1645 2036 vir
1665 1972 1958 2053 quidam
1980 1973 2364 2054 primarius
2387 1973 2410 2005 ⁸
2433 1975 2726 2039 domum
2751 1992 2954 2039 suam

482 2082 748 2147 nostris
775 2080 1238 2160 relinquebat,
1265 2079 1491 2142 donec
1515 2079 1729 2142 aliam
1750 2080 1986 2158 magis
2008 2090 2482 2161 opportunam
2506 2082 2734 2145 nostri
2759 2082 2954 2145 nacti

482 2198 751 2265 essent,
785 2201 855 2252 et
886 2188 1239 2251 adventus
1266 2185 1342 2249 P.
1376 2185 1744 2249 Francisci
1774 2187 2320 2266 expectabatur,
2355 2196 2431 2251 ut
2471 2187 2737 2269 aliquid
2777 2189 2958 2252 certi

484 2298 572 2362 de
617 2294 961 2375 erigendo
999 2292 1317 2373 Collegio
1347 2301 1815 2356 statueretur:
1862 2294 2012 2373 ipse
2042 2305 2280 2357 autem
2322 2311 2485 2358 cum
2528 2296 2838 2375 primum
2881 2312 2960 2358 se

488 2404 849 2469 Placentia
877 2401 1211 2483 expedire
1242 2408 1503 2482 posset,
1536 2400 1888 2480 Hispalim
1919 2418 1996 2464 se
2029 2410 2408 2465 venturum
2434 2403 2783 2483 promisit.

614 2510 789 2575 1265.
877 2508 1161 2590 Agebat
1190 2496 1762 2573 Archidiaconus
1799 2508 2052 2573 Dimas
2079 2508 2343 2590 Camps
2374 2509 2460 2573 de
2491 2511 2771 2575 ratione
2801 2511 2953 2577 Col-

484 2619 651 2701 legii
679 2616 1277 2682 Barchinonensis
1304 2614 1621 2694 dotandi,
1654 2626 1724 2678 et
1754 2616 1841 2679 de
1873 2633 1960 2679 ea
1988 2615 2066 2679 P.
2099 2615 2566 2682 Franciscum
2607 2635 2733 2698 per
2773 2620 2956 2683 litte-

488 2744 611 2791 ras
638 2725 991 2791 consuluit
1021 2724 1214 2804 (nam
1242 2722 1513 2788 Romae
1540 2722 1612 2785 id
1642 2724 1984 2803 temporis
2015 2725 2436 2788 versabatur
2469 2723 2562 2801 ⁴):
2599 2726 2964 2809 rescripsit

492 2844 731 2898 autem
751 2832 817 2897 ei
838 2830 917 2895 P.
941 2830 1389 2907 Franciscus,
1418 2839 1487 2893 et
1508 2830 1851 2894 excitavit
1875 2830 1951 2894 P.
1979 2828 2312 2895 Stradam
2336 2841 2410 2895 ut
2435 2831 2964 2897 Barchinonam

490 2958 568 3005 se
606 2939 960 3004 conferret
1002 2948 1075 3002 ut
1114 2938 1202 3002 de
1243 2938 1380 3001 hac
1418 2937 1574 3018 ipsa
1624 2954 1699 2999 re
1744 2953 1992 3001 coram
2041 2938 2196 3018 ipso
2247 2948 2603 3017 ageretur.
2657 2939 2962 3021 Scripsit

490 3047 679 3111 idem
716 3044 794 3109 P.
838 3045 1299 3123 Franciscus,
1334 3062 1377 3107 a
1415 3041 1491 3106 P.
1524 3043 1803 3123 Ignatio
1844 3043 2282 3123 admonitus,
2319 3048 2654 3125 egregias
2683 3048 2964 3111 litteras

490 3154 583 3218 D.
624 3152 884 3236 joanni
921 3152 1009 3216 de
1050 3150 1431 3229 Mendoza,
1473 3148 1659 3213 Novi
1695 3148 1984 3214 Castelli
2024 3152 2458 3231 neapolitani
2502 3152 2864 3231 praefecto
2913 3152 2960 3233 ⁸,

490 3262 746 3342 quibus
772 3278 917 3324 non
944 3276 1197 3341 parum
1225 3257 1377 3339 eius
1406 3258 1685 3321 animus
1714 3258 1808 3321 ad
1836 3258 2328 3338 exequendum
2357 3258 2449 3337 id,
2483 3260 2674 3340 quod
2703 3278 2965 3342 propo·

492 3376 759 3443 suerat,
792 3366 1093 3431 excitari
1122 3365 1375 3447 potuit.

616 3473 793 3541 1266.
880 3472 1061 3538 Cum
1092 3480 1425 3553 ageretur
1454 3473 1541 3536 de
1563 3472 1889 3536 domibus
1915 3472 2358 3553 probationis
2379 3472 2451 3536 in
2475 3473 2778 3553 singulis
2804 3492 2964 3555 pro-

490 3582 747 3646 vinciis
774 3580 1164 3661 Hispaniae
1187 3579 1722 3657 constituendiS,
1748 3588 1818 3643 et
1838 3578 1912 3642 in
1935 3576 2312 3643 Provincia
2334 3578 2750 3659 Aragoniae
2774 3582 2868 3645 ad
2889 3582 2960 3644 id

490 3688 772 3753 Gandia
792 3738 807 3767 ,
860 3688 933 3751 in
980 3687 1269 3751 Baetica
1319 3685 1679 3750 Placentia
1739 3686 2116 3767 designata
2169 3696 2358 3751 esset
2380 3736 2394 3764 ,
2455 3687 2529 3750 in
2585 3686 2966 3753 Provincia

491 3797 845 3861 Castellae
874 3794 1209 3876 oppidum
1237 3792 1631 3873 SimancaS,
1675 3794 1795 3858 ubi
1825 3794 1962 3857 hoc
1991 3794 2146 3874 ipso
2177 3810 2364 3857 anno
2395 3792 2790 3875 Collegium
2819 3795 2968 3861 sue-

493 3912 605 3967 rat
633 3902 1066 3980 inchoatum,
1100 3903 1400 3964 electum
1428 3899 1582 3964 fuit.
1624 3899 2004 3965 Constituit
2032 3909 2273 3964 autem
2302 3900 2379 3964 P.
2413 3900 2850 3967 Franciscus
2877 3904 2964 3965 ad

492 4026 757 4074 novam
786 4008 1092 4073 Domum
1122 4007 1561 4088 probationis
1592 4005 1781 4089 apud
1808 4004 2184 4071 Simancas
2212 4006 2288 4071 P.
2324 4006 2790 4073 Bustamante
2811 4058 2826 4085 ,
2861 4028 2972 4074 so-

579 4287 595 4320 i
654 4284 837 4341 nujus,
858 4292 1069 4340 praeter
1090 4296 1391 4341 cognomen,
1413 4284 1546 4329 nihil
1560 4290 1703 4329 certe
1719 4284 1975 4330 novimus.
1997 4284 2178 4331 Eritne
2201 4286 2286 4331 hic
2315 4287 2400 4332 ille
2421 4287 2715 4333 rhetorice·
2735 4292 2900 4334 lector
2919 4290 2968 4332 in

506 4356 792 4402 Academia
827 4355 1196 4412 Complntensi,
1229 4362 1409 4401 orator
1440 4362 1493 4400 et
1526 4360 1682 4411 poeta
1701 4388 1713 4411 ,
1742 4358 1892 4413 cnjus
1919 4356 2154 4402 meminit
2191 4358 2462 4403 Ponaxcun
2500 4370 2660 4414 supra
2675 4393 2686 4414 ,
2719 4371 2838 4416 pag.
2871 4360 2971 4413 412,

500 4440 547 4473 n.
564 4428 671 4473 890?

576 4499 601 4531 ²
654 4499 791 4545 Vide
809 4510 987 4557 snpra,
1002 4511 1123 4556 pag.
1142 4500 1241 4555 ⁴65,
1262 4506 1443 4544 annot.
1468 4500 1497 4544 6
1517 4500 1583 4544 ad
1604 4511 1655 4543 n.
1674 4500 1777 4545 99⁴.

576 4571 599 4603 ³
654 4570 1013 4616 Ferdinandns
1032 4570 1201 4616 Pence
1223 4572 1285 4615 de
1314 4570 1476 4615 Leon.
1498 4569 1845 4626 Saunvasssz,
1867 4574 1904 4616 1.
1925 4584 1988 4626 c..
2006 4573 2092 4618 lib.
2112 4584 2146 4628 1,
2170 4584 2283 4629 cap.
2307 4586 2434 4630 xvn,
2457 4587 2505 4619 n.
2523 4574 2978 4633 4.-Οιικιτυκοοε,

493 4645 527 4686 1.
551 4655 610 4695 c..
631 4642 723 4686 lib.
742 4652 817 4697 iv,
837 4653 951 4697 cap.
972 4654 1067 4693 ιιι.
1086 4640 1119 4699 g
1138 4644 1181 4687 i.

574 4715 597 4746 ⁴
652 4712 787 4758 Vide
805 4724 983 4769 supra,
1004 4724 1125 4769 pag.
1144 4714 1244 4770 357,
1264 4720 1441 4759 annot.
1464 4713 1493 4759 8
1510 4715 1579 4760 ad
1600 4728 1647 4760 n.
1668 4715 1765 4760 763.

578 4785 601 4819 ὅ
656 4784 792 4831 Vide
810 4796 989 4843 supra,
1010 4786 1323 4840 praesertim
1344 4797 1465 4842 pag.
1491 4786 1584 4841 176,
1604 4799 1656 4831 n.
1674 4788 1771 4833 371.
