3742 5392
739 486 812 545 36
1659 485 1915 547 Cimon.
1960 485 2111 544 Soc.
2154 485 2295 559 Jas,

739 632 971 714 misit,
1033 633 1456 715 rogavitque
1515 645 1591 697 ut
1649 652 1692 697 a
1746 631 1928 697 Sede
1986 633 2405 714 Apostolica
2460 631 2851 696 remedium
2910 633 3000 696 ad
3059 641 3211 697 tam

742 742 961 803 multa
991 751 1289 820 peccata
1320 741 1656 804 evitanda
1685 743 2164 820 postularetur
2199 738 2241 799 ¹.

861 849 962 911 52.
1052 847 1364 911 Deduxit
1407 857 1642 912 autern
1683 865 1927 911 secum
1952 846 2288 927 juvenem
2330 848 2707 928 quemdam
2746 849 3094 927 sanguine
3132 848 3206 911 il·

743 957 1035 1019 lustrem
1066 957 1216 1037 qui,
1251 973 1411 1018 curn
1441 954 1753 1035 Principi
1783 957 1804 985 ²
1835 954 2157 1035 Philippo
2186 955 2596 1033 inserviret,
2640 972 2802 1019 cum
2843 955 3000 1018 aliis
3032 954 3209 1018 viris

742 1063 1095 1127 nobilibus
1137 1063 1230 1126 ad
1266 1063 1524 1126 bellum
1563 1062 1919 1125 corsicum
1960 1061 2319 1141 profectus
2361 1061 2623 1140 fuerat,
2670 1072 2740 1125 et
2782 1062 2878 1124 ibi
2916 1062 2989 1125 in
3026 1078 3217 1124 mor·

742 1171 908 1233 burn
937 1187 1238 1250 gravem
1268 1169 1618 1248 incidenS,
1653 1169 2071 1248 religionem
2100 1168 2379 1248 ingredi
2408 1169 2905 1246 constituerat,
2938 1178 3041 1247 et,
3075 1167 3209 1230 Ge·
3308 1221 3311 1228 .

743 1295 960 1341 nuam
988 1277 1317 1355 venienS,
1351 1285 1422 1340 et
1463 1275 1540 1339 P.
1571 1275 1864 1356 Laynez
1893 1267 2226 1352 audiens,
2270 1285 2340 1338 et
2382 1293 2545 1339 cum
2573 1275 2821 1338 eodem
2848 1275 3209 1339 familiari-

742 1394 850 1449 ter
880 1402 1135 1464 agenS,
1181 1383 1518 1449 Societati
1561 1401 1639 1446 se
1681 1383 1983 1460 addixit,
2028 1383 2315 1446 nomine
2348 1383 2733 1446 Federicus
2760 1382 3129 1463 Maurique
3160 1383 3215 1444 ³.

745 1491 923 1557 Cum
953 1501 1191 1554 autem
1217 1489 1652 1553 Florentiam
1683 1489 2018 1568 venisset,
2060 1490 2241 1552 alius
2271 1491 2487 1554 etiam
2506 1488 2792 1570 juvenis
2822 1509 2913 1554 ex
2939 1489 3210 1554 familia

740 1599 1025 1678 illustri,
1061 1615 1284 1678 nepos
1311 1615 1404 1662 ex
1431 1614 1678 1661 sorore
1707 1597 2075 1677 ipsiusmet
2103 1596 2178 1659 P.
2213 1596 2523 1678 Laynez,
2557 1598 2844 1661 nomine
2873 1596 3223 1678 Aloysius

745 1708 831 1771 de
869 1705 1249 1784 Mendoza‚
1296 1705 1417 1786 qui
1457 1705 1528 1768 in
1573 1703 1808 1768 Gallia
1851 1704 2211 1785 C1salpina
2254 1705 2721 1784 militaverat,
2767 1702 3103 1768 Societati
3136 1723 3217 1768 se

751 1811 1104 1893 adjunxit,
1137 1821 1205 1876 et
1233 1822 1529 1892 uterque
1559 1811 1768 1874 simul
1795 1810 2095 1874 Romam
2126 1812 2384 1875 missus
2414 1821 2542 1875 est.

866 2140 968 2203 53.
1057 2137 1276 2201 Paulo
1327 2146 1706 2217 antequam
1756 2134 2008 2200 Genua
2052 2136 2417 2199 recederet
2460 2135 2535 2199 P.
2584 2137 2904 2216 Laynez,
2960 2153 3213 2218 oppor-

747 2257 916 2312 tune
945 2263 1037 2309 ex
1077 2244 1372 2310 Corsica
1400 2252 1698 2307 venerat
1726 2242 1804 2306 P.
1836 2242 2252 2306 Emmanuel
2282 2240 2327 2305 ⁴.
2371 2243 2702 2307 Vidimus
2740 2245 2810 2306 in
2853 2243 2997 2324 hiS,
3032 2262 3222 2325 quae

747 2354 1133 2436 praeterito
1175 2367 1365 2414 anno
1409 2349 1600 2413 dicta
1641 2357 1839 2427 sunt,
1888 2367 2070 2430 quae
2116 2349 2378 2430 placuit
2406 2349 2714 2413 Divinae
2743 2351 3056 2415 Bonitati
3086 2369 3219 2430 per

746 2461 824 2526 P.
880 2458 1328 2540 Sylvestrum
1366 2455 1765 2519 Laudinum
1809 2465 1877 2518 et
1920 2472 2046 2534 per
2090 2472 2249 2518 eum
2290 2473 2375 2518 ea
2419 2456 2751 2520 ininsula
2790 2458 3096 2538 operari;
3146 2466 3217 2521 et

750 2586 912 2633 cum
952 2575 1376 2647 potestatem
1418 2564 1818 2626 liberiorem
1857 2581 1901 2625 a
1938 2561 2234 2628 Summo
2275 2562 2613 2626 Pontifice
2656 2565 3098 2645 accepissent
3139 2576 3216 2628 ut

1912 2711 1931 2742 Ι

834 2795 852 2826 ¹
911 2793 1070 2838 “Dum
1092 2791 1291 2846 januae
1311 2791 1613 2834 morabatur
1634 2789 1782 2832 annis
1803 2789 1909 2832 1553
1928 2795 1981 2832 et
2003 2789 2123 2842 1554,
2146 2789 2475 2833 concionibus
2494 2789 2745 2835 habendis
2766 2797 3062 2846 occupatus,
3079 2793 3132 2836 in
3154 2805 3219 2838 ea

749 2868 877 2912 urbe
899 2867 1144 2920 opulenta
1166 2871 1218 2906 et
1239 2869 1589 2906 mercatorum
1609 2859 1904 2915 frequentia
1925 2861 2264 2904 celeberrima
2284 2861 2491 2916 saepius
2506 2861 2557 2905 in
2575 2868 2820 2916 suggesto
2837 2864 2899 2907 de
2916 2867 3215 2908 moralitate

747 2939 1020 2984 variorum
1039 2936 1364 2990 negotiorum
1386 2933 1524 2987 loqui
1544 2938 1760 2976 coactus
1779 2931 1895 2976 fuit.
1916 2931 1973 2975 Id
1994 2932 2117 2975 fecit
2140 2943 2198 2975 eo
2219 2933 2389 2976 fructu
2404 2964 2415 2984 ‚
2436 2941 2495 2976 ut
2516 2945 2613 2977 non
2635 2936 2800 2978 solum
2828 2935 3034 2988 plurimi
3065 2947 3217 2990 pecu-

749 3010 864 3055 nias
883 3009 1072 3063 injuste
1094 3017 1360 3062 possessas
1379 3005 1736 3056 restituerent.
1757 3005 1849 3047 sed
1869 3004 2029 3048 etiam
2050 3003 2392 3057 magistratus
2414 3005 2635 3048 edictum
2648 3007 2953 3060 publicaret,
2971 3014 3027 3050 ut
3044 3019 3219 3052 omnes

751 3086 1070 3125 mercatores
1090 3081 1251 3122 libros
1272 3083 1426 3131 atque
1447 3075 1667 3120 schedas
1687 3080 2051 3119 contractuum
2072 3086 2281 3118 suorum
2303 3077 2503 3129 publice
2526 3077 2859 3121 ostenderent
2895 3089 2927 3121 a
2956 3079 3217 3134 theologis

750 3157 804 3198 et
818 3150 1204 3208 iurisconsultis
1223 3147 1552 3193 revidendas.
1575 3146 1912 3191 Desideravit
1932 3145 2149 3190 Lainius
2169 3146 2461 3201 (palamque
2482 3149 2580 3191 hoc
2603 3147 3000 3202 pronuntiavit).
3019 3160 3075 3194 ut
3106 3163 3217 3194 cer-

751 3230 809 3269 ta
829 3224 1009 3278 dubia,
1031 3233 1162 3278 quae
1183 3221 1327 3265 circa
1347 3225 1649 3263 contractus
1679 3220 2048 3271 remanebant,
2078 3225 2293 3263 sanctae
2332 3219 2439 3263 sedi
2475 3219 2757 3264 decidenda
2791 3232 3217 3275 proponerentur.

749 3295 966 3341 Interim
1001 3303 1174 3339 tamen
1191 3326 1202 3347 ,
1237 3293 1418 3336 volens
1451 3291 1664 3336 incertis
1684 3290 2016 3334 conscientiis
2036 3289 2373 3335 directionem
2396 3293 2622 3346 aliquam
2651 3295 2932 3336 salutarem
2953 3295 3216 3349 exhibere,

750 3369 886 3412 hanc
908 3365 1323 3421 Disputationem
1343 3363 1589 3407 exaravit
1609 3361 1660 3406 in
1681 3373 1830 3406 usum
1850 3362 2132 3416 praecipue
2151 3394 2162 3415 ,
2182 3368 2241 3405 ut
2262 3368 2484 3416 apparet
2501 3395 2511 3412 .
2546 3363 2997 3409 confessariorum.
3029 3364 3122 3409 Cui
3143 3372 3228 3410 ta-

751 3451 869 3484 men
889 3440 1054 3483 multa
1074 3437 1337 3492 adjunxit,
1359 3445 1491 3490 quae
1529 3434 1808 3478 lectoribus
1844 3445 1909 3476 ex
1940 3434 2054 3488 ipsa
2088 3439 2437 3478 mercatorum
2473 3435 2638 3478 classe
2672 3435 2929 3489 adaptata
2966 3447 3133 3490 erant,
3169 3439 3219 3482 id

751 3512 892 3567 quod.
922 3509 1230 3566 praesertim
1265 3509 1327 3552 de
1367 3509 1512 3552 initio
1542 3505 1923 3561 Disputationis
1938 3537 1949 3558 ‚
1970 3505 2020 3548 in
2044 3517 2143 3559 quo
2166 3507 2433 3564 generalia
2454 3507 2709 3561 principia
2730 3514 3031 3552 statuuntur
3047 3541 3059 3562 ,
3081 3516 3133 3552 et
3157 3511 3219 3553 de

751 3581 851 3627 fine
871 3582 1102 3638 ejusdem
1122 3583 1284 3625 valet.
1307 3579 1456 3623 Hanc
1477 3579 1691 3622 illamve
1709 3583 1913 3632 partem
1944 3577 2161 3620 forsitan
2182 3577 2291 3630 ipse
2312 3578 2467 3621 etiam
2500 3589 2594 3632 pro
2625 3579 2867 3622 concione
2897 3580 3220 3625 auditoribus

751 3655 960 3699 selectis
976 3686 986 3705 ,
1011 3655 1076 3698 ad
1098 3663 1225 3708 quos
1255 3663 1338 3696 res
1371 3651 1693 3706 pertinebat,
1729 3649 2014 3703 exposuit...
2047 3647 2274 3694 Gxussan
2294 3683 2303 3700 .
2336 3648 2528 3704 Jacobi
2555 3651 2775 3704 Laynee
2808 3651 3223 3706 Disputationes

760 3725 1145 3776 Tridentinae,
1178 3731 1215 3768 t.
1251 3735 1315 3773 11.
1352 3734 1469 3777 pag.
1501 3723 1580 3774 61,
1619 3722 1669 3764 in
1701 3721 2081 3775 prolegomenis
2101 3721 2166 3764 ad
2187 3720 2356 3764 Lainii
2376 3727 2665 3765 tractatum
2687 3721 2766 3766 De
2788 3735 2956 3766 usura
2974 3727 3025 3767 ct
3044 3727 3227 3768 variis-

753 3797 1118 3842 contractibus
1139 3798 1518 3841 mercatorum.
1547 3794 1602 3836 P.
1623 3798 1798 3837 autem
1819 3794 1929 3847 ipse
1948 3792 2161 3850 Laynez
2180 3824 2191 3845 ‚
2214 3793 2267 3836 in
2286 3793 2517 3848 eJusdem
2540 3799 2801 3838 tractatus
2831 3795 2979 3840 initio
3000 3796 3130 3839 haec
3152 3797 3224 3840 ad

753 3879 864 3912 rem
883 3870 977 3913 ait:
1000 3869 1158 3922 “Quia
1180 3879 1334 3923 saepe
1355 3866 1564 3920 saepius
1585 3865 1828 3920 proposui
1857 3870 1912 3907 et
1943 3863 2263 3919 exaggeravi
2282 3897 2293 3918 ‚
2316 3875 2469 3919 quam
2492 3865 2761 3918 expediret
2781 3867 2846 3910 ad
2882 3867 2977 3910 Dei
2997 3869 3219 3922 gloriam

755 3945 808 3982 et
840 3939 1046 3983 laudem
1077 3944 1234 3992 atque
1269 3937 1444 3992 hujus.
1487 3936 1586 3979 imo
1623 3936 1782 3979 totius
1812 3935 2132 3978 christianae
2156 3935 2473 3988 reipublicae
2492 3935 2802 3989 utilitatem,
2823 3937 2865 3980 si
2888 3937 3099 3991 negotia
3118 3939 3220 3982 fre·

751 4010 1026 4066 quentiora
1043 4043 1053 4060 .
1076 4021 1207 4064 quae
1229 4021 1262 4054 a
1282 4008 1660 4052 mercatoribus
1680 4005 2023 4059 januensibus
2044 4012 2353 4049 exercentur
2368 4038 2379 4058 ‚
2412 4006 2611 4050 sincere
2647 4013 2700 4050 et
2740 4007 2962 4052 fideliter
3000 4021 3125 4063 expe
3135 4021 3220 4053 ne-

753 4087 931 4125 rentur
951 4086 1166 4125 sanctae
1187 4080 1297 4124 sedi
1319 4079 1663 4132 apostolicae,
1685 4084 1739 4120 ct
1759 4079 1826 4121 ab
1847 4077 2029 4120 eadem
2048 4082 2167 4132 post
2197 4083 2459 4121 maturam
2494 4077 2863 4122 discussionem
2895 4080 3219 4125 obtineretur

753 4165 1054 4208 responsum
1075 4158 1128 4196 et
1148 4151 1480 4205 exequutioni
1501 4150 1597 4193 sub
1616 4149 1868 4202 gravibus
1893 4149 2126 4192 censuris
2147 4149 2483 4212 mandaretur
2498 4181 2509 4203 ‚
2531 4149 2651 4203 quia
2668 4182 2678 4199 .
2701 4149 2909 4204 inquam
2929 4183 2938 4203 ‚
2960 4151 3090 4195 haec
3111 4163 3225 4196 sae·

754 4226 870 4280 pius
891 4224 1150 4268 inculcavi
1167 4257 1178 4278 ‚
1199 4233 1293 4267 nec
1317 4229 1491 4266 tamen
1511 4221 1717 4266 interim
1737 4221 1842 4264 dixi
1859 4251 1870 4272 ,
1892 4221 2011 4274 quid
2036 4220 2162 4264 mihi
2200 4220 2467 4271 videatur,
2506 4227 2561 4264 ut
2597 4222 2753 4265 saluti
2789 4228 2841 4265 et
2872 4223 3219 4267 conscientiae

667 4351 672 4358 Ι
753 4308 897 4341 meae
919 4297 1182 4340 consulam
1197 4327 1209 4348 ,
1230 4295 1440 4338 decrevi
1455 4325 1466 4346 ,
1487 4303 1640 4337 casus
1661 4292 1969 4346 praecipuos
1984 4325 1995 4346 ,
2017 4299 2069 4335 et
2094 4292 2179 4346 qui
2198 4293 2515 4336 communius
2537 4291 2735 4346 januae
2768 4301 3220 4349 exercentur.per-

758 4375 1036 4418 tractare...
1057 4366 1206 4419 Ibid.‚
1227 4377 1347 4420 pag.
1367 4365 1461 4409 227.

801 4463 806 4468 .
834 4439 857 4471 ¹
913 4439 1300 4493 Hispaniarum.

833 4513 857 4544 ³
913 4511 987 4556 De
1008 4513 1105 4554 hoc
1130 4509 1250 4553 vide
1270 4508 1495 4561 Polanci,
1517 4519 1584 4550 ex
1605 4519 1760 4559 com..
1783 4509 1991 4552 litteras
2014 4509 2078 4552 ad
2100 4508 2313 4552 Patrem
2332 4507 2581 4561 jacobum
2604 4509 2839 4566 Layncz‚
2871 4511 2899 4552 7
2942 4509 3071 4562 iulii.
3096 4511 3226 4563 1554,

753 4591 806 4628 et
829 4584 1021 4628 cartas
1048 4583 1114 4626 de
1137 4582 1246 4625 San
1268 4579 1513 4633 Ignacio,
1535 4587 1573 4624 t.
1597 4593 1630 4622 v
1651 4589 1704 4623 et
1727 4592 1797 4624 vx.

831 4658 857 4689 ⁴
911 4655 965 4699 P.
981 4654 1284 4697 Emmanuel
1310 4651 1498 4696 Gomez
1519 4653 1582 4695 de
1602 4651 1989 4710 Montemayor‚
2023 4656 2227 4708 saepius
2264 4655 2556 4699 nominatus
2592 4655 2895 4698 Emmanuel
2932 4655 2995 4696 de
3027 4653 3222 4698 Monte·

752 4739 952 4785 mayor.
974 4726 1106 4770 Vide
1130 4737 1288 4780 supra
1305 4758 1315 4778 ,
1339 4731 1374 4769 t.
1397 4735 1436 4768 n
1456 4730 1508 4770 et
1531 4735 1589 4770 m
1604 4758 1615 4778 ,
1635 4726 1721 4769 ubi
1745 4725 1807 4768 de
1828 4727 1981 4770 rebus
2005 4726 2245 4770 Corsicae
2270 4727 2461 4781 agitur.
