3742 5392
724 466 834 527 266
1644 469 1902 529 Cnaoa.
1943 469 2094 530 Soc.
2135 470 2276 545 Jes.

846 614 991 677 571.
1079 616 1254 678 Erat
1294 625 1533 679 autem
1570 617 2078 679 monasterium
2119 617 2188 679 in
2235 616 2493 679 finibus
2535 616 2948 693 Bohemiae‚
2981 616 3198 679 Lusa—

730 721 893 800 tiae,
926 722 1225 785 Misniae
1256 733 1325 786 et
1354 722 1678 799 Silesiae,
1712 742 1896 805 quae
1927 724 2168 802 magni
2201 725 2538 787 momenti
2565 724 2978 803 provinciae
3009 733 3194 787 sunt.

730 827 1120 909 Respondit
1164 829 1498 893 Canisius
1548 848 1691 893 non
1742 830 1876 893 sibi
1917 840 2390 912 opportunum
2437 830 2663 894 videri
2691 832 2924 893 locum
2975 831 3194 903 illum,

730 953 893 999 cum
920 938 1169 1017 procul
1199 955 1240 999 a
1281 936 1689 999 civitatibus
1732 946 1950 1015 esset,
1987 936 2108 999 sed
2153 938 2225 1000 in
2254 938 2494 1018 aliqua
2531 956 2622 1001 ex
2649 937 3058 1017 praecipuis
3099 938 3190 999 ci-

736 1042 1104 1123 vitatibuS,
1140 1044 1259 1107 ubi
1288 1045 1541 1107 messis
1571 1042 1855 1107 uberior
1903 1054 2345 1124 speraretur,
2399 1062 2555 1107 esse
2597 1043 3190 1108 constituendum.

730 1150 910 1213 Cum
936 1162 1175 1214 autem
1204 1150 1472 1217 Canisii
1512 1152 1789 1215 litterae
1828 1132 2010 1230 Regi
2049 1152 2500 1217 Ferdinando
2547 1153 2828 1215 oblatae
2871 1150 3192 1223 fuissent,

731 1258 971 1320 statim
1020 1258 1137 1321 ille
1186 1258 1550 1321 constituit
1598 1259 1671 1321 in
1728 1258 2021 1321 civitate
2071 1257 2340 1338 Praga,
2395 1276 2578 1339 quae
2625 1259 3040 1339 metropolis
3091 1272 3196 1320 est

728 1364 1139 1441 Bohemiae‚
1184 1366 1563 1445 collegium
1607 1366 2177 1430 constituendum
2216 1383 2402 1444 esse,
2451 1366 2779 1447 quamvis
2821 1366 3004 1428 illius
3055 1382 3196 1427 mo·

730 1472 1022 1534 nasterii
1066 1472 1327 1536 deserti
1372 1472 1714 1536 reditibus
1758 1474 2097 1552 aleretur;
2143 1474 2392 1535 obtulit
2429 1472 2646 1535 etiam
2685 1474 2770 1536 de
2801 1489 2932 1535 suo
2971 1489 3049 1535 se
3079 1472 3196 1534 ad-

730 1578 1041 1641 diturum
1070 1580 1260 1660 quod
1308 1580 1611 1660 amplius
1660 1581 2144 1643 necessarium
2195 1591 2416 1660 esset,
2471 1598 2632 1643 cum
2681 1597 2824 1643 non
2863 1580 3198 1659 exiguum

728 1684 1037 1749 fructum
1068 1685 1159 1748 ad
1188 1702 1489 1765 regnum
1518 1687 1900 1750 Bohemiae
1931 1685 2093 1749 inde
2123 1696 2636 1767 proventurum
2669 1698 2989 1766 speraret
3025 1684 3063 1747 ¹.

848 1792 991 1854 572.
1076 1794 1186 1857 Ex
1209 1809 1293 1855 ea
1318 1793 1629 1871 civitate,
1656 1792 1891 1873 Praga
1917 1794 2208 1873 scilicet,
2229 1794 2498 1873 primae
2523 1794 2801 1857 radices
2824 1794 3198 1856 haeresum

730 1900 1158 1963 Germaniae
1180 1900 1616 1981 prodierunt,
1664 1909 1731 1963 et
1772 1900 1922 1981 jam
1945 1908 2130 1963 totos
2163 1910 2448 1963 centum
2473 1918 2699 1963 annos
2723 1901 3075 1980 Episcopo
3093 1918 3194 1963 re-

728 2024 951 2087 gnum
980 2008 1145 2070 illud
1180 2017 1533 2087 caruerat,
1566 2026 1655 2070 ex
1686 2025 1824 2088 quo
1858 2008 2336 2089 Hieronymus
2363 2008 2748 2087 Pragensis
2775 2009 2848 2071 in
2879 2007 3201 2071 Concilio

728 2114 1255 2178 Constantiensi
1278 2116 1687 2179 combustus
1704 2116 1936 2178 fuerat
1963 2114 2008 2196 ⁸,
2037 2127 2128 2191 et,
2155 2118 2341 2179 ultra
2363 2125 2642 2178 veteres
2659 2125 2894 2179 sectas
2917 2115 3196 2196 pichar—

727 2220 1035 2285 ditatum
1062 2220 1085 2251 ³
1116 2232 1184 2286 et
1215 2222 1589 2300 usitarum,
1624 2240 1851 2285 novas
1881 2223 2094 2285 etiam
2121 2240 2508 2302 pragenses
2535 2222 2842 2302 amplexi
2865 2230 3092 2301 erant,
3127 2236 3196 2284 et

727 2328 875 2392 fere
906 2346 1153 2391 omnes
1180 2330 1313 2391 sub
1352 2340 1652 2410 utraque
1690 2330 1928 2409 specie
1968 2330 2497 2393 communicare
2537 2329 2888 2407 solebant,
2934 2338 3199 2391 etcum

727 2435 1124 2499 libertatem
1156 2437 1599 2499 lutheranam
1626 2446 1918 2516 gustare
1949 2445 2365 2515 coeperunt,
2399 2446 2594 2499 secta
2639 2436 2986 2499 usitatum
3029 2453 3194 2516 pau-

730 2543 927 2605 latim
952 2542 1373 2621 declinabat,
1407 2544 1623 2607 arctis
1654 2545 1791 2607 illis
1815 2542 2101 2623 J'ejuniis
2123 2554 2192 2605 et
2221 2543 2690 2606 caeremoniis
2713 2543 3062 2605 usitarum
3083 2559 3196 2604 ne-

732 2650 1008 2729 glectis.
1042 2648 1266 2713 Erant
1295 2658 1532 2713 tamen
1562 2651 1737 2713 satis
1767 2651 1968 2714 multi
1993 2649 2320 2713 catholici
2351 2648 2628 2729 Psagae
2651 2699 2664 2727 ,
2691 2664 2760 2712 et
2785 2658 2931 2712 tam
2961 2648 3200 2711 affecti

734 2754 827 2819 ad
874 2754 1305 2819 Societatem
1352 2766 1703 2836 nostram,
1748 2768 1825 2821 ut
1889 2757 2177 2838 quidam
2237 2773 2484 2819 eorum
2541 2756 2812 2819 reditus
2865 2756 3200 2819 offerrent

729 2863 972 2942 regiae
1004 2862 1356 2942 majestati
1386 2864 1477 2927 ad
1506 2874 1786 2927 nostros
1816 2863 2110 2928 alendos
2139 2874 2524 2944 antequam
2553 2864 2639 2926 de
2671 2863 2974 2941 collegio
3007 2862 3198 2925 insti-

738 2970 998 3032 tuendo
1028 2969 1181 3051 ipse
1211 2980 1458 3049 ageret
1485 2968 1531 3030 ⁴.

1886 3215 1952 3262 ’ἢ

732 3281 849 3325 nisii
872 3282 1071 3326 verbis:
1094 3284 1214 3327 “che
1246 3296 1300 3327 se
1322 3292 1563 3329 mettesse
1586 3286 1636 3329 ia
1669 3292 1825 3339 gente
1859 3284 1910 3328 in
1933 3284 2110 3327 ordine
2125 3316 2172 3336 „‚
2196 3292 2246 3327 et
2267 3283 2423 3328 scribi
2445 3291 2620 3338 posset
2641 3286 2701 3325 ut
2729 3287 3206 3339 praepararentur

730 3354 899 3396 velut
920 3364 1039 3397 sese
1067 3360 1487 3409 praepararent.
1524 3355 1599 3400 Cf.
1623 3356 1817 3399 Canisii
1854 3357 2062 3399 litteras
2099 3356 2164 3398 ad
2198 3356 2249 3398 S.
2271 3356 2551 3411 Ignauiam,
2573 3356 2622 3399 14
2657 3354 2897 3399 Octobris
2923 3356 3040 3409 155⁴,
3063 3358 3222 3411 apud.

738 3424 1151 3469 Baauasnenoan
1168 3460 1179 3479 ,
1199 3430 1233 3470 l.
1255 3440 1317 3479 c.,
1340 3440 1460 3482 pag.
1481 3428 1583 3471 496.

814 3496 831 3527 ¹
894 3497 1026 3541 Vide
1050 3506 1365 3543 memoratas
1384 3512 1541 3554 supra
1566 3500 1770 3544 litteras
1792 3500 1986 3543 Canisui
2011 3500 2076 3543 ad
2099 3500 2360 3553 Ignatium
2383 3499 2434 3542 14
2454 3499 2706 3543 Octobris.

814 3568 837 3597 ἱ
891 3569 1267 3627 “Hieronymus
1288 3570 1779 3624 Pragensis,Joanni
1804 3572 1913 3615 Hus
1943 3574 2137 3615 amicus
2157 3578 2208 3613 et
2231 3574 2573 3624 consentiens,
2595 3570 2650 3613 ³0
2669 3570 2789 3615 Maii
2813 3571 2917 3615 1416
2935 3582 2968 3613 a
2988 3570 3206 3615 concilio

735 3638 797 3681 de
820 3638 1023 3682 haeresi
1052 3642 1307 3693 pertinaci
1340 3650 1393 3685 et
1420 3643 1617 3687 iterata
1647 3644 1924 3687 damnatus
1955 3651 2005 3687 et
2040 3644 2372 3697 magistratui
2405 3642 2544 3686 civili
2579 3643 2805 3686 traditus
2837 3651 2943 3696 est;
2975 3644 3060 3697 qui
3089 3654 3210 3687 eum

736 3710 917 3753 eodem
938 3711 1017 3754 die
1041 3714 1157 3765 igne
1178 3712 1433 3761 necavit...
1456 3714 1881 3766 BaAtmsneaossn,
1903 3717 1935 3758 l.
1960 3728 2020 3767 c.,
2045 3726 2163 3768 pag.
2184 3716 2279 3765 495.
2303 3722 2479 3758 annot.
2499 3714 2542 3757 3.

816 3780 839 3813 ⁸
896 3782 1130 3827 “Picardi
1152 3786 1237 3827 vel
1268 3785 1561 3829 Picarditae
1597 3790 1904 3831 asserebant
1937 3786 2310 3830 eucharistiam
2339 3798 2437 3830 non
2459 3797 2571 3829 esse
2606 3786 2900 3837 colendatm
2935 3786 2988 3829 in
3009 3796 3072 3828 ea
3107 3797 3211 3828 non.

736 3864 849 3896 esse
870 3852 1131 3898 Christum
1152 3857 1241 3898 sed
1272 3858 1438 3900 solum
1460 3870 1644 3911 panem
1674 3860 1938 3913 solumque
1959 3858 2162 3905 vinum.
2181 3866 2282 3900 etc.
2305 3858 2382 3900 Ac
2411 3858 2702 3910 generatim
2723 3856 2924 3910 quidem
2941 3889 2951 3909 ,
2977 3857 3206 3911 quicumss

738 3936 833 3978 que
868 3926 1055 3979 dogma
1090 3928 1686 3973 transsubstantiationis
1719 3930 2028 3983 reiciebant,
2053 3936 2174 3972 tunc
2193 3929 2455 3982 “Picardi„
2477 3930 2652 3972 vocati
2684 3939 2796 3971 esse
2819 3928 3078 3981 videntur,
3101 3938 3210 3970 ma—

736 3997 873 4040 xime
894 4008 1019 4041 vero
1038 4000 1237 4042 “unitas
1258 3999 1507 4051 fratrum„
1530 4002 1640 4044 sive
1663 4002 1735 4045 illi
1752 4035 1762 4055 ,
1785 4014 1912 4055 quos
1932 4002 2154 4052 “fratres
2177 4002 2446 4053 bohemos„
2467 4012 2599 4044 nunc
2621 4000 2793 4043 dicere
2815 4000 3056 4042 solemus.
3075 3998 3205 4053 (Alf.

740 4066 941 4119 Huber,
960 4070 989 4112 l.
1016 4080 1075 4123 c.,
1099 4070 1413 4115 Geschichte
1436 4072 1811 4125 Oesterreichs,
1836 4072 2032 4126 [Gotha
2057 4072 2207 4125 18921.
2225 4082 2297 4124 tv,
2323 4070 2520 4124 109-110,
2544 4072 2621 4114 135
2632 4076 2688 4124 ).„
2711 4070 3137 4124 Baauxsnnaena,
3161 4072 3198 4113 1.

746 4149 809 4191 c.,
832 4150 951 4193 pag.
974 4141 1069 4191 498.
1092 4149 1267 4185 annot.
1288 4142 1330 4185 2.

814 4212 841 4244 ⁴
894 4211 1062 4256 ”Inter
1096 4226 1289 4268 primos
1321 4214 1600 4260 Societatis
1633 4224 1882 4271 patronos
1913 4227 2227 4271 pragenses,
2249 4221 2464 4271 praeter
2497 4214 2777 4259 Hem-icum
2799 4214 3123 4259 ScribonIum
3157 4222 3206 4255 ct

739 4282 1023 4328 Antonium
1042 4284 1173 4328 Brus
1193 4286 1273 4339 (de
1294 4288 1477 4341 quibus
1500 4289 1670 4341 infra),
1693 4290 1958 4344 praecipui
1995 4289 2151 4332 fuisse
2181 4289 2426 4331 videntur
2447 4288 2608 4331 abbas
2639 4288 2943 4331 monasterii
2975 4286 3176 4329 sionaei
3193 4315 3210 4339 ,

738 4354 933 4397 ordinis
964 4361 1495 4409 praemonstratensis
1528 4360 1710 4411 (vitus
1748 4360 2097 4415 Theophilus)
2131 4367 2180 4403 et
2216 4362 2378 4404 abbas
2411 4360 2716 4403 monasterii
2752 4358 2803 4402 S.
2839 4358 3208 4413 Margarethae

738 4427 1131 4473 brevnoviensis
1146 4462 1157 4482 ,
1178 4431 1373 4474 ordinis
1395 4432 1705 4477 benedictini
1724 4434 2024 4487 (utrumque
2045 4432 2416 4475 monasterium
2446 4431 2598 4474 hodie
2623 4441 2823 4485 quoque
2851 4436 3058 4474 exstat:
3079 4430 3211 4473 alte-

740 4497 1403 4555 rum-strahov—Pragae
1422 4536 1432 4556 ,
1454 4502 1984 4547 alterum—Brevnov
2003 4526 2016 4532 -
2042 4513 2201 4556 prope
2235 4502 2494 4555 Pragam).
2518 4502 2596 4544 Ac
2631 4500 3024 4544 bret-noviensis
3048 4501 3216 4544 abbas

742 4568 1022 4615 societatis
1040 4572 1273 4616 scholam
1298 4574 1549 4628 imprimis
1571 4588 1601 4617 a
1624 4574 1832 4619 canisio
1851 4578 2064 4630 petebat
2083 4606 2092 4628 ,
2110 4576 2192 4617 cui
2212 4584 2330 4617 suos
2350 4573 2510 4617 etiam
2531 4574 2728 4616 fratres
2749 4571 3086 4616 instituendos
3107 4578 3212 4615 tra-

740 4640 863 4684 dere
882 4650 1074 4696 posset.
1097 4642 1246 4687 Licet
1277 4652 1452 4688 autem
1482 4644 1757 4690 Matthiam
1787 4648 2058 4699 abbatem,
2082 4645 2167 4699 qui
2197 4655 2245 4687 a.
2269 4644 2368 4686 1551
2394 4643 2674 4688 decessisse
2709 4642 2893 4697 fertur,
2919 4644 2966 4686 id
2997 4642 3212 4697 petiisse

738 4714 1081 4757 communiter
1108 4715 1339 4759 scribant
1358 4750 1366 4766 ‚
1388 4728 1486 4770 ego
1506 4718 1741 4761 coniecto
1762 4728 1793 4761 a
1824 4728 2120 4761 successore
2157 4719 2267 4761 eius
2295 4715 2490 4759 factum
2519 4726 2660 4769 esse;
2681 4715 2767 4768 qui
2797 4712 2894 4758 fuit
2921 4712 3147 4765 joannes
3179 4724 3214 4757 a

2417 4825 2441 4856 X
