3742 5392
715 479 836 539 638
1644 480 1902 541 Canon.
1944 480 2097 543 Soc.
2137 482 2278 556 Jas.

722 654 805 700 re
833 636 1205 714 debebant,
1240 646 1309 701 et
1340 648 1612 701 certam
1642 636 2027 717 quamdam
2071 638 2450 719 pecuniam
2485 639 2794 718 solvere;
2825 640 2892 703 si
2927 638 3020 703 ab
3049 642 3190 703 alio

720 745 1280 823 accusabantur,
1328 743 1547 826 duplo
1574 743 1940 825 majorem,
1972 754 2046 809 et
2085 762 2172 809 ea
2217 746 2448 809 omnis
2483 746 2786 826 pecunia
2833 746 2907 811 in
2949 746 3186 811 dotem

719 849 1029 931 alicujus
1064 850 1339 931 puellae
1382 853 1718 933 pauperis
1750 861 1907 916 erat
1949 852 2440 933 expendenda;
2481 861 2551 917 et
2588 853 2688 916 ita
2723 852 3054 918 effectum
3083 863 3187 917 est

726 966 803 1021 ut
832 956 1195 1021 rarissime
1224 959 1297 1022 in
1328 976 1413 1022 eo
1447 960 1709 1041 populo
1740 957 1877 1023 Dei
1915 976 2174 1024 nomen
2212 959 2692 1024 irreverenter
2726 960 3184 1042 proferretur;

719 1065 940 1128 'immo
970 1066 1270 1145 externi,
1304 1066 1366 1129 si
1398 1065 1681 1147 quando
1704 1065 2088 1147 jurassent,
2118 1066 2206 1130 ab
2235 1067 2348 1132 his
2371 1067 2785 1147 reprehensi
2808 1066 3182 1131 cavebant.

810 1173 987 1239 1366.
1074 1172 1409 1237 Indorum
1461 1174 1942 1239 habitationes
1991 1174 2080 1238 ab
2145 1175 2250 1239 eis
2307 1175 2519 1255 longe
2582 1183 2898 1239 remotae
2957 1184 3184 1239 erant·

716 1282 918 1345 servi
966 1281 1206 1358 etiam,
1253 1297 1557 1363 quorum
1596 1281 1910 1346 maxima
1952 1281 2050 1346 ibi
2091 1291 2246 1346 erat
2287 1281 2684 1361 multitudO,
2737 1282 2812 1345 in
2861 1282 3158 1347 christia

721 1405 816 1451 na
855 1387 1181 1452 doctrina
1220 1388 1744 1453 erudiebantur:
1788 1397 2095 1469 quatuor
2137 1398 2260 1452 aut
2289 1389 2597 1469 quinque
2625 1406 2890 1471 pueros
2927 1406 3020 1453 ex
3069 1405 3186 1469 pa-

714 1504 831 1560 ·tre
872 1495 1182 1559 lusitano
1232 1504 1301 1559 et
1340 1505 1569 1560 matre
1619 1497 1954 1560 brasilica
1998 1505 2208 1560 natos
2257 1497 2448 1561 domi
2492 1497 2879 1575 habebant,
2927 1506 3005 1560 ut
3053 1497 3184 1560 sub

720 1602 1093 1685 disciplina
1137 1603 1456 1684 ipsorum
1503 1604 1827 1683 instituti,
1870 1604 2172 1685 collegio
2203 1620 2612 1685 puerorum,
2655 1603 2720 1667 si
2759 1602 3042 1685 quando
3087 1604 3185 1667 ibi

720 1708 943 1789 fieret,
1005 1708 1281 1774 initium
1332 1711 1619 1789 darent;
1682 1710 2010 1774 omnibus
2079 1711 2348 1775 victum
2399 1727 2644 1776 mensa
2706 1710 2973 1775 Christi
3023 1727 3184 1791 sup·

720 1817 1108 1897 peditabat;
1142 1818 1407 1882 vestitu
1435 1819 1683 1882 eodem
1712 1818 2117 1899 utebantur,
2153 1835 2293 1898 quo
2331 1819 2556 1883 nostri
2583 1816 2844 1882 fratres
2871 1818 3182 1881 lusitani:

715 1918 1267 1989 lectorum'loco
1316 1926 1571 2007 pannis
1617 1926 2040 2006 quibusdam
2077 1926 2536 2007 gossimpinis
2574 1926 2648 1987 in
2687 1925 2976 1989 modum
3015 1926 3184 1989 retis

711 2032 1098 2111 contextiS,
1142 2032 1261 2113 qui
1302 2032 1578 2096 duobus
1616 2032 1898 2097 funibus
1937 2050 2028 2097 ex
2067 2032 2388 2096 trabibus
2411 2026 2840 2113 pendebant,
2873 2033 3184 2096 maxima

718 2157 809 2202 ex
835 2148 1037 2220 parte
1060 2140 1438 2204 utebantur
1467 2137 1509 2220 ';
1536 2139 1657 2219 qui
1678 2149 1919 2204 autem
1945 2138 2226 2204 infirma
2257 2140 2577 2220 corporis
2605 2138 3012 2203 valetudine
3041 2148 3184 2202 ute-

714 2246 999 2324 bantur,
1033 2246 1237 2310 lectis
1266 2245 1339 2309 in
1370 2244 1807 2322 Portugallia
1836 2246 2200 2310 consuetis
2229 2247 2627 2311 utebantur.

844 2352 1020 2415 1367.
1105 2352 1495 2417 Commune
1524 2352 1662 2416 hoc
1694 2353 2000 2417 habebat
2027 2354 2144 2417 hic
2175 2352 2474 2418 ducatus
2504 2371 2669 2418 cum
2697 2353 2877 2431 aliiS,
2913 2362 2988 2417 ut
3010 2370 3184 2416 non-

710 2460 860 2523 nisi
895 2468 1155 2523 octavo
1199 2477 1479 2541 quoque
1522 2477 1762 2524 mense
1800 2460 1891 2523 ab
1937 2461 2096 2525 aliis
2137 2460 2514 2525 Societatis
2555 2461 2730 2525 locis
2765 2461 3038 2525 litteras
3068 2478 3180 2523 ac·

712 2566 1065 2647 ciperent,
1100 2576 1392 2648 propter
1445 2577 1823 2631 ventorum
1852 2568 2208 2633 motiones
2249 2572 2294 2647 ·,
2337 2584 2639 2648 quorum
2679 2584 2930 2632 cursus
2980 2575 3180 2631 sexto

706 2690 997 2755 quoque
1046 2691 1288 2738 mense
1339 2675 1524 2739 ultro
1574 2675 1894 2755 citroque
1938 2673 2329 2752 ferebatur,
2389 2683 2461 2737 et
2518 2673 2799 2753 quidem
2848 2674 2920 2737 id
2970 2672 3178 2737 fiebat

711 2798 883 2845 cum
910 2782 1149 2863 aliqua
1177 2782 1475 2863 navigia
1498 2781 1867 2846 accidebat
1897 2800 1982 2847 eo
2014 2782 2384 2863 navigare;
2411 2791 2482 2845 et
2504 2781 2676 2845 nihil
2706 2781 2936 2861 magis
2965 2797 3178 2863 quam

716 2888 897 2953 haec
947 2899 1235 2953 mutuae
1290 2890 1957 2954 communicationis
2003 2890 2262 2954 raritas
2305 2898 2720 2953 nostrorum
2768 2888 2862 2951 ibi
2911 2889 3178 2969 patien-

716 2995 892 3061 tiam
919 2997 1321 3061 exercebat.

842 3102 1017 3167 1368.
1105 3103 1513 3185 Antequam
1561 3103 1637 3168 P.
1678 3104 1962 3169 Blasius
1991 3104 2416 3168 Laurentius
2455 3105 2528 3167 in
2570 3104 2704 3167 hoc
2735 3104 2996 3167 ducatu
3027 3101 3177 3182 Spi-

713 3212 895 3275 ritus
922 3210 1167 3277 Sancti
1204 3212 1723 3293 relinqueretur
1763 3230 1806 3276 a
1847 3210 1922 3275 P.
1971 3209 2370 3290 Leonardo,
2413 3228 2456 3273 a
2497 3210 2856 3289 naufragii
2900 3226 3174 3273 summo

714 3320 1031 3399 periculo
1081 3319 1309 3398 erepti
1355 3318 1663 3397 fuerunt,
1698 3336 1864 3383 nam
1903 3318 2112 3381 navis
2155 3318 2227 3381 in
2269 3334 2564 3381 arenam
2608 3318 2900 3397 impegit
2929 3314 2974 3380 ³:
3017 3328 3180 3379 sunt

716 3426 902 3489 enim
942 3426 1014 3489 in
1056 3443 1140 3490 eo
1183 3427 1365 3489 mari
1406 3427 1760 3507 quaedam
1800 3428 1960 3489 loca
2000 3425 2399 3507 periculosa
2445 3421 2871 3502 hujusmodi,
2907 3432 2975 3487 et
3015 3440 3176 3486 cum

712 3535 1095 3597 nauclerus
1130 3550 1209 3597 se
1245 3533 1393 3613 jam
1434 3533 1752 3599 evasisse
1794 3551 1882 3596 ea
1920 3541 2262 3614 putasset,
2306 3532 2866 3612 gubernaculum
2909 3530 2983 3594 in
3029 3548 3175 3593 arc-

715 3657 881 3703 nam
923 3640 1349 3721 impingenS‚
1396 3641 1741 3722 prosiluit,
1789 3649 1858 3703 et
1904 3640 2156 3704 deinde
2201 3649 2350 3704 tota
2395 3640 2606 3703 navis
2656 3656 2918 3703 arenae
2961 3636 3174 3701 infixa

714 3756 844 3826 est,
878 3758 949 3811 et
979 3757 1216 3811 tamen
1244 3757 1515 3828 septem
1546 3748 1767 3811 leucis
1798 3765 1840 3810 a
1870 3748 2262 3811 continenti
2285 3746 2603 3811 aberant.
2631 3746 2974 3812 Omnibus
3003 3761 3175 3825 ergo

714 3871 969 3918 vocem
1017 3856 1088 3917 in
1138 3841 1416 3919 coelum
1464 3854 1899 3935 levantibus,
1953 3856 2238 3919 litanias
2287 3856 2519 3921 nostri
2569 3871 2728 3920 cum
2779 3854 2884 3917 eis
2938 3853 3173 3917 dicere

702 3971 1131 4041 coeperunt,
1186 3970 1255 4025 et
1305 3961 1644 4043 reliquias
1686 3961 2138 4041 Sanctorum,
2191 3979 2371 4042 quas
2422 3962 2868 4042 adferebant,
2924 3960 2998 4024 in
3035 3977 3176 4024 me·

700 4068 907 4132 -dium
933 4069 1399 4151 protulerunt.
1431 4070 1706 4135 Placuit
1729 4072 1966 4151 itaque
1995 4070 2284 4134 divinae
2319 4071 2620 4135 bonitati
2659 4078 2735 4133 ut
2773 4068 2936 4133 inde
2965 4068 3176 4131 navis

710 4176 1171 4257 egrederetur
1213 4174 1310 4258 [in
1351 4176 1610 4259 locum]
1656 4177 1772 4242 ubi
1802 4176 2335 4258 profundiorem
2375 4176 2520 4257 jam
2551 4193 2814 4256 aquam
2841 4174 3168 4245 habebat,

703 4284 905 4365 quod
946 4284 1289 4349 miraculo
1341 4302 1635 4367 prorsus
1686 4286 1928 4348 datum
1959 4294 2089 4360 est:
2137 4286 2526 4348 anchoram
2579 4298 2752 4362 ergo
2799 4280 3167 4362 jaciente5‚

793 4595 811 4629 ¹
868 4596 1147 4641 Hamacas
1168 4598 1262 4641 hos
1281 4598 1499 4641 lectulos
1520 4598 1678 4651 vulgo
1696 4598 1967 4653 appellant
1991 4596 2289 4641 amet-leani.

784 4668 815 4699 ²
869 4667 1085 4713 Rectius
1105 4668 1349 4714 fortassis
1366 4669 1689 4715 scriberetur
1710 4670 2025 4717 montiones.
2050 4669 2182 4713 Vlde
2205 4681 2378 4725 supra,
2401 4676 2435 4715 t.
2463 4682 2495 4723 ι,
2518 4681 2639 4726 pac.
2667 4668 2763 4714 45⁹.

866 4740 1001 4785 Vide
1030 4750 1205 4796 supra,
1231 4740 1462 4796 φειδῶ.
1486 4753 1534 4786 n.
1558 4742 1672 4794 13⁶2,
1694 4748 1868 4787 annot.
1892 4743 1930 4785 1.
