3742 5392
1618 476 1747 535 ΑΝ.
1790 474 1933 534 1554
2903 474 3023 533 6ἵὺ

547 620 687 687 Sed
738 638 911 702 prae
939 622 1241 686 caeteris
1280 622 1817 687 admirabantur
1854 619 2388 685 Ferdinandum
2427 619 2726 685 Mendez
2745 670 2762 697 ,
2803 638 3014 700 quem

546 729 747 809 prius
778 730 985 793 valde
1024 738 1273 793 notum
1300 729 1657 793 habebant
1682 773 1697 804 ,
1737 737 1809 792 et
1836 727 2132 792 divitem
2159 744 2246 789 ac
2291 727 2736 815 splendidum
2775 728 3014 791 existi-

546 836 861 915 mabant,
884 836 1055 899 dum
1082 836 1343 899 vilibus
1371 846 1441 901 et
1468 836 1727 900 laceris
1756 834 2076 898 vestibus
2103 834 2426 899 indutum
2454 853 2497 898 a
2521 852 2599 899 se
2622 836 3015 915 eleemosy-

548 960 715 1008 nam
742 952 1099 1023 petentem
1126 944 1479 1022 viderent,
1510 952 1578 1007 et
1606 942 2060 1007 occasionem
2087 940 2445 1006 habebant
2483 942 2816 1009 credendi
2847 954 3010 1023 post

548 1050 735 1112 hanc
785 1049 1005 1112 vitam
1058 1050 1272 1113 aliam
1324 1047 1510 1131 [nos]
1565 1060 1971 1131 expectare,
2025 1060 2316 1132 propter
2365 1068 2582 1130 quam
2626 1062 3014 1131 paupertas

548 1156 849 1235 divitiis,
902 1168 971 1219 et
1017 1166 1469 1237 contemptus
1522 1158 1944 1235 honoribuS,
2003 1167 2074 1221 et
2127 1158 2480 1237 asperitas
2535 1158 3014 1237 poenitentiae

549 1263 819 1327 divitiis
868 1262 1369 1343 praeferretur;
1422 1275 1492 1327 et
1540 1266 1776 1328 nullae
1824 1266 2142 1329 rationes
2187 1274 2558 1345 tantopere
2605 1282 2818 1344 quam
2857 1264 3024 1344 ipsa.

548 1369 741 1465 facta
770 1369 1103 1435 cordibus
1133 1371 1497 1435 hominum
1526 1372 2138 1452 imprimebantur.

678 1476 852 1540 1405.
939 1476 1051 1541 De
1078 1477 1215 1541 hac
1242 1480 1417 1541 urbe
1444 1479 1811 1543 dicebatur
1850 1479 2041 1560 quod
2069 1478 2146 1543 P.
2177 1479 2236 1545 F
2240 1479 2610 1543 ranciscus
2647 1480 3021 1559 pulverem

552 1587 955 1649 calceorum
984 1586 1146 1651 inde
1175 1586 1551 1666 egrediens
1573 1586 1992 1665 excusserit,
2019 1586 2207 1667 quod
2229 1604 2320 1649 ne
2341 1588 2706 1666 pulverem
2729 1586 3012 1667 quidem

552 1692 747 1755 illius
768 1708 1017 1757 secum
1040 1693 1229 1757 ferre
1260 1695 1495 1767 vellet;
1530 1695 1695 1774 quia
1724 1704 1964 1758 tamen
1996 1696 2294 1757 verbum
2323 1692 2458 1757 Dei
2487 1694 2733 1757 vivum
2771 1702 2842 1757 et
2871 1692 3012 1757 effi-

552 1814 693 1861 cax
722 1808 862 1878 est,
896 1816 1037 1863 non
1068 1798 1406 1863 inutiliter
1443 1799 1519 1865 P.
1556 1799 1900 1865 Melchior
1930 1800 2190 1865 ibidem
2226 1800 2690 1865 concionatus
2719 1808 2864 1863 est:
2897 1800 3018 1863 do·

556 1906 835 1971 minicis
884 1924 1061 1986 ergo
1110 1908 1358 1972 diebus
1406 1918 1475 1971 et
1523 1908 1725 1973 sestis
1774 1926 1985 1973 mane
2037 1908 2488 1989 evangelium
2531 1907 3019 1987 praedicabat,

554 2024 719 2095 post
746 2016 1111 2083 meridiem
1133 2028 1517 2097 praecepta
1540 2016 1827 2081 Domini
1856 2017 1930 2081 in
1953 2016 2361 2081 Cathedrali
2389 2015 2692 2079 ecclesia
2712 2015 3018 2095 explica·

554 2121 698 2198 bat,
730 2131 801 2185 et
830 2123 999 2203 quid
1026 2124 1101 2187 in
1128 2124 1429 2203 singulis
1456 2133 1829 2205 peccatum
1858 2125 2154 2187 mortale
2187 2132 2259 2187 et
2285 2124 2566 2187 veniale
2587 2122 3019 2186 censendum

550 2238 738 2293 esset
766 2230 841 2293 in
868 2231 1093 2293 variis
1120 2231 1601 2299 conscientiae
1638 2232 1955 2295 casibus:
1999 2231 2246 2295 diebus
2276 2231 2608 2295 mercurii
2649 2231 2719 2294 in
2752 2231 3019 2309 templo

554 2335 1099 2401 Misericordiae
1126 2355 1347 2418 opera
1368 2339 1593 2419 ipsius
1619 2337 2152 2402 misericordiae
2183 2337 2672 2402 concionando
2703 2336 3020 2400 declara-

553 2444 711 2520 bat,
771 2453 841 2507 et
895 2445 1247 2523 quomodo
1304 2446 1396 2508 ad
1448 2445 1729 2525 praxim
1776 2454 2012 2509 essent
2060 2444 2459 2508 exercenda
2509 2443 2842 2522 docebat;
2893 2444 3022 2507 sed

553 2560 800 2630 postea
830 2552 1409 2616 animadvertens
1448 2552 1637 2633 quod
1675 2570 1762 2615 ea
1802 2552 2172 2632 provincia
2215 2552 2548 2631 exiguam
2589 2568 2828 2615 rerum
2867 2567 3020 2631 spe·

552 2659 899 2723 ctantium
938 2658 1028 2721 ad
1063 2658 1272 2723 fidem
1311 2660 1795 2739 cognitionem
1834 2660 2160 2736 haberet,
2203 2675 2364 2723 cum
2408 2668 2647 2721 tamen
2691 2658 3022 2721 crebram

554 2783 717 2829 cum
744 2764 1143 2829 infidelibus
1173 2766 1888 2830 communicationem
1910 2767 1982 2829 in
2007 2766 2152 2829 suis
2177 2766 2624 2829 commerciis
2646 2765 3012 2842 haberent,

555 2873 629 2935 in
672 2873 997 2954 symbolo
1028 2872 1535 2953 Apostolorum
1572 2874 1913 2937 articulos
1941 2872 2128 2951 fidei,
2159 2872 2554 2937 rationibus
2583 2871 3024 2937 naturalibus

554 2988 624 3043 et
652 2980 1299 3060 comparationibus
1328 2980 1684 3057 adhibitis,
1716 2978 2151 3053 declarabat,
2185 2989 2252 3042 et
2277 2980 2522 3042 diebus
2547 2979 2830 3043 veneris
2860 2988 3024 3059 post

556 3086 923 3151 meridiem
951 3097 1225 3167 septem
1244 3088 1557 3167 psalmos
1582 3086 2142 3168 poenitentialeS‚
2169 3097 2239 3150 et
2269 3086 2355 3149 de
2379 3086 2512 3163 his,
2539 3102 2724 3167 quae
2746 3085 2838 3149 ad
2862 3103 2990 3165 pec
3001 3118 3030 3132 ·-

556 3203 719 3257 cata
764 3204 837 3257 et
876 3194 1383 3275 poenitentiam
1421 3194 1901 3274 pertinebant,
1949 3195 2186 3259 omnia
2229 3194 2302 3257 in
2343 3202 2610 3257 statera
2660 3192 2910 3257 mortis
2952 3202 3022 3255 et

556 3301 911 3381 passionis
940 3300 1205 3367 Christi
1231 3300 1715 3383 ponderando,
1754 3301 2180 3377 disserebat,
2215 3312 2285 3365 et
2323 3317 2604 3380 semper
2633 3301 2896 3363 multae
2927 3301 3024 3361 la-

558 3426 874 3489 crymae,
906 3410 1130 3489 multi,
1164 3410 1283 3490 qui
1305 3410 1582 3488 seipsos
1606 3410 1908 3489 flagellis
1929 3409 2342 3483 caedebant,
2372 3418 2440 3471 et
2463 3408 2602 3471 alia
2627 3408 2832 3484 signa
2859 3425 3028 3470 con-

555 3516 865 3580 tritionis
888 3533 1063 3596 prae
1085 3533 1161 3579 se
1184 3515 1527 3594 ferebant,
1555 3517 2050 3595 cernebantur;
2083 3526 2154 3579 et
2183 3516 2304 3596 qui
2329 3516 2524 3595 prius
2547 3516 2794 3579 urbem
2823 3514 3020 3578 illam

560 3632 947 3699 nov-erant,
978 3623 1189 3687 valde
1219 3634 1561 3688 mutatam
1604 3641 1763 3687 esse
1790 3624 2244 3700 asserebant;
2277 3640 2410 3687 nec
2455 3622 2708 3685 messis
2745 3621 3014 3685 conses-

560 3731 864 3809 sionum,
896 3748 1029 3793 nec
1060 3748 1273 3810 paces
1302 3732 1487 3794 inter
1515 3732 1773 3795 multos
1804 3730 2315 3807 conciliandae,
2349 3747 2478 3793 nec
2513 3729 2696 3792 aliae
2725 3745 3024 3807 occupa-

563 3838 795 3901 tiones
822 3837 1229 3917 spirituales
1258 3836 1591 3916 deerant;
1624 3838 1809 3901 inter
1850 3854 2034 3917 quas
2074 3837 2470 3918 spiritualia
2509 3835 2852 3899 exercitia
2887 3836 3030 3915 pri·

565 3960 723 4008 mae
765 3942 1249 4007 hebdomadae
1294 3943 1713 4024 quibusdam
1767 3944 2030 4007 tradita
2084 3960 2390 4023 magnae
2435 3941 3040 4022 metamorphosis.

558 4069 783 4115 causa
824 4051 1127 4114 suerunt.

692 4158 867 4223 1406.
956 4157 1094 4222 Sed
1145 4159 1233 4221 de
1283 4160 1521 4238 pueris
1559 4161 1773 4223 etiam
1814 4161 2102 4240 quidam
2142 4178 2230 4223 ex
2269 4159 2608 4222 fratribus
2647 4157 3038 4219 benemeri*

566 4279 680 4331 tus
710 4276 840 4346 est,
872 4268 994 4347 qui
1023 4284 1183 4329 cum
1216 4266 1684 4330 tintinnabulo
1725 4268 2062 4331 incedens
2101 4284 2228 4347 per
2267 4266 2547 4341 urbem,
2591 4274 2658 4326 et
2701 4280 2822 4325 eos
2867 4280 3030 4325 con-

564 4389 913 4454 greganS,
956 4373 1355 4437 doctrinam
1398 4384 1467 4437 et
1506 4391 1739 4437 mores
1780 4375 2211 4437 christianos
2252 4373 2587 4447 docebat,
2642 4380 2712 4433 et
2750 4368 3032 4451 ipsimet

565 4482 767 4561 pueri
794 4498 963 4545 suos
990 4490 1323 4561 parentes
1352 4500 1439 4545 ac
1468 4482 1898 4547 domesticos
1925 4480 2538 4561 reprehendebant
2581 4494 2744 4541 cum
2772 4494 3032 4540 nomen

568 4588 703 4653 Dei
758 4590 1234 4651 irreverenter
1288 4598 1753 4667 assumerent,
1808 4598 1880 4651 et
1929 4604 2182 4651 servos
2231 4597 2302 4649 et
2362 4586 2657 4648 ancillas
2709 4584 3032 4647 eamdem

568 4695 1030 4760 christianam
1060 4696 1460 4760 doctrinam
1489 4695 1862 4759 docebant.
1897 4694 2108 4759 Pueri
2137 4694 2356 4757 etiam
2373 4692 2700 4773 orphani,
2725 4708 2906 4773 quos
2929 4708 3043 4753 se-
