3742 5392
791 519 902 577 48⁴
1716 512 1970 573 Canon.
2012 513 2167 574 Soc.
2208 514 2346 588 Jns.

922 661 1099 727 1022.
1187 661 1446 726 Comes
1502 659 1891 724 Melitensis
1940 659 2363 740 quibusdam
2406 659 2495 724 de
2536 661 2777 726 causis
2826 676 3263 742 magnopere

797 791 840 835 a
867 769 1226 836 societate
1254 770 1493 834 animo
1531 767 1883 832 alienatus
1922 767 2156 831 fuerat
2200 784 2426 849 usque
2462 767 2677 846 adeo,
2716 776 2799 832 ut
2844 769 2937 832 ab
2978 785 3065 834 eo
3110 785 3261 834 cre·

794 877 1046 943 derent
1073 875 1294 956 aliqui
1321 875 1714 940 monachos
1744 883 1998 940 contra
2034 874 2380 940 exercitia
2414 875 2773 940 excitatos
2810 873 3063 956 fuisse;
3106 877 3259 955 sed,

795 993 872 1050 ut
902 983 1157 1062 fertur,
1199 982 1592 1046 amantium
1631 983 1784 1046 irae
1827 981 2097 1046 amoris
2134 981 2645 1062 redintegratio
2684 989 2817 1046 ωε.
2862 981 3043 1048 Cum
3084 999 3260 1064 ergo

795 1091 1095 1155 Pro-rex
1123 1089 1536 1170 Aragoniae
1563 1089 1962 1154 mitteretur
1980 1137 1997 1168 ,
2028 1087 2104 1152 Ρ.
2140 1087 2516 1168 TablareS,
2545 1105 2757 1170 quem
2782 1089 3155 1170 diligebat,
3196 1091 3263 1154 ei

797 1200 1102 1263 donatus
1129 1205 1240 1262 est
1267 1196 1360 1260 ad
1390 1205 1700 1277 tempuS,
1735 1205 1813 1260 ut
1852 1194 2006 1277 ejus
2048 1196 2619 1262 benevolentiam
2660 1195 3137 1276 confirmaret,
3192 1207 3263 1262 et

794 1305 1547 1385 Caesaraugustanum
1577 1301 1973 1383 Collegium
2000 1301 2137 1366 hac
2166 1303 2444 1366 ratione
2473 1313 2927 1384 promoveret
2956 1302 3011 1368 ¹:
3048 1313 3123 1370 et
3160 1313 3261 1368 ta-

791 1430 980 1490 men,
1011 1412 1178 1476 licet
1197 1408 1347 1491 J'am
1375 1411 1554 1474 satis
1582 1409 1856 1473 amicus
1884 1409 2280 1486 videretur,
2312 1426 2459 1474 non
2485 1419 2915 1474 censuerunt
2942 1410 3021 1475 Ρ.
3046 1409 3259 1476 Nata—

791 1519 882 1586 lis
908 1537 1043 1584 nec
1066 1518 1141 1583 P.
1175 1518 1608 1583 Franciscus
1636 1517 1703 1581 ei
1730 1517 2006 1581 dandas
2033 1517 2340 1596 litteraS,
2368 1534 2545 1598 quas
2564 1516 2655 1584 de
2672 1516 3082 1598 adiuvando
3104 1519 3257 1584 Col·

793 1627 982 1708 legio
1010 1625 1334 1702 Romano
1365 1624 1440 1688 P.
1473 1623 1793 1704 Ignatius
1821 1624 1889 1689 ei
1906 1623 2319 1704 scripserat.
2346 1623 2780 1689 Promiserat
2804 1625 2919 1690 ille
2941 1624 3259 1707 Collegio

792 1733 1278 1815 Complutensi
1323 1731 1698 1796 duodecim
1747 1731 1967 1794 millia
2007 1730 2431 1796 ducatorum
2482 1732 2576 1795 ad
2618 1732 2967 1796 ecclesiae
3020 1733 3257 1798 aedifi·

791 1843 980 1907 cium
999 1889 1015 1920 ,
1045 1849 1117 1905 et
1147 1840 1240 1904 ad
1280 1839 1354 1902 id
1382 1839 1887 1920 assignaverat
1916 1838 2347 1919 quingentos
2374 1839 2653 1903 modios
2680 1838 3039 1920 (hanegas
3066 1844 3092 1878 ¹
3130 1857 3255 1904 vo—

792 1947 994 2026 cant)
1021 1963 1300 2011 annuos
1325 1945 1690 2024 frumenti,
1717 1953 1786 2010 et
1815 1945 1915 2009 ita
1942 1945 2222 2010 duobus
2250 1945 2459 2011 annis
2480 1945 2669 2010 mille
2690 1945 3095 2028 hujusmodi
3115 1965 3257 2012 mo-

793 2055 950 2120 dios
999 2062 1378 2136 perceptos
1426 2055 1498 2116 in
1549 2070 1907 2133 expensas
1948 2053 2251 2117 aedificii
2290 2055 2773 2120 contulerunt:
2812 2063 3094 2136 postea,
3140 2057 3255 2120 vel

790 2163 979 2243 quod
1025 2162 1260 2243 ipsum
1305 2160 1633 2225 viderent
1685 2177 1851 2224 aere
1902 2160 2137 2224 alieno
2190 2171 2604 2240 gravatum,
2658 2164 2775 2226 vel
2820 2163 3014 2244 quod
3062 2173 3259 2227 certo

793 2271 1059 2335 scirent
1087 2269 1191 2348 (ut
1225 2267 1579 2332 referebat
1628 2267 1706 2332 P.
1765 2267 2169 2342 Villanova)
2222 2269 2414 2349 quod
2460 2267 2651 2333 illam
2695 2270 3255 2350 assignationem

789 2377 1004 2442 vellet
1035 2393 1415 2454 revocare,
1463 2391 1628 2439 eum
1675 2375 2283 2455 praeveniendum
2330 2385 2796 2454 censuerunt,
2840 2385 2912 2440 et
2950 2377 3059 2442 illi
3086 2394 3261 2441 suos

787 2486 946 2548 illos
1013 2482 1282 2548 reditus
1349 2481 1858 2546 frumentarios
1924 2481 2383 2545 restituerunt
2414 2531 2430 2560 ‚
2500 2499 2634 2547 nec
2692 2484 3031 2564 amplius,
3092 2493 3253 2564 post

788 2592 968 2656 duos
995 2607 1226 2654 annos
1253 2590 1686 2671 praedictos,
1735 2589 1870 2651 hoc
1902 2588 2291 2653 subsidium
2320 2589 2821 2670 Complutense
2858 2591 3255 2672 Collegium

787 2699 1064 2779 accepit
1085 2695 1130 2760 ⁸.

911 2804 1085 2869 1023.
1175 2803 1488 2868 Maxima
1518 2821 1610 2867 ex
1637 2817 1842 2883 parte
1871 2821 1914 2865 a
1948 2803 2118 2867 Dre.
2152 2803 2485 2884 Vergara
2514 2805 2909 2886 Collegium
2936 2807 3107 2872 illud
3136 2825 3255 2872 su-

787 2912 1271 2988 stentabatur;
1303 2910 1623 2974 nonnihil
1645 2908 2035 2990 adjuvabat
2066 2909 2157 2973 D.
2192 2909 2673 2991 Hieronymus
2706 2912 2795 2976 de
2824 2911 3096 2978 Vivero
3126 2911 3153 2944 ⁴
3182 2921 3253 2978 et

785 3020 909 3085 alii
937 3019 1184 3100 pauci;
1213 3018 1503 3099 quidam
1531 3018 1750 3082 etiam
1788 3036 1880 3081 ex
1916 3018 2181 3082 nostris
2210 3018 2700 3098 collegialibus
2731 3037 2774 3082 a
2816 3020 2965 3084 suis
3000 3038 3253 3101 paren-

784 3127 972 3190 tibus
1013 3126 1089 3190 in
1127 3125 1448 3205 Collegio
1493 3133 1740 3188 nostro
1784 3124 2178 3188 subsidium
2220 3125 2317 3188 ad
2352 3119 2526 3190 'suas
2556 3143 2909 3206 expensas
2952 3128 3252 3207 accipie-

791 3235 999 3312 bant,
1046 3250 1192 3296 non
1233 3243 1474 3296 tamen
1513 3232 1667 3296 sine
1708 3232 1951 3296 labore
2005 3249 2092 3296 ac
2142 3232 2650 3312 sollicitudine,
2704 3235 2921 3298 immo
2969 3245 3043 3298 et
3094 3235 3254 3298 aliis

785 3340 1277 3416 incommodis;
1305 3357 1476 3402 nam
1499 3357 1721 3419 usque
1745 3338 1925 3402 adeo
1956 3357 1999 3401 a
2028 3337 2198 3402 Dre.
2225 3338 2558 3419 Vergara
2581 3340 2977 3421 Collegium
2995 3341 3253 3422 pende·

789 3449 949 3526 bat,
981 3455 1058 3510 ut
1085 3446 1214 3510 vix
1243 3446 1534 3510 libertas
1573 3455 1938 3509 constaret
1968 3446 2071 3509 'ad
2110 3445 2375 3527 aliquid
2416 3447 3018 3526 constituendum,
3060 3447 3249 3529 'quod

785 3572 932 3618 non
959 3552 1191 3618 eidem
1219 3553 1374 3617 Dri.
1409 3554 1869 3634 probaretur;
1895 3565 1965 3615 et
1986 3551 2563 3632 suffragabantur
2586 3554 2653 3618 ei
2674 3555 2955 3635 aliquae
2977 3555 3252 3620 litterae

787 3659 862 3722 P.
897 3659 1185 3741 Ignatii,
1219 3677 1400 3740 quae
1429 3661 1725 3724 multum
1765 3659 1830 3722 ei
1885 3659 2163 3723 deferre
2205 3658 2631 3725 videbantur
2667 3657 2713 3726 ⁸.
2764 3661 2992 3726 Dnus.
3034 3663 3251 3727 etiam

787 3765 1269 3847 Hieronymus
1292 3767 1378 3830 de
1401 3766 1675 3830 Vivero
1699 3767 1772 3829 in
1793 3765 2114 3846 Collegio
2142 3777 2382 3830 nostro
2404 3767 2771 3832 habitabat
2793 3785 2955 3834 cum
2980 3779 3251 3850 septem

785 4037 836 4079 el
853 4047 976 4093 muy
994 4036 1112 4080 bien
1133 4045 1240 4080 este
1261 4035 1428 4088 oficio.
1447 4049 1484 4094 y
1503 4047 1600 4080 con
1620 4037 1728 4080 leet
1749 4047 1870 4094 muy
1894 4047 2053 4090 pocas
2072 4039 2237 4081 leti-as
2256 4037 2318 4080 de
2342 4038 2566 4092 ningnno
2598 4049 2695 4093 por
2726 4041 2779 4084 la
2810 4041 2950 4085 vieta
2980 4053 3079 4096 que
3108 4053 3174 4086 no
3208 4045 3253 4086 le

786 4108 927 4150 sitve
961 4107 1162 4158 macho.
1183 4107 1623 4152 ordinariamente
1659 4110 1744 4166 ley
1779 4119 1876 4163 por
1904 4110 1947 4152 si
1981 4109 2059 4152 las
2090 4109 2153 4151 de
2176 4107 2242 4151 V.
2264 4109 2323 4153 R.
2345 4121 2382 4166 y
2401 4109 2483 4154 del
2516 4109 2574 4154 P.
2596 4109 2963 4166 Bastarnarum:
2984 4115 3064 4157 ui
3084 4125 3182 4169 qne
3204 4115 3254 4158 lo

781 4178 914 4222 debe
931 4179 1250 4232 continuat...
1273 4179 1526 4224 Polancus
1544 4211 1554 4230 .
1577 4190 1642 4223 ex
1661 4191 1811 4230 com..
1835 4179 1979 4224 Patri
2004 4179 2287 4224 Francisco
2308 4181 2372 4224 de
2395 4181 2568 4237 Bona,
2586 4181 2617 4226 8
2634 4181 2813 4227 Martii
2836 4183 2955 4228 1⁵5⁴.

862 4249 882 4283 ¹
939 4249 1073 4295 Vide
1093 4262 1267 4306 supra,
1287 4262 1391 4306 pag
1425 4251 1524 4302 364.
1557 4263 1606 4296 n.
1625 4253 1722 4295 77⁴.

862 4321 886 4353 ⁸
936 4321 1028 4367 Ms.
1049 4323 1204 4368 habet
1226 4333 1508 4376 armegas,·
1529 4329 1610 4367 est
1633 4331 1808 4368 tamen
1819 4323 2082 4379 fam-gas,
2100 4335 2207 4376 seu,
2231 4332 2287 4368 ut
2318 4325 2440 4369 ollm
2460 4327 2748 4380 dicebatur,
2768 4327 3035 4381 kanegaes.

861 4393 886 4426 ³
939 4393 1074 4439 Vide
1095 4405 1280 4450 supra.
1311 4397 1622 4450 praesertim
1655 4403 1688 4439 t.
1721 4406 1783 4450 ιι,
1805 4407 1926 4450 pag.
1946 4395 2053 4450 835,
2074 4407 2159 4442 an.
2182 4397 2303 4451 1551,
2326 4408 2376 4440 n.
2404 4399 2502 4450 347,
2526 4405 2577 4441 et
2613 4399 2665 4442 in
2692 4399 2793 4444 hoe
2824 4405 2864 4444 t.
2896 4411 2971 4451 w.
3008 4411 3127 4455 pag.
3153 4399 3253 4456 370,

787 4477 835 4508 n.
855 4465 954 4521 791,
972 4473 1026 4510 et
1046 4473 1206 4511 annot
1243 4467 1287 4512 6.

863 4539 886 4570 ⁸
941 4535 1074 4582 Vide
1101 4537 1342 4583 Litterae
1361 4537 1824 4592 QuadrineestreS,
1842 4546 1879 4583 t.
1904 4551 1962 4588 11.
1988 4551 2107 4593 pag.
2130 4541 2183 4583 1⁴
2202 4546 2255 4583 et
2275 4539 2371 4584 ⁴99.

859 4609 884 4642 ⁸
936 4609 1073 4654 Vide
1096 4609 1288 4654 cartas
1305 4611 1373 4654 de
1395 4611 1506 4654 San
1525 4609 1764 4663 Ignacto,
1784 4617 1822 4654 t.
1840 4621 1911 4662 w.
1930 4622 2051 4666 pag.
2076 4611 2168 4666 194,
2190 4619 2245 4656 et
2266 4613 2473 4668 corrige
2492 4625 2720 4660 mensem
2734 4649 2745 4666 .
2766 4616 2820 4661 in
2840 4629 2939 4672 quo
2964 4619 3090 4664 illae
3110 4620 3251 4663 litte·

781 4691 874 4724 rae
893 4681 1052 4725 datae
1071 4682 1142 4725 ibl
1163 4681 1428 4734 dicuntur-3
1448 4692 1549 4727 non
1570 4683 1707 4726 enlm
1726 4683 1883 4727 datae
1912 4692 2033 4727 sunt
2060 4683 2251 4728 Martio
2270 4685 2361 4728 aed
2386 4683 2551 4740 Iunio,
2570 4694 2725 4742 prout
2750 4689 2859 4742 jam
2894 4691 3025 4735 satis
3052 4691 3251 4736 indicat

781 4754 938 4806 locus,
961 4753 1014 4796 in
1031 4763 1132 4808 quo
1150 4755 1354 4808 positae
1373 4762 1516 4810 sunt,
1539 4753 1799 4808 videlicet,
1821 4756 1960 4799 {nter
1980 4756 2189 4800 litteras
2209 4756 2399 4800 mensis
2420 4755 2446 4808 J
2452 4759 2573 4802 unii.
