3742 5392
734 511 851 576 570
1657 516 1912 578 Canon.
1956 514 2112 576 Soc.
2152 515 2293 591 Jsss.

733 680 827 727 ne
854 678 946 727 ex
975 663 1110 726 hac
1140 663 1290 727 vita
1320 663 1794 743 decedebant,
1829 680 2008 744 quos
2037 674 2276 727 tamen
2304 663 2625 743 Ignatius
2651 662 2992 745 Bogadus
3012 713 3028 744 ,
3059 673 3212 729 tam

736 772 809 834 in
836 770 1325 851 corporalibus
1354 789 1566 852 quam
1596 773 1669 835 in
1699 770 2188 852 spiritualibus
2218 788 2464 835 eorum
2491 772 2891 852 laboribus,
2923 782 3216 854 praesto

736 887 915 955 erat,
947 887 1019 942 et
1044 896 1176 961 pro
1202 878 1393 942 virili
1422 878 1831 960 adjuvabat:
1862 880 2162 959 gerebat
2191 880 2407 944 etiam
2427 896 2505 943 se
2525 881 2818 960 egregie
2843 881 2915 944 in
2940 881 3212 945 redem-

734 984 977 1067 ptione
1022 986 1472 1066 captivorum
1514 995 1583 1050 et
1627 988 1701 1050 in
1750 986 2019 1051 eisdem
2064 986 2136 1050 in
2186 984 2699 1066 Portugalliam
2749 988 3112 1053 mittendis
3163 988 3214 1053 ¹.

735 1092 814 1157 P.
849 1092 1133 1174 quidem
1160 1092 1513 1173 IgnatiuS,
1546 1094 1633 1157 de
1673 1094 2017 1158 mittendo
2059 1094 2428 1158 sacerdote
2468 1098 2864 1175 consultuS,
2910 1095 3208 1161 faculta-

736 1208 881 1265 tem
910 1200 1103 1289 dedit
1130 1199 1563 1264 Provinciali
1590 1211 1691 1281 ut,
1722 1200 1783 1264 si
1813 1217 2024 1281 quem
2053 1200 2384 1266 idoneum
2413 1200 2864 1267 sacerdotem
2892 1202 2985 1268 ad
3013 1204 3212 1286 pium

737 1306 909 1372 illud
938 1324 1115 1388 opus
1144 1307 1719 1389 prosequendum
1739 1308 2106 1389 haberent,
2131 1306 2515 1373 Tituanum
2537 1310 2815 1373 mittere
2838 1321 3128 1391 possent
3151 1310 3202 1389 ’3

742 1424 814 1478 et
857 1416 1022 1495 quia
1066 1415 1441 1478 missiones
1482 1416 1745 1478 multae
1787 1416 1860 1477 in
1904 1413 2175 1479 Indiam
2219 1423 2288 1479 et
2330 1414 2472 1479 alia
2519 1417 2680 1479 loca
2726 1418 3210 1482 transmarina

744 1530 951 1586 erant
978 1520 1371 1601 faciendae,
1407 1522 1578 1585 nihil
1607 1523 1745 1586 hoc
1776 1540 1965 1587 anno
1995 1524 2536 1587 constituerunt.

859 1628 1037 1693 1224.
1124 1628 1397 1695 Nobilis
1425 1630 1713 1710 quidam
1742 1640 1811 1695 et
1840 1630 1962 1694 alii
1994 1629 2330 1695 officiales
2363 1630 2973 1696 confraternitatis
2994 1630 3212 1695 Mise-

737 1736 1095 1800 ricordiae
1149 1736 1739 1817 olyssiponensi5‚
1796 1753 1980 1818 quae
2028 1737 2252 1801 fertur
2301 1738 2603 1817 singulis
2653 1739 2862 1802 annis
2911 1738 3212 1819 triginta

732 1843 953 1908 millia
991 1840 1415 1908 ducatorum
1456 1851 1528 1907 et
1568 1860 1653 1907 eo
1684 1842 1988 1924 amplius
2031 1842 2105 1907 in
2134 1845 2565 1926 pauperibus
2613 1844 3098 1909 sustentandis
3140 1855 3216 1909 et

734 1950 895 2029 aliis
922 1950 1206 2030 pietatis
1235 1949 1569 2031 operibus
1602 1948 2080 2032 [expendere],
2109 1952 2559 2032 postularunt
2589 1969 2631 2015 a
2660 1951 2738 2016 Ρ.
2769 1952 3046 2035 Joanne
3065 1952 3208 2016 Nu-

734 2073 919 2137 gnez
946 2065 1024 2120 ut
1052 2074 1215 2121 cum
1245 2057 1384 2120 alio
1412 2057 1720 2137 quodam
1748 2058 1906 2122 viro
1936 2059 2306 2138 Argeliam
2334 2076 2412 2123 se
2454 2059 2811 2123 conferret
2842 2069 2917 2123 ut
2946 2060 3220 2124 redem-

738 2164 1055 2244 ptionem
1093 2163 1560 2227 ducentorum
1596 2164 1880 2228 illorum
1926 2164 2407 2246 captivorum,
2463 2183 2640 2246 quos
2683 2164 2836 2229 Rex
2877 2167 3224 2247 Argeliae

742 2287 987 2334 secum
1017 2270 1435 2347 abduxerat,
1468 2279 1677 2351 capta
1707 2271 1954 2352 Fessa,
1989 2273 2412 2349 absolveret,
2442 2273 3017 2356 quandoquidem
3045 2292 3206 2356 pro-

739 2386 897 2458 pter
920 2376 1150 2457 ipsam
1175 2376 1248 2440 in
1269 2376 1782 2457 Portugalliam
1805 2387 2125 2459 venerat;
2153 2380 2279 2443 sed
2302 2397 2465 2443 cum
2483 2378 2558 2444 Ρ.
2586 2380 2902 2462 Joannes
2915 2380 3220 2462 Nugnez

739 2483 1215 2548 obedientiam
1244 2493 1314 2548 et
1343 2486 1689 2565 quasdam
1718 2486 2036 2550 rationes
2066 2486 2322 2568 quibus
2351 2504 2430 2551 se
2459 2488 2850 2552 excusabat
2879 2488 3210 2552 obtende-

738 2602 872 2672 ret,
910 2609 951 2655 a
983 2592 1180 2672 Rege
1209 2592 1306 2656 illi
1336 2592 1473 2656 hoc
1510 2594 1989 2675 postularunt,
2022 2604 2091 2658 et
2119 2594 2280 2658 Rex·
2305 2594 2588 2675 quidem
2617 2605 2785 2660 tunc
2824 2595 2898 2660 id
2926 2612 3216 2660 conces·

742 2698 863 2778 sit,
896 2698 1024 2763 sed
1054 2698 1306 2762 deinde
1334 2716 1606 2764 memor
1636 2700 1825 2780 quod
1863 2718 2105 2764 mense
2135 2700 2394 2766 Martio
2425 2700 2450 2733 ⁸
2495 2719 2660 2767 cum
2700 2704 2931 2766 classe
2970 2702 3214 2767 Indica

745 2823 999 2869 versus
1058 2806 1518 2887 Aethiopiam
1580 2806 1657 2869 Ρ.
1717 2805 2030 2889 Joannes
2093 2809 2478 2873 mittendus
2535 2818 2721 2874 esset
2751 2859 2765 2888 ,
2837 2810 3226 2874 accersivit

744 2910 823 2975 Ρ.
856 2912 1205 2977 Mironem
1234 2912 1789 2994 Provincialem,
1823 2923 1924 2993 et,
1958 2932 2122 2979 cum
2151 2916 2241 2979 ab
2269 2934 2356 2980 eo
2387 2918 2852 2981 intellexisset
2883 2917 3114 2998 quod,
3161 2917 3226 2980 si

746 3018 1119 3101 Argeliam
1149 3020 1306 3099 iret,
1340 3038 1484 3084 non
1512 3029 1792 3102 poterat
1821 3022 2056 3086 redire
2097 3022 2187 3087 ad
2218 3025 2672 3087 constitutum
2709 3024 2996 3089 Indicae
3024 3025 3225 3088 navi·

748 3125 1064 3206 gationis
1094 3135 1373 3207 tempus
1404 3126 1571 3206 (jam
1593 3129 1785 3192 enim
1807 3137 2188 3194 autumnus
2211 3131 2640 3212 appetebat),
2666 3132 2891 3196 noluit
2913 3130 2993 3195 Ρ.
3016 3131 3227 3215 Joan-

750 3250 913 3297 nem
963 3230 1260 3315 Nugnez
1308 3234 1681 3315 Argeliam
1729 3236 1867 3310 ire,
1925 3238 2083 3317 sed,
2139 3256 2222 3301 eo
2273 3240 2622 3303 accersito
2674 3250 2751 3302 ut
2799 3239 3230 3303 sententiam

753 3338 978 3421 ipsius
1008 3340 1095 3404 de
1122 3342 1401 3405 ratione
1431 3342 1638 3423 huJus
1669 3344 2177 3424 redemptionis
2207 3346 2488 3411 audiret
2509 3396 2523 3424 ,
2556 3345 3042 3411 officicialibus
3085 3346 3220 3410 Me·-

754 3447 1194 3511 sericordz‘ae
1223 3447 1591 3514 satisfecit.

884 3552 1061 3617 1225.
1148 3554 1523 3637 Saraceni,
1571 3557 1692 3637 qui
1730 3556 2020 3622 Tituani
2063 3571 2297 3637 erant,
2348 3560 2609 3640 optime
2651 3560 2740 3623 de
2777 3560 3056 3640 Ignatio
3098 3560 3230 3625 Bo·

757 3660 950 3740 gado
978 3662 1403 3742 sentiebant,
1430 3671 1499 3727 et
1521 3674 1847 3727 sanctum
1877 3666 2074 3728 illum
2095 3668 2476 3745 vocabant,
2505 3678 2575 3731 et
2605 3685 3056 3749 summopere
3079 3667 3234 3749 ejus

759 3766 1178 3848 patientiam
1206 3769 1278 3833 in
1306 3769 1619 3834 ferendis
1648 3771 1926 3852 injuriis
1956 3774 2420 3853 mirabantur,
2456 3792 2618 3838 cum
2646 3784 2921 3855 tamen,
2955 3776 3017 3839 si
3047 3775 3237 3855 apud

757 3873 1068 3956 jndicem
1100 3874 1351 3940 fuisset
1380 3889 1834 3959 conquestuS,
1867 3880 2083 3943 sciret
2114 3898 2270 3961 θος,
2305 3881 2425 3962 qui
2453 3881 2786 3962 inJ’uriam
2824 3883 3236 3961 intulerant,

764 3981 941 4045 dure
970 3983 1428 4062 castigandos
1450 3984 1625 4049 fore.
1657 3984 1953 4050 Miserat
1975 3988 2052 4051 Ρ.
2081 3988 2395 4071 Joannes
2417 3988 2714 4069 Nugnez
2737 3989 2830 4053 ad
2850 3988 3234 4069 Ignatium,

764 4088 1072 4169 socium,
1104 4091 1263 4171 plus
1291 4109 1505 4173 quam
1536 4091 1675 4157 duo
1703 4093 1924 4157 millia
1965 4093 2419 4175 ducatorum,
2450 4104 2522 4159 et
2550 4096 2845 4161 totidem
2890 4096 3243 4160 missurus

854 4402 871 4436 ¹
930 4402 1073 4455 Quae
1094 4404 1357 4459 hucusque
1380 4417 1413 4449 n.
1434 4417 1575 4450 num.
1604 4406 1708 4449 1218
1728 4406 2075 4460 continentur,
2099 4406 2372 4461 desumpta
2392 4414 2511 4451 sunt
2531 4420 2598 4451 ex
2625 4408 2838 4465 litteris,
2859 4420 2990 4465 quan
3007 4411 3170 4456 habes
3191 4412 3246 4455 in

772 4473 1019 4518 Litterae
1042 4476 1493 4529 quadrimestres,
1513 4483 1551 4520 t.
1572 4488 1628 4530 ιι,
1648 4488 1771 4532 pag.
1791 4477 1874 4521 583
1894 4484 1945 4521 et
1965 4478 2062 4521 671.

852 4546 875 4577 ²
933 4546 1098 4591 “Para
1116 4548 1169 4591 la
1185 4548 1458 4591 redencion
1480 4549 1542 4592 de
1563 4550 1641 4592 los
1661 4548 1904 4593 cautivos
1921 4582 1932 4603 ,
1953 4548 2212 4593 hubiendo
2233 4550 2309 4593 tal
2330 4560 2576 4605 persona.
2598 4564 2696 4607 que
2717 4563 2850 4607 para
2869 4558 2986 4598 esta
3005 4565 3246 4608 cmpresa

772 4616 919 4663 fuese
937 4620 1278 4664 conveniente
1298 4630 1332 4674 y
1350 4621 1393 4664 si
1416 4632 1471 4664 se
1494 4621 1703 4675 pudiese
1726 4632 1942 4665 escusar
1961 4632 2024 4665 en
2045 4620 2315 4675 Portngnl,
2339 4632 2406 4666 no
2427 4621 2536 4679 hay
2555 4623 2694 4669 duda
2709 4636 2808 4678 que
2826 4626 2966 4670 seria
2987 4636 3110 4682 may
3129 4636 3253 4670 con·

772 4690 1065 4743 venientem
1087 4690 1362 4746 Polaticus,
1383 4702 1451 4735 ex
1465 4703 1613 4745 com„
1627 4691 1774 4737 Patri
1795 4692 1990 4746 Jacobo
2010 4692 2190 4748 Miron,
2211 4692 2266 4736 26
2283 4692 2549 4745 Ju1111554.

857 4758 881 4791 ³
932 4761 1198 4815 nequenti·
1212 4762 1331 4806 anni
1349 4762 1470 4807 1555.
