3742 5392
1620 495 1749 555 An.
1794 495 1934 555 1554
2911 495 3044 555 269-

546 639 736 703 enim
758 640 979 720 pestis
1001 656 1190 704 anno
1212 640 1665 721 superiorein
1690 640 2132 705 colonienses
2155 640 2364 704 valde
2385 648 2720 721 grassata
2743 652 2932 705 esset
2967 642 3009 721 ¹,

544 748 849 828 populus
878 746 1078 810 initio
1119 746 1327 827 huJ’us
1368 746 1539 810 anni
1565 764 1899 811 reversus
1932 748 2215 828 quidem
2243 756 2385 823 est,
2426 747 2553 811 sed
2583 764 2743 810 cum
2787 747 3020 813 adhuc

550 870 811 917 manus
836 852 1125 917 Domini
1164 863 1352 917 esset
1390 861 1715 933 extenta,
1762 855 1900 917 hoc
1939 854 2153 918 etiam
2183 871 2371 917 anno
2409 854 2632 934 pestis
2677 854 2918 935 rediit,
2952 864 3022 919 et

546 960 649 1023 ita
688 959 948 1024 fratres
988 960 1059 1023 in
1090 960 1295 1023 varia
1344 960 1505 1023 loca
1556 969 1761 1023 extra
1804 959 2172 1024 Coloniam
2221 960 2652 1037 destinabat;
2689 962 3038 1041 quamvis

545 1075 783 1129 autem
808 1066 1103 1131 subinde
1129 1068 1307 1129 alios
1330 1078 1544 1148 atque
1568 1068 1746 1130 alios
1768 1066 1840 1130 in
1867 1065 2294 1131 Societatem
2317 1067 2472 1148 ipse
2497 1068 2899 1132 admitteret
2921 1070 3022 1148 (ut

545 1173 913 1253 dicemus),
938 1191 1080 1238 non
1105 1173 1445 1238 Coloniae
1469 1174 1877 1238 retinendos
1890 1174 2048 1237 illos
2071 1175 2430 1237 censebat.
2454 1174 2655 1239 Unus
2673 1192 2762 1238 ex
2778 1175 3020 1255 sociiS,

550 1282 676 1361 qui
719 1298 907 1343 anno
956 1280 1241 1344 ineunte
1289 1298 1449 1345 cum
1494 1278 1570 1344 P.
1614 1280 1994 1345 Leonardo
2052 1282 2504 1358 versabatur,
2549 1281 2862 1345 Thomas
2906 1282 3022 1346 ille

546 1386 1064 1451 Marchicensis
1094 1396 1279 1467 erat,
1324 1387 1442 1469 qui
1473 1386 1547 1451 P.
1581 1387 1948 1451 Bernardo
1979 1386 2295 1451 Oliverio
2326 1386 2350 1419 ¹
2379 1405 2618 1451 comes
2647 1387 3024 1469 adjunctus

544 1491 697 1569 fuit,
726 1500 796 1556 et
824 1494 914 1557 ab
944 1511 1028 1557 eo
1059 1495 1398 1558 recedens
1427 1494 1751 1573 Lovanii,
1787 1492 2003 1558 studii
2030 1494 2268 1574 gratia
2306 1493 2702 1575 Coloniam,
2741 1494 2812 1558 Ρ.
2846 1496 3022 1560 Leo-

544 1600 771 1663 nardo
796 1599 1361 1679 cohabitaturuS,
1394 1600 1613 1664 venit:
1640 1602 1816 1664 alter
1840 1610 1994 1663 erat
2017 1599 2304 1682 quidam
2327 1601 2688 1679 sacerdOS,
2707 1602 3024 1684 Joannes

544 1725 588 1769 a
630 1704 900 1771 Catena
922 1706 1185 1785 dictuS,
1240 1708 1383 1788 qui,
1415 1706 1743 1787 quamvis
1782 1718 1954 1770 vota
1985 1705 2362 1770 Societatis
2401 1707 2770 1787 emiserat,
2812 1719 2881 1772 et
2927 1708 3020 1772 ad

542 1822 792 1877 nutum
812 1814 1251 1878 obedientiae
1268 1824 1561 1895 paratus
1578 1821 1785 1892 esset,
1803 1812 2070 1894 placuit
2086 1822 2324 1877 tamen
2339 1812 2418 1877 Ρ.
2443 1814 2720 1893 Ignatio
2736 1823 2812 1878 ut
2829 1815 3019 1895 apud

543 1930 820 2000 patrem
842 1921 1324 1984 coloniensem
1349 1920 1782 2001 decrepitum
1801 1928 1871 1983 et
1902 1917 2054 1999 ejus
2079 1936 2298 2001 opera
2319 1920 2760 2000 indigentem
2783 1938 3016 1985 mane-

546 2037 654 2089 ret
684 2024 730 2085 ³.
762 2027 1221 2091 cohabitavit
1252 2028 1477 2091 eidem
1507 2027 1794 2108 quidam
1844 2026 2100 2090 Petrus
2153 2026 2515 2091 Adrianus
2559 2025 2604 2107 ⁴,
2653 2029 3016 2108 zelanduS,

542 2134 661 2214 qui
693 2133 814 2198 diu
854 2134 1123 2198 Romae
1156 2146 1225 2197 et
1254 2134 1409 2198 aliis
1438 2134 1683 2197 Italiae
1711 2134 1890 2197 locis
1923 2136 2126 2209 (nam
2163 2134 2279 2197 hic
2321 2133 2554 2198 fuerat
2602 2136 2676 2199 in
2706 2134 3017 2199 Societa-

540 2249 679 2304 tem
712 2241 1087 2320 admissus)
1114 2242 1230 2305 diu
1263 2243 1604 2305 toleratus
1632 2240 1793 2319 fuit,
1828 2258 1990 2303 cum
2013 2240 2247 2305 animo
2271 2250 2341 2304 et
2369 2248 2668 2321 corpore
2698 2240 3025 2306 infirmus

542 2357 761 2425 esset,
795 2357 865 2411 et
898 2365 1057 2411 curn
1090 2347 1167 2410 P.
1202 2348 1538 2427 Quintino
1570 2345 1594 2378 ⁸
1643 2348 1715 2411 in
1746 2347 2205 2411 Germaniam
2234 2348 2491 2411 missus
2511 2396 2527 2427 ,
2575 2360 2644 2411 et
2679 2348 3018 2413 Coloniae

540 2463 878 2535 retentus,
918 2455 1053 2519 sibi
1083 2455 1331 2519 similis
1359 2472 1516 2518 esse
1544 2452 1895 2535 perrexit,
1927 2463 1998 2517 et
2023 2454 2636 2533 longanimitatem
2666 2473 2828 2520 cum
2871 2458 3016 2537 qui-

539 2562 859 2641 busdam,
914 2563 1031 2642 qui
1080 2580 1227 2625 non
1274 2571 1423 2625 tam
1472 2561 1878 2625 infirmitate
1913 2578 2128 2641 quam
2191 2561 2557 2625 voluntate
2609 2562 2836 2627 officio
2885 2580 3036 2627 suo

540 2667 825 2747 desunt,
878 2687 1131 2750 parum
1171 2668 1457 2733 tandem
1481 2668 1734 2749 juvare
1773 2686 1988 2749 opere
2040 2668 2376 2743 ostendit;
2431 2686 2597 2732 nam
2639 2651 3018 2750 postquam

540 2776 951 2857 aliquandiu
995 2777 1331 2841 Coloniae
1379 2778 1509 2839 sub
1550 2775 1625 2838 P.
1683 2774 2062 2839 Leonardo
2113 2774 2440 2851 vixisset,
2496 2776 2598 2839 sic
2639 2792 2718 2839 se
2767 2778 3014 2855 gessit,

549 2892 628 2946 ut
674 2884 961 2947 tandem
991 2882 1446 2947 dimittendus
1474 2882 1709 2947 fuerit.

656 2989 800 3053 578.
889 2984 1348 3054 Colonienses
1398 3007 1571 3070 erga
1614 2988 2046 3053 Societatem
2075 2989 2254 3053 bene
2299 2986 2534 3051 affecti
2565 2989 3012 3069 videbantur,

537 3114 671 3159 nec
698 3097 883 3161 ullus
912 3107 1088 3176 erat,
1122 3098 1243 3177 qui
1270 3116 1413 3159 non
1442 3098 1623 3161 bene
1654 3096 1918 3159 sentire
1948 3094 2036 3158 de
2079 3094 2343 3158 nostris
2372 3103 2441 3158 et
2471 3095 2574 3158 eis
2603 3095 2847 3159 favere
2877 3098 3012 3178 pri-

535 3204 773 3266 vatim
801 3204 1152 3285 loquendo
1189 3203 1573 3267 videretur.
1626 3204 1865 3265 Bonus
1896 3202 2112 3265 etiarn
2156 3200 2333 3264 odor
2362 3200 2662 3282 Collegii
2711 3202 3018 3267 Romani

536 3442 846 3497 perstitisse;
870 3448 978 3487 tam
999 3442 1149 3486 suavi
1186 3444 1343 3487 etiam
1374 3444 1517 3487 foras
1544 3455 1639 3499 per
1670 3442 2102 3497 circumjacentes
2132 3450 2290 3495 agros
2321 3440 2502 3484 diffuso
2526 3440 2698 3495 odore,
2729 3449 2785 3486 ut
2805 3454 2870 3486 ex
2903 3451 3012 3488 tam

537 3513 743 3568 exiguis
763 3515 1019 3559 sociorum
1044 3516 1502 3569 Agrippinensium
1522 3516 1737 3570 copiolis
1756 3514 1822 3558 ad
1843 3524 1900 3557 se
1922 3524 2120 3568 quoque
2143 3512 2330 3556 deduci·
2357 3514 2586 3556 colonias
2616 3515 2771 3557 urbes
2792 3522 3008 3559 exterae

536 3585 895 3639 deposcerent.
941 3586 1144 3629 Primas
1176 3586 1225 3629 in
1256 3588 1337 3631 his
1370 3594 1549 3642 partes
1588 3588 1685 3631 sibi
1728 3586 1975 3630 vendicat
2011 3584 2406 3639 Neomagum...„
2447 3584 2692 3629 Historia
2728 3586 3014 3631 societatis

533 3656 669 3712 Jesu
690 3658 763 3700 aa
783 3658 1030 3701 Rhenum
1063 3658 1403 3713 infertorem,
1432 3660 1518 3703 lib.
1553 3670 1605 3712 11,
1636 3670 1747 3714 cap.
1767 3668 1882 3712 vm,
1905 3668 1954 3700 n.
1977 3656 2289 3700 snut-Ea
2319 3658 2432 3712 ipsa
2463 3658 2784 3702 enucleatius
2804 3659 3011 3713 aliaque

537 3739 637 3773 non
664 3740 852 3783 pauca,
875 3738 930 3773 ut
954 3730 1145 3783 legenti
1168 3737 1333 3785 patet,
1355 3738 1565 3774 enarrat
1590 3730 1862 3773 Polaticus.

618 3800 635 3834 ¹
694 3799 828 3843 Vide
848 3812 1023 3855 supra,
1048 3806 1085 3844 t.
1108 3811 1179 3853 ιιι,
1201 3812 1320 3856 pag.
1343 3802 1438 3852 265,
1457 3814 1504 3846 n.
1526 3802 1622 3846 591.

616 3871 639 3903 Ξ
692 3870 826 3915 Vide
848 3883 1023 3927 supra,
1048 3878 1084 3916 t.
1106 3883 1180 3925 m,
1201 3884 1322 3927 pag.
1343 3872 1414 3926 21,
1436 3884 1483 3917 n.
1505 3872 1576 3916 30.

616 3942 639 3975 ³
692 3942 865 3995 “Quod
898 3944 1089 3987 attinet
1109 3944 1175 3988 ad
1208 3942 1366 3987 Msum
1396 3943 1644 3997 Joanuem
1675 3942 2000 3987 Cathaenam
2030 3942 2165 3998 (sic),
2197 3941 2609 3997 quandoquidem
2638 3952 2738 3985 non
2769 3942 3010 3997 expedire

534 4012 745 4057 videtur
767 4014 879 4058 ΚΜ
904 4014 1021 4058 v.·e
1047 4022 1103 4060 ut
1122 4027 1269 4060 suum
1288 4022 1493 4071 patrem
1514 4016 1664 4060 modo
1685 4016 1959 4070 relinquat.
1978 4019 2186 4058 maneat
2204 4024 2318 4058 cum
2337 4025 2395 4058 eo
2411 4020 2464 4057 et
2483 4025 2575 4058 suo
2591 4014 2846 4069 profectui
2866 4015 2916 4058 in
2931 4014 3013 4059 lit·

536 4086 659 4129 teris
676 4093 729 4128 et
745 4086 797 4129 in
812 4087 999 4141 spiritu
1020 4088 1277 4141 invigilet.
1298 4087 1394 4130 V.⁸
1409 4086 1500 4141 Rs
1516 4088 1562 4131 ei
1578 4086 1769 4132 indicet
1786 4085 1998 4130 Patrem
2015 4092 2246 4129 nostrum
2261 4086 2372 4140 eJus
2383 4094 2564 4129 votum
2585 4087 2865 4141 accepisse,
2884 4093 2936 4129 et
2957 4087 3026 4133 in.

532 4162 767 4201 nostram
784 4156 1097 4204 Societatem
1117 4170 1271 4212 quam
1286 4158 1639 4203 amantissime
1655 4158 1821 4214 ipsum
1840 4156 2135 4211 admittere,
2153 4163 2206 4200 et
2223 4156 2462 4200 audiendi
2479 4157 2826 4201 confessiones
2841 4163 2892 4201 et
2907 4156 3012 4201 Eu·

535 4228 821 4273 charistiae
842 4238 1231 4274 sacramentum
1261 4230 1654 4275 administrandi
1686 4230 1992 4274 facultatem
2027 4218 2076 4271 ei
2105 4228 2407 4281 concedere,
2441 4234 2492 4271 et
2522 4228 2728 4283 quidem
2759 4229 2826 4272 ad
2857 4234 3010 4273 casus

533 4310 711 4345 omnes
732 4300 817 4355 qui
838 4299 953 4343 Vsa
978 4301 1091 4344 ΒΜ
1116 4301 1429 4346 videbuntur
1448 4304 1614 4357 (cujus
1628 4302 1880 4358 judicium
1899 4301 1997 4344 hac
2029 4301 2079 4345 in
2101 4310 2158 4343 re
2181 4299 2342 4343 Pater
2369 4306 2546 4343 noster
2577 4302 2844 4354 sequetur)
2863 4312 3010 4345 suam

534 4379 588 4415 et
610 4370 888 4416 Societatis
908 4374 1283 4418 auctoritatem
1305 4374 1355 4417 in
1376 4374 1691 4417 absolvendo
1710 4373 2109 4425 communicare,
2131 4382 2264 4427 quae
2287 4372 2460 4415 omnia
2481 4381 2694 4415 cessura
2713 4370 2766 4416 in
2786 4369 2882 4416 Dei
2898 4373 3008 4427 glo·

531 4446 667 4487 riam
688 4448 741 4487 et
761 4454 1081 4488 communem
1104 4445 1389 4490 utilitatem
1409 4456 1722 4501 speramus„
1755 4443 2028 4497 Polaticus,
2060 4455 2127 4488 ea·
2151 4454 2300 4494 com„
2330 4441 2475 4486 Patri
2504 4442 2777 4487 Leonardo
2809 4442 3030 4496 Kessei„

534 4516 555 4558 1
584 4512 711 4570 Maii
732 4514 852 4559 1554.
876 4515 1011 4559 Vide
1032 4516 1192 4561 etiam
1227 4516 1435 4562 Poianci
1460 4516 1525 4561 ad
1556 4516 1789 4560 eumdem
1808 4514 2098 4559 Kesselium
2119 4515 2342 4569 litteras,
2380 4524 2446 4556 ex
2475 4524 2628 4568 com„
2655 4514 2808 4559 datas
2838 4514 3008 4557 18·Νο-

534 4586 769 4631 vembris
790 4588 1019 4642 ejusdem
1040 4588 1161 4632 anni
1184 4588 1303 4634 1554.

615 4659 639 4690 ⁴
692 4656 827 4703 Vide
852 4658 1043 4703 Carras
1064 4660 1132 4704 de
1153 4658 1264 4703 San
1285 4658 1522 4713 Ignacto,
1543 4669 1578 4704 t.
1602 4670 1675 4715 tv,
1697 4672 1825 4716 pag.
1850 4660 1998 4705 86·88.

614 4729 639 4761 ⁵
698 4730 853 4776 Patre
876 4730 1119 4785 Quintlno
1141 4728 1405 4777 Charini-t.
1431 4731 1564 4776 Vide
1584 4742 1757 4787 supra,
1780 4740 1819 4777 t.
1849 4742 1925 4787 111,
1946 4742 2067 4787 pag.
2091 4730 2185 4785 263,
2204 4742 2253 4775 n.
2271 4730 2367 4782 586,
2390 4734 2443 4771 et
2464 4740 2583 4785 pag.
2605 4726 2701 4783 283,
2724 4738 2774 4771 u.
2801 4726 2899 4771 636.
