3742 5392
1643 481 1770 541 AN.
1819 483 1956 541 1554
2538 449 2545 458 ’
2969 481 3047 538 27

575 628 817 691 labore
865 628 1175 691 eundum
1205 639 1274 691 et
1307 627 1741 692 redeundum
1763 639 1919 692 erat
1948 627 2258 710 quotidie
2282 628 2374 691 ad
2394 645 2555 691 eam
2586 627 3041 707 aperiendam

577 746 646 798 et
677 735 1178 814 claudendam,
1233 736 1468 800 claudi
1518 737 1749 817 coepit
1793 736 1953 799 aliis
2002 736 2249 800 diebus
2301 753 2512 816 quam
2556 733 2927 798 dominicis
2956 751 3045 796 ac

574 840 796 905 festis.
829 841 1124 905 Tectum
1147 852 1382 906 autem
1413 843 1756 907 ecclesiae
1785 841 1917 906 ¹ex
1938 843 2057 905 illa
2100 843 2401 923 pecunia
2440 843 2694 906 sarciri
2717 849 3047 922 coeptum

577 959 684 1012 est
701 997 716 1024 ,
749 966 967 1029 quam
995 949 1207 1012 amici
1237 949 1327 1012 ad
1352 951 1780 1031 emptionem
1795 950 2048 1014 domus
2072 948 2527 1028 addiderant,
2556 950 2629 1013 in
2652 967 2791 1030 qua
2812 965 3050 1012 novus

577 1054 912 1119 fundator
940 1055 1341 1135 praedicari
1371 1057 1736 1138 cupiebat,
1767 1074 1935 1120 nam
1966 1057 2038 1120 in
2088 1057 2481 1120 cathedrali
2521 1057 2821 1120 ecclesia
2851 1056 2922 1119 id
2950 1055 3050 1118 fe—

580 1171 778 1226 cerat
799 1161 876 1225 P.
903 1162 1256 1240 Andreas;
1282 1164 1407 1227 sed
1432 1165 1645 1244 paulo
1664 1171 1824 1244 post
1846 1161 2212 1227 fundatori
2235 1173 2339 1227 est
2363 1163 2829 1226 satisfactum.
2864 1161 3046 1227 Con-

580 1268 924 1334 fessiones
946 1269 1228 1350 quidem
1260 1287 1399 1333 non
1428 1287 1702 1351 paucae
1731 1271 1806 1334 in
1833 1281 2081 1334 nostro
2114 1272 2373 1350 templo
2402 1270 2633 1334 audiri
2655 1277 3047 1349 coeperunt

582 1393 744 1440 cum
774 1394 816 1439 a
846 1375 924 1440 P.
960 1375 1333 1442 Desiderio
1363 1387 1512 1440 tum
1543 1395 1586 1440 a
1618 1376 1692 1441 P.
1725 1376 2041 1456 Andrea,
2070 1377 2191 1457 qui
2213 1377 2387 1441 satis
2415 1379 2673 1440 multas
2694 1377 2909 1440 etiam
2930 1391 3047 1456 ge·

579 1484 858 1546 nerales
907 1484 1210 1561 audivit,
1264 1495 1334 1548 et
1382 1503 1472 1548 ex
1508 1485 1611 1548 eis
1651 1502 1738 1547 ac
1788 1485 2317 1565 praedicatione
2360 1502 2503 1548 non
2548 1483 3053 1564 poenitendum

581 1590 887 1654 fructum
922 1591 990 1653 in
1025 1591 1282 1654 horrea
1312 1591 1597 1655 Domini
1618 1591 1851 1656 intulit
1869 1609 1885 1671 ;
1918 1592 2223 1655 habebat
2252 1601 2491 1656 autem
2521 1593 2693 1655 satis
2714 1591 3055 1671 frequens

579 1685 1044 1776 auditorium,
1081 1697 1269 1778 quod
1294 1716 1455 1762 cum
1487 1697 1977 1762 aedificatione
2017 1706 2086 1762 et
2118 1707 2381 1762 attente
2412 1699 2643 1778 ipsum
2694 1698 3051 1762 audiebat.

703 1805 804 1868 34.
891 1803 1070 1869 Cum
1099 1805 1332 1868 adhuc
1364 1816 1610 1884 ageret
1639 1805 1928 1885 Tybure
1958 1806 2145 1869 idem
2175 1806 2250 1869 P.
2281 1805 2644 1881 AndreaS‚
2692 1806 2757 1868 ei
2787 1804 3049 1885 signifi·

583 1923 824 1976 catum
854 1921 962 1975 est
990 1911 1179 1992 quod
1207 1913 1278 1975 in
1307 1912 1762 1993 Aethiopiam
1792 1921 1868 1974 ut
1897 1911 2358 1976 patriarchae
2388 1911 2756 1992 coadjutor
2797 1921 2867 1975 et
2895 1929 3053 1975 suc-

588 2037 830 2083 cessor
863 2019 1090 2083 iturus
1118 2030 1296 2084 erat.
1333 2019 1632 2101 Scripsit
1681 2031 1918 2084 autem
1963 2016 2037 2082 P.
2087 2021 2361 2102 Ignatio
2392 2038 2467 2084 se
2506 2021 2786 2100 quidem
2828 2018 3051 2098 profe-

588 2127 893 2191 ctionem
911 2127 984 2190 in
1006 2127 1461 2207 Aethiopiam
1474 2130 1903 2208 perlibenter
1927 2131 2299 2194 admittere
2321 2139 2389 2192 et
2404 2145 2625 2208 usque
2650 2126 2740 2190 ad
2758 2135 3057 2190 mortem

588 2252 664 2298 se
695 2234 862 2298 totis
893 2235 1166 2298 viribus
1195 2235 1266 2298 in
1308 2253 1393 2298 ea
1435 2236 1645 2300 vinea
1686 2235 1977 2301 Domini
2016 2237 2508 2300 laboraturum
2550 2233 2755 2315 Juxta
2790 2234 3058 2297 institu-

587 2348 738 2404 tum
759 2339 1139 2404 Societatis
1165 2351 1476 2406 nostrae.
1511 2341 1668 2406 Non
1697 2345 2075 2407 recusabat
2106 2344 2321 2406 etiam
2351 2359 2427 2405 se
2456 2343 2810 2405 nominari
2852 2339 3065 2403 coad-

585 2448 892 2528 jutorem
931 2446 1425 2527 Patriarchae,
1477 2449 1669 2530 quod
1717 2450 1809 2513 ad
1839 2450 2309 2514 ministerium
2360 2449 2609 2512 attinet
2658 2459 2727 2512 et
2751 2449 3063 2510 laborem

585 2553 790 2633 Juxta
843 2555 1240 2619 institutum
1290 2554 1688 2620 Societatis,
1743 2556 1903 2620 Duo
1969 2567 2215 2620 tamen.
2255 2556 2395 2619 alia
2443 2573 2585 2619 non
2628 2553 3065 2618 admittenda

595 2663 962 2740 censebat,
997 2662 1298 2741 scilicet,
1353 2663 1878 2727 successionem
1930 2664 2000 2726 in
2053 2664 2399 2742 dignitate
2452 2662 2948 2744 patriarchali,
2997 2673 3067 2725 et

593 2768 904 2844 interim,
939 2769 1107 2832 dum
1137 2769 1412 2833 viveret
1443 2770 1889 2851 patriarcha,
1924 2771 2403 2851 episcopalem
2442 2771 2885 2850 dignitatem.
2917 2769 3067 2833 Nec

595 2876 666 2938 in
690 2893 908 2939 manu
927 2875 1146 2956 Regis
1169 2875 1650 2956 Portugalliae
1676 2888 1797 2941 aut
1821 2879 2033 2941 ullius
2058 2877 2431 2942 Generalis
2451 2876 2475 2909 ³
2498 2894 2655 2940 esse
2672 2877 3070 2940 affirmabat

596 2984 853 3048 similia
893 2983 1121 3047 officia
1159 2985 1338 3047 viris
1387 2985 1740 3064 religiosis
1790 2984 2193 3066 injungere,
2248 3003 2377 3048 nec
2410 2983 2655 3065 jubere
2706 3003 2827 3048 eos
2856 3001 3071 3065 posse

597 3102 672 3154 ut
701 3091 872 3154 talia
904 3091 1144 3155 munia
1177 3091 1438 3155 subditi
1467 3092 1798 3170 subeant3
1834 3102 1904 3155 et
1933 3091 2239 3170 demum,
2294 3093 2519 3155 solum
2554 3091 2965 3154 Pontificem
2998 3090 3067 3153 id

595 3215 804 3279 posse
835 3199 1278 3279 praecipere;
1313 3207 1383 3261 et
1411 3199 1576 3279 quia
1607 3217 1786 3262 onus
1816 3199 1957 3262 hoc
1987 3199 2265 3262 difficile
2296 3209 2365 3262 et
2411 3200 2889 3279 periculosum
2934 3199 3067 3278 ipsi

596 3306 970 3369 videbatur
992 3355 1008 3384 ,
1033 3306 1336 3385 rogabat
1369 3305 1443 3368 P.
1479 3306 1840 3389 Ignatium
1894 3317 1992 3387 ut,
2026 3307 2089 3370 si
2118 3309 2254 3370 hac
2286 3307 2371 3370 de
2424 3325 2499 3370 re
2529 3307 2795 3369 directe
2826 3315 2947 3369 aut
2969 3306 3067 3368 in·

597 3413 865 3476 directe
895 3411 1214 3477 Societas
1259 3422 1528 3492 ageret,
1579 3413 1886 3477 facultas
1916 3415 2050 3495 ipsi
2084 3413 2159 3477 P.
2197 3413 2528 3477 Andreae
2558 3413 3071 3477 concederetur

601 3519 1002 3600 alloquendi
1032 3523 1146 3583 vel
1175 3520 1529 3584 scribendi
1561 3521 1663 3583 eis
1686 3570 1700 3598 ,
1733 3522 1853 3602 qui
1884 3521 2057 3584 talia
2085 3528 2480 3584 tractarent
2496 3568 2511 3596 ,
2544 3530 2611 3584 et
2635 3521 2849 3584 etiam
2872 3518 3068 3583 Sum-

603 3643 718 3688 mo
748 3626 1101 3705 Pontifici,
1149 3645 1311 3691 cum
1353 3629 1776 3708 praesertim
1817 3647 1907 3691 ex
1946 3638 2150 3708 parte
2190 3629 2411 3708 ipsius
2446 3627 2823 3693 Societatis
2853 3629 3070 3692 etiam

602 3734 741 3796 hoc
770 3733 1048 3797 difficile
1079 3735 1202 3812 sit,
1235 3753 1398 3798 cum
1428 3735 1658 3799 officia
1688 3733 2093 3815 hujusmodi
2125 3734 2694 3817 jurisdictionem
2734 3735 3065 3811 habeant,

604 3851 672 3904 et
701 3841 870 3905 talia
899 3853 1315 3906 exercentes
1346 3843 1436 3906 ab
1467 3843 1862 3906 obedientia
1898 3841 2274 3906 Societatis
2322 3853 2559 3906 essent
2589 3841 2967 3920 eximendi;
3000 3851 3070 3905 et

605 3949 934 4028 quamvis
960 3946 1382 4012 Patriarcha
1398 3949 1528 4012 sub
1551 3947 1951 4012 obedientia
1976 3959 2292 4013 maneret
2316 3947 2615 4029 alicujus
2638 3949 3073 4012 commisarii

607 4055 976 4134 apostolici
1027 4055 1112 4118 de
1163 4057 1316 4136 ipsa
1368 4053 1753 4134 Societate,
1803 4074 1947 4118 non
1998 4065 2183 4130 esset
2228 4045 2627 4120 obedientia
2669 4055 2789 4118 illa
2829 4054 3066 4119 Socie-

609 4161 740 4224 tati
767 4161 890 4224 sed
921 4161 1380 4242 Apostolicae
1415 4161 1580 4226 Sedi
1611 4163 1930 4243 impensa
1980 4161 2025 4225 ⁵.
2080 4161 2349 4227 Orabat
2379 4179 2553 4242 ergo
2596 4181 2686 4227 ne
2716 4164 2853 4227 hac
2885 4161 2970 4226 de
2996 4182 3077 4226 re

695 4436 712 4469 ¹
773 4436 950 4482 Sancti
973 4437 1283 4482 San-storia.
1301 4437 1434 4482 Vide
1457 4448 1630 4493 supra,
1648 4448 1769 4492 pag.
1801 4438 1869 4492 25,
1893 4449 1941 4481 n.
1960 4437 2031 4481 80.

693 4509 717 4542 ⁸
771 4509 1045 4554 Generalis
1067 4509 1400 4564 praepositus
1420 4521 1512 4553 seu
1533 4507 1780 4564 Superior
1800 4510 2022 4562 alicujus
2041 4509 2320 4562 religiosae
2342 4509 2572 4555 familiae
2594 4521 2685 4554 seu
2704 4511 2913 4555 ordinis.

695 4581 719 4614 ⁸
771 4581 882 4626 Non
919 4583 1054 4626 enlm
1087 4583 1404 4637 apostolicus
1439 4582 1500 4625 de
1537 4579 1800 4627 Societate
1833 4581 2230 4626 commissarius
2260 4594 2351 4626 seu
2382 4582 2638 4626 visitator
2662 4581 3075 4637 jnrisdictionem

613 4653 772 4695 ullam
793 4653 843 4696 ln
867 4651 1234 4696 Patriarcham
1253 4653 1446 4696 habere
1465 4657 1680 4706 poterat
1698 4657 1956 4707 qnatenus
1977 4652 2039 4695 de
2060 4651 2322 4696 Societate
2344 4659 2397 4696 et
2429 4654 2495 4696 ab
2525 4653 2638 4706 ipsa
2662 4651 2923 4697 societate
2952 4663 3073 4697 con-

609 4723 846 4774 stitutus.
869 4724 964 4768 nisi
989 4723 1328 4778 Apostolicae
1351 4721 1499 4767 Sedis
1519 4723 1838 4768 auctoritate
1860 4724 1925 4768 ad
1948 4724 1997 4767 id
2023 4725 2251 4768 muneris
2270 4724 2589 4768 subeundum
2608 4724 2897 4768 fulciretur.
