3742 5392
1633 430 1760 489 ΑΝ.
1805 429 1943 489 1554
2924 428 3045 487 379

570 585 772 641 tanta
804 576 1202 641 confluebat
1231 575 1634 655 multitude,
1661 584 1736 639 ut
1759 576 2021 639 bonam
2048 583 2325 655 partem
2348 573 2497 655 ejus
2527 575 2827 655 plateae,
2853 592 3047 655 quae

565 693 732 748 ante
760 684 1048 748 domum
1080 693 1257 763 erat,
1294 684 1642 765 impleret,
1677 692 1746 745 et
1777 682 2135 745 undenam
2165 682 2643 747 catechismus
2666 681 2803 761 ille,
2829 700 3041 763 quem

563 792 992 872 explicabat,
1026 800 1172 854 tam
1220 790 1558 872 egregius
1598 789 1937 868 venisset,
1977 788 2447 870 inquirebant,
2496 799 2564 851 et
2608 788 2831 853 Roma
2878 789 3045 852 mis-

563 916 721 963 sum
750 916 906 961 esse
936 898 1366 962 divinabant
1399 895 1451 959 ¹:
1487 896 1880 977 cogebatur
1914 904 2151 959 autem
2182 905 2347 959 ante
2384 906 2664 977 portam
2694 896 3042 959 ecclesiae

561 1006 830 1087 egredi,
867 1005 988 1087 qui
1017 1022 1181 1068 eum
1215 1003 1651 1085 explicabat,
1687 1011 1762 1067 ut
1793 1002 1915 1083 qui
1944 1003 2017 1065 in
2044 1004 2277 1083 platea
2310 1002 2691 1067 admodum
2716 1002 3045 1084 frequen—

565 1123 673 1178 tes
703 1121 930 1192 erant,
964 1130 1131 1177 eum
1162 1110 1408 1175 audire
1440 1118 1748 1191 possent.

681 1220 823 1284 814.
919 1220 1056 1299 Qui
1086 1217 1161 1282 P.
1198 1218 1634 1283 Torrensem
1663 1218 1734 1281 in
1765 1218 2133 1283 Baeticam
2164 1217 2481 1281 comitati
2511 1226 2709 1293 sunt,
2753 1216 3048 1280 fuerunt·

564 1328 1051 1394 Gundisalvus
1083 1325 1451 1391 Gonzalez
1482 1334 1551 1389 et
1582 1324 1927 1389 Alfonsus
1958 1325 2042 1388 de
2072 1323 2288 1389 Avila
2310 1324 2759 1405 sacerdoteS,
2792 1332 2863 1387 et
2892 1332 3045 1386 tres

563 1436 684 1499 alii
715 1434 1151 1513 scholastici;
1187 1442 1256 1498 et
1287 1432 1411 1512 ita,
1448 1433 1558 1496 his
1582 1441 1650 1495 et
1683 1432 1840 1495 aliis
1871 1432 2011 1496 alio
2035 1432 2294 1510 missiS,
2329 1431 2779 1495 minuebatur
2800 1448 3035 1494 nume-

561 1560 687 1607 rus
731 1550 1141 1605 nostrorum
1197 1539 1903 1619 Salmanticensium,
1946 1549 2025 1602 ut
2063 1539 2219 1602 aliis
2259 1538 2798 1603 advenientibus
2839 1541 3049 1601 locus

565 1650 1082 1731 relinqueretur
1111 1646 1159 1713 ³.

680 1757 824 1821 815.
920 1756 1228 1835 Quidam
1263 1764 1502 1818 autem
1541 1772 1632 1819 ex
1668 1754 2024 1833 theologis
2054 1754 2383 1817 admissis
2406 1803 2420 1831 ,
2466 1753 2726 1835 partim
2766 1753 2857 1816 ob
2887 1771 3035 1817 cor-

562 1864 758 1943 poris
787 1864 1278 1927 habitudinem
1304 1861 1914 1937 melancholicam,
1948 1861 2207 1941 partim
2244 1860 2432 1941 quod
2464 1861 2766 1924 orationi
2794 1861 3037 1924 immo-

561 1968 878 2035 deratius
911 1988 998 2033 ac
1030 1970 1184 2031 sine
1216 1968 1664 2032 discretionis
1693 1967 1895 2031 freno
1925 1985 2002 2031 se
2033 1968 2317 2046 dedidit,
2354 1968 2423 2031 in
2450 1968 2772 2032 morbum
2796 1986 3033 2049 quem·

561 2076 730 2141 dam
760 2077 1116 2141 amentiae
1158 2076 1564 2156 proximum
1603 2075 1882 2154 incidit,
1916 2085 1987 2138 et
2018 2084 2254 2137 tamen
2284 2084 2360 2138 ut
2400 2092 2598 2139 mens
2630 2085 2785 2138 erat
2828 2074 3037 2138 bonis

563 2185 1032 2265 conceptibus
1063 2194 1135 2247 et
1164 2182 1536 2247 desideriis
1564 2184 1794 2262 plena,
1829 2182 2035 2258 nihil,
2068 2182 2207 2246 nisi
2235 2182 2429 2262 pium
2458 2191 2527 2246 et
2571 2182 2758 2263 quod
2801 2180 2891 2245 ad
2923 2200 3045 2245 ae—

565 2292 1047 2356 dificationem
1079 2288 1374 2367 faceret,
1406 2288 1788 2352 delirabat:
1822 2306 1983 2352 cum
2027 2298 2265 2351 tamen
2295 2299 2498 2352 extra
2536 2290 2785 2352 urbem
2816 2290 3030 2352 animi

567 2400 806 2478 gratia
842 2398 1187 2462 deductus
1219 2395 1488 2475 fuisset,
1516 2395 1604 2458 ad
1637 2412 1714 2458 se
1743 2395 1975 2474 rediit;
2007 2396 2225 2458 sedin
2252 2396 2557 2475 patriam
2581 2394 2670 2459 ad
2694 2412 2860 2459 suos
2883 2396 3039 2459 mit·

569 2506 826 2570 tendus
855 2521 1011 2568 esse
1043 2505 1243 2568 visus
1273 2512 1402 2565 est.

678 2611 820 2675 816.
908 2611 988 2674 In
1020 2611 1153 2689 his,
1201 2628 1381 2691 quae
1414 2609 1503 2672 ad
1533 2609 1928 2673 orationem
1957 2617 2024 2672 et
2041 2610 2434 2672 studiorum
2458 2609 2855 2689 profectum
2882 2626 3043 2689 per-

560 2720 808 2799 tinent,
845 2718 1163 2782 accessio
1209 2734 1472 2797 magna
1509 2727 1671 2797 post
1710 2717 2095 2780 adventum
2137 2716 2213 2780 P.
2246 2716 2520 2779 Natalis
2559 2715 2752 2779 facta
2782 2728 2920 2794 est,
2958 2730 3029 2780 et

556 2827 1052 2890 conclusiones
1088 2833 1352 2888 octavo
1384 2840 1662 2904 quoque
1685 2823 1798 2886 die
1828 2824 1901 2886 in
1929 2824 2211 2904 publico
2236 2826 2392 2887 loco
2423 2833 2675 2888 etcum
2702 2822 2997 2904 frequen
3018 2844 3043 2855 ··

555 2934 656 2997 tia
711 2942 1175 2996 externorum
1247 2930 1840 2994 scholasticorum
1896 2939 1966 2993 et
2034 2930 2332 2994 utilitate
2388 2949 2473 2995 ac
2531 2930 3026 2994 aedificatione

557 3040 872 3104 omnium
911 3039 1378 3103 habebantur.
1423 3036 1685 3101 Scribit
1722 3035 1797 3101 P.
1851 3036 2208 3102 Antonius
2245 3038 2333 3101 de
2383 3038 2711 3101 Cordoba
2750 3038 3037 3118 aliquos

553 3148 774 3211 etiam
804 3164 896 3209 ex
919 3144 1510 3227 praeceptoribus
1539 3142 1562 3175 ³
1591 3144 1693 3207 eis
1717 3145 2083 3223 interesse,
2116 3146 2238 3225 qui
2260 3162 2694 3226 magnopere
2723 3145 3022 3209 admira-

555 3255 817 3317 bantur
846 3262 914 3316 et
945 3251 1338 3315 laudabant
1371 3264 1520 3315 tum
1550 3251 1991 3331 diligentiam
2009 3301 2023 3329 ,
2057 3262 2208 3316 tum
2236 3252 2657 3316 modestiam
2685 3252 2757 3315 in
2786 3253 3028 3332 dispu-

553 3361 795 3442 tando,
831 3360 1132 3424 fratrum
1165 3368 1594 3423 nostrorum.
1629 3358 1817 3422 Inter
1848 3359 2027 3422 alios
2056 3359 2175 3423 Fr.
2208 3358 2461 3423 Petrus
2484 3358 2572 3422 de
2598 3358 3027 3439 Sotomajor,

555 3468 936 3547 religiosus
955 3466 1074 3531 SA*
1101 3465 1487 3545 Dominici,
1509 3474 1578 3529 et
1601 3466 2005 3545 cathedrae,
2028 3484 2241 3547 quam
2256 3475 2541 3537 vocant.
2567 3483 3037 3545 vesperarum

633 3815 648 3846 ¹
709 3814 930 3869 Saepius
945 3815 1054 3869 jam
1076 3815 1126 3859 ln
1150 3816 1246 3859 hoc
1274 3814 1527 3858 Chronico
1549 3814 1672 3859 etin
1697 3814 1887 3858 Cartas
1908 3816 1974 3858 de
1999 3816 2109 3859 San
2131 3814 2349 3869 Ignacio
2371 3816 2512 3860 sacta
2532 3817 2722 3861 mentio
2742 3825 2839 3871 est,
2862 3824 2915 3861 et
2936 3817 3023 3862 fiet

549 3886 720 3930 adhuc
743 3886 794 3931 in
815 3886 964 3929 Nova
983 3885 1133 3929 Serie
1151 3887 1466 3929 litterarum
1486 3886 1674 3930 Sancti
1690 3886 1915 3938 Ignatii,
1928 3887 2193 3942 enjusdam
2215 3886 2374 3931 libelli
2396 3888 2457 3931 de
2480 3888 2717 3932 doctrina
2738 3888 3035 3935 christiana

549 3958 726 4011 pueris
745 3964 798 4002 et
831 3958 1044 4002 rudibus
1077 3958 1487 4009 accommodati,
1511 3956 1704 4001 Romae
1724 3968 1756 4001 a
1778 3958 2025 4002 Patribus
2056 3958 2333 4003 Societatis
2366 3967 2489 4003 ante
2525 3960 2619 4005 hoc
2652 3968 2854 4017 tempus
2884 3962 3041 4013 (1551)

550 4029 869 4083 concinnati,
893 4034 945 4073 et
967 4029 1157 4074 ibidem
1189 4036 1282 4073 aut
1307 4029 1484 4073 forsan
1506 4028 1743 4074 venetiis
1764 4030 1992 4085 excussu
2015 4031 2106 4074 sed
2135 4031 2196 4074 de
2218 4042 2279 4074 eo
2300 4032 2520 4075 nondum
2543 4033 2662 4087 quid
2683 4035 2814 4077 certi
2845 4046 3031 4078 eruere

549 4107 603 4143 ct
619 4108 858 4144 statuere
881 4101 1136 4145 vestiamus
1160 4112 1324 4156 neque
1346 4113 1409 4144 ex
1441 4102 1633 4145 nostris
1664 4112 1826 4155 neque
1849 4114 1914 4145 ex
1936 4104 2167 4145 externis
2195 4102 2589 4157 bibliot-raphin,
2614 4104 2745 4149 forte
2767 4105 2888 4159 quia
2918 4106 3026 4149 sine

546 4172 778 4215 auctoris
799 4172 1019 4221 nomine.
1036 4171 1170 4226 quod
1199 4177 1379 4216 tamen
1399 4172 1538 4217 haud
1560 4183 1687 4216 vero
1705 4172 1873 4217 simile
1895 4179 1992 4226 est,
2015 4174 2156 4230 typis
2175 4174 2328 4218 datus
2344 4174 2698 4221 fulb—Eritne
2719 4175 2803 4220 hic
2824 4177 3029 4221 libellus

549 4243 654 4297 ille,
675 4254 826 4298 quem
849 4242 1070 4287 Polanco
1100 4244 1354 4288 attribuit
1374 4249 1427 4288 et
1453 4244 1628 4299 JeJune
1649 4244 1781 4289 satis
1800 4244 2049 4289 describit
2080 4244 2501 4291 Souunnvocsst?:
2522 4248 2591 4290 ⁹3.
2614 4246 2858 4291 Dottrina
2881 4247 3027 4293 Chri·

547 4314 740 4358 stiana.
765 4314 998 4359 Venetia.
1021 4314 1324 4359 Francesco
1345 4314 1724 4370 Pampezzetto.
1748 4316 1868 4360 1570.
1892 4317 2016 4369 169„
2040 4318 2111 4360 At
2132 4324 2307 4361 noster
2327 4318 2428 4371 hic,
2450 4330 2599 4373 quem
2621 4318 3033 4365 salmanticenses

551 4384 724 4429 Roma
757 4387 986 4429 missum
1018 4396 1136 4430 esse
1161 4387 1506 4439 divinabant,
1535 4388 1723 4442 quique
1745 4390 1858 4431 tam
1894 4390 2143 4441 egregius
2171 4396 2313 4444 erat,
2331 4390 2440 4445 jam
2471 4401 2605 4433 anno
2628 4390 2747 4443 1552,
2769 4398 2824 4435 et
2840 4425 2851 4444 ,
2872 4398 2927 4437 ut
2950 4392 3027 4436 vi-

547 4458 703 4501 detur
731 4458 930 4505 (confer
962 4468 1122 4513 supra
1147 4458 1309 4512 dicta,
1337 4464 1375 4503 t.
1395 4468 1477 4509 m,
1495 4469 1615 4513 pag.
1639 4459 1733 4512 17⁴,
1756 4467 1933 4505 annot.
1948 4458 2017 4519 8),
2039 4466 2161 4504 aute
2192 4472 2378 4505 annum
2403 4462 2522 4513 1553.
2544 4462 2682 4517 typis
2712 4462 2885 4507 fuerat
2916 4466 3031 4508 vul·

547 4534 725 4582 gatus.

629 4601 654 4633 ¹
708 4600 844 4645 Vide
867 4602 1026 4653 infra,
1049 4613 1097 4646 n.
1118 4602 1219 4646 99⁴.

630 4672 654 4703 ³
707 4672 842 4715 Vide
862 4684 1018 4727 supra
1036 4707 1046 4724 .
1068 4685 1188 4729 pag.
1212 4674 1311 4729 875,
1335 4682 1510 4717 annot.
1527 4676 1552 4717 4
1574 4676 1638 4719 ad
1661 4686 1708 4718 n.
1730 4674 1826 4719 805.
