3742 5392
1619 484 1746 542 Ax.
1792 483 1933 542 155⁴
2612 455 2627 472 '
2895 481 3033 540 537·

538 645 686 696 tum
737 639 1026 712 propter
1075 647 1279 695 suam
1328 630 1831 707 humilitatem,
1884 627 2073 692 idem
2124 627 2364 692 facere
2416 629 2829 706 voluerunt;
2878 627 3004 690 sed

542 739 1042 820 opportunitas
1085 755 1330 801 eorum
1369 738 1557 802 votis
1601 735 2089 799 satisfaciendi
2118 735 2361 800 defuit.
2394 733 2612 799 Aliud
2650 745 3005 798 monaste·

539 847 721 910 rium
749 846 1246 926 religiosarum
1275 845 1546 908 ordinis
1576 844 1841 908 Christi
1874 844 1970 917 (in
2000 860 2141 922 quo
2181 841 2530 923 professio
2570 859 2715 904 non
2760 841 2837 904 fit
2878 839 3005 903 sed

538 953 912 1034 promissio
941 962 1216 1016 tantum
1245 951 1722 1028 obedientiae,
1755 950 2203 1031 paupertatis
2232 958 2298 1013 et
2338 949 2723 1025 castitatiS,
2765 965 3011 1028 quam-

541 1061 660 1124 diu
689 1061 760 1124 in
791 1077 878 1123 eo
909 1061 1201 1134 vivitur)
1237 1060 1413 1122 haec
1445 1059 1788 1122 exercitia
1818 1057 2289 1138 postularunt,
2316 1067 2387 1120 et
2416 1075 2498 1120 eo
2524 1056 2596 1119 in
2617 1056 2776 1119 loco
2799 1069 3006 1118 soror

540 1166 763 1231 Ducis
792 1166 1041 1230 Aveiri
1077 1166 1130 1244 ¹,
1163 1165 1382 1245 Regis
1411 1165 1983 1244 consanguinea,
2018 1174 2088 1227 et
2124 1163 2308 1227 aliae
2348 1163 2693 1245 plurimae
2732 1161 3009 1226 nobiles

541 1272 821 1355 [erant],
855 1285 924 1337 et
951 1291 1094 1336 non
1119 1274 1270 1336 sine
1299 1274 1615 1352 ipsarum
1638 1271 1963 1352 profectu
1986 1270 2059 1334 P.
2090 1269 2497 1335 Gonsalvus
2520 1269 2543 1300 ²
2568 1269 2673 1333 eis
2694 1269 3009 1348 aliquan-

544 1382 634 1444 do
665 1381 914 1445 adfuit.

665 1488 840 1551 1149.
929 1487 1314 1567 Colloquiis
1353 1489 1657 1566 privatis
1694 1503 1780 1548 ac
1823 1485 2293 1548 familiaribus
2335 1485 2423 1548 de
2468 1484 2709 1549 multis
2752 1484 3011 1547 utrius-

549 1615 687 1676 que
717 1612 932 1660 sexus
961 1594 1399 1658 benemereti
1439 1594 1793 1657 interdum
1830 1593 2059 1656 nostri
2098 1592 2454 1666 solebant,
2495 1601 2567 1654 et
2604 1593 2789 1656 inter
2826 1591 3013 1654 alios

545 1704 658 1766 vir
709 1702 997 1783 quidam
1053 1719 1271 1764 senex
1321 1711 1390 1764 et
1440 1701 1845 1781 primarius,
1892 1700 1985 1763 ad
2027 1717 2233 1780 quern
2278 1699 2431 1762 Rex
2476 1697 3011 1779 significaverat

543 1808 621 1872 P.
656 1807 1096 1873 Gonsalvum
1127 1809 1230 1871 ire
1260 1808 1516 1871 debere
1547 1818 1615 1870 et
1637 1807 2083 1870 familiariter
2112 1823 2271 1869 cum
2306 1807 2424 1870 illo
2450 1822 2689 1886 agere,
2716 1821 3007 1886 magno-

544 1933 713 1996 pere
741 1915 1062 1996 profecit.
1097 1915 1175 1978 In
1203 1914 1467 1995 palatio
1513 1922 1751 1976 autem
1793 1913 2111 1992 Reginae
2154 1931 2238 1976 eo
2272 1930 2389 1977 res
2427 1912 2747 1993 devenit,
2780 1922 2857 1977 ut
2886 1929 3005 1992 po-

544 2023 686 2086 tius
716 2021 1111 2102 Collegium
1139 2020 1498 2102 quoddam
1527 2037 1612 2083 ac
1642 2020 1895 2100 religio
1937 2019 2214 2100 piorum
2244 2019 2609 2083 hominum
2644 2019 3014 2098 utriusque

544 2146 761 2193 sexus
789 2147 1004 2209 quam
1035 2130 1236 2208 regia
1267 2128 1652 2204 videretur;
1685 2137 1754 2191 et
1785 2127 1897 2190 die
1928 2127 2215 2190 veneris
2244 2135 2404 2208 post
2434 2127 2799 2190 doctrinae
2830 2126 3015 2192 chri·

546 2236 822 2298 stianae
851 2235 1401 2315 explicationem
1439 2244 1506 2298 et
1539 2234 1697 2298 aliis
1727 2234 1944 2297 etiam
1971 2232 2050 2296 P.
2082 2233 2495 2298 Gonsalvus
2526 2233 2683 2297 Vaz
2713 2251 2875 2298 cum
2906 2251 3011 2297 so-

546 2344 658 2406 cio
689 2343 1255 2406 confessionibus
1285 2343 1533 2422 palatii
1573 2341 1943 2405 audiendis
1974 2358 2239 2404 vacare
2278 2341 2663 2421 debebant,
2696 2350 2766 2404 et
2797 2342 3017 2406 admi-

545 2450 814 2514 randus
845 2467 1044 2512 amor
1075 2450 1360 2512 virtutis
1388 2449 1484 2512 ibi
1513 2448 1887 2529 regnabat,
1922 2448 2041 2511 ubi
2070 2448 2314 2512 mundi
2337 2465 2538 2513 amor
2561 2465 2869 2528 regnare
2900 2466 3012 2512 so-

473 2568 478 2574 ·
548 2558 716 2620 litus
742 2569 921 2620 erat.

669 2663 846 2726 1150.
934 2663 1094 2726 Duo
1125 2663 1618 2726 catechumeni
1657 2665 1930 2728 tamdiu
1970 2665 2043 2727 in
2084 2665 2296 2728 domo
2326 2663 2451 2728 Sti.
2490 2663 2720 2727 Rochi
2762 2663 3015 2728 instru—

546 2771 643 2835 cti
669 2769 976 2845 fuerunt,
1010 2771 1234 2833 donec
1265 2770 1693 2833 maturuisse
1723 2771 1816 2834 ad
1846 2771 2274 2851 baptismum
2297 2770 2433 2835 visi
2463 2780 2649 2849 sunt;
2679 2772 2860 2834 alter
2888 2771 3012 2834 ho-

542 2895 700 2942 rum
723 2876 1024 2958 judaeus
1053 2887 1241 2953 erat,
1275 2877 1396 2956 qui
1425 2894 1516 2940 ex
1555 2877 1754 2940 India
1798 2879 2120 2941 terrestri
2159 2878 2411 2942 itinere
2454 2895 2617 2942 cum
2659 2877 3021 2940 mandatis

545 2985 838 3048 maximi
867 2984 1204 3046 momenti
1247 2982 1337 3046 ad
1380 2982 1650 3063 Regem
1691 2983 2173 3064 Portugalliae
2212 2994 2547 3065 venerat,
2592 2984 2712 3065 qui
2748 2984 3019 3048 nostris

544 3109 705 3155 eum
735 3091 1110 3154 commisit:
1142 3107 1282 3170 quo
1313 3090 1426 3153 die
1457 3099 1695 3153 autem
1731 3100 1890 3154 erat
1939 3091 2443 3171 baptizanduS,
2488 3092 2729 3154 multis
2774 3090 3019 3154 nobili-

542 3201 698 3278 buS,
731 3208 800 3262 et
831 3199 1017 3262 inter
1045 3215 1172 3261 eos
1200 3197 1476 3261 Comite
1507 3197 1595 3260 de
1626 3197 2001 3276 RedondO,
2036 3216 2196 3263 eum
2226 3199 2738 3262 deducentibus
2778 3217 2821 3261 a
2862 3197 3018 3262 Col-

545 3305 733 3385 legio
763 3314 1012 3368 nostro
1044 3305 1134 3367 ad
1166 3305 1357 3368 aliud
1388 3307 1726 3386 templum
1757 3303 2049 3385 majoris
2089 3305 2604 3370 aedificationis
2642 3321 2863 3370 causa
2897 3305 3017 3368 de·

546 3413 800 3476 ductus
829 3422 968 3488 est,
1001 3412 1075 3474 in
1106 3429 1241 3492 quo
1271 3411 1348 3475 P.
1382 3411 1790 3476 Gonsalvus
1823 3412 1979 3476 Vaz
2020 3425 2128 3476 est
2166 3413 2663 3490 concionatus;
2695 3420 2860 3493 post
2898 3411 3018 3474 ba·

546 3519 881 3600 ptismum
911 3529 1149 3582 autem
1180 3518 1271 3581 ad
1301 3528 1588 3582 nostros
1618 3528 1724 3582 est
1755 3519 2114 3583 reductus
2158 3519 2362 3582 Alter
2392 3519 2546 3582 afer
2574 3528 2729 3582 erat
2758 3529 2827 3582 et
2871 3515 3019 3582 Ma-

546 3627 808 3690 hometi
838 3635 1148 3689 sectator
1179 3626 1548 3704 extiterat,
1592 3636 1662 3689 et
1701 3642 1965 3706 magno
2004 3627 2221 3690 etiam
2263 3636 2523 3691 ornatu
2564 3636 2635 3691 et
2679 3626 3021 3689 comitatu

545 3733 944 3813 baptizatus
995 3743 1136 3810 est,
1191 3743 1260 3795 et
1317 3743 1615 3812 uterque
1671 3733 1936 3797 nostris
1994 3733 2317 3797 confiteri
2371 3743 2533 3814 post
2588 3731 3020 3812 baptismum

549 3841 782 3921 coepit
811 3838 858 3899 ⁵.

631 4081 648 4114 ¹
703 4080 931 4133 joannes
949 4081 1012 4124 de
1037 4081 1369 4132 Alencastre,
1390 4080 1453 4123 de
1475 4091 1574 4133 quo
1596 4081 1804 4135 saepius
1825 4082 1875 4124 in
1900 4082 1996 4126 hoc
2022 4081 2290 4126 Chronico.

629 4155 652 4186 ¹
702 4153 760 4196 P.
783 4152 1139 4197 Gundisalvus
1161 4151 1289 4196 Vaz.

625 4223 649 4257 ⁸
705 4224 809 4268 “De
841 4225 892 4268 la
915 4224 1190 4268 distincion
1211 4224 1276 4267 de
1311 4225 1360 4268 la
1382 4236 1506 4270 casa
1528 4226 1589 4268 de
1609 4223 1838 4270 Lisbona
1858 4239 1895 4283 y
1915 4226 1999 4269 del
2020 4225 2235 4281 Colegio
2254 4227 2434 4270 hemon
2464 4226 2757 4278 entendido;
2780 4238 2815 4281 y
2836 4234 2931 4280 por
2950 4225 3023 4268 le·

549 4301 661 4339 tras
682 4297 744 4340 de
765 4296 820 4339 28
839 4297 901 4338 de
923 4295 1150 4340 Octubre
1171 4297 1234 4339 de
1264 4296 1316 4340 la
1338 4308 1462 4340 casa
1484 4298 1546 4341 de
1576 4296 1683 4341 San
1702 4296 1882 4352 Roque
1914 4310 1951 4353 y
1969 4298 2054 4341 del
2076 4297 2289 4352 Colegio
2320 4299 2383 4342 de
2404 4296 2509 4342 San
2531 4299 2707 4341 Anton
2737 4297 2917 4340 hemos
2936 4307 3023 4338 en-

546 4367 757 4412 tendldo
778 4379 874 4412 con
894 4368 1082 4412 mucha
1103 4369 1432 4413 consolacion
1453 4370 1500 4413 el
1530 4371 1666 4412 buen
1687 4368 1825 4413 fruto
1847 4380 1947 4422 que
1968 4369 2133 4414 dellos
2162 4381 2218 4414 se
2250 4370 2319 4414 lia
2340 4370 2555 4423 seguido
2588 4382 2622 4424 y
2646 4370 2695 4412 lo
2715 4369 2900 4412 mucha
2923 4379 3022 4422 que

546 4439 675 4483 Dios
707 4437 931 4483 Nuestro
963 4439 1128 4482 Seflor
1160 4452 1214 4483 se
1249 4443 1408 4485 sirve.
1432 4441 1680 4484 Tambien
1711 4441 1991 4494 colegimos
2022 4442 2085 4484 de
2116 4443 2195 4485 las
2224 4441 2407 4486 dichas
2442 4443 2606 4485 letus
2626 4451 2723 4494 que
2752 4441 2821 4484 ha
2854 4439 3024 4484 hecho

544 4509 612 4553 V.
631 4509 692 4553 R.
713 4516 823 4552 tres
842 4509 1075 4564 prosesos
1096 4511 1158 4554 de
1179 4519 1364 4554 cuatro
1383 4519 1536 4556 votos
1551 4543 1562 4562 .
1587 4511 1648 4554 D.
1670 4510 1901 4556 Gonzalo
1922 4512 2013 4560 (de
2035 4512 2298 4567 Silveira),
2320 4511 2562 4556 Tiburcio
2597 4511 2678 4562 (de
2701 4511 2957 4564 Quadros)
2986 4524 3022 4568 y

547 4579 779 4626 Gonzalo
795 4581 908 4626 ναι
923 4614 935 4635 ,
955 4595 989 4638 y
1005 4581 1101 4625 dos
1119 4583 1452 4638 coadJ'utores
1473 4583 1808 4636 espirituales
1827 4596 1863 4640 y
1884 4591 2028 4628 oti-os
2043 4583 2137 4628 dos
2152 4587 2181 4628 ό
2202 4591 2313 4628 tres
2332 4584 2667 4637 temporales.
2684 4581 2765 4626 No
2783 4583 3025 4627 sabemos

545 4654 610 4697 de
631 4657 744 4697 mas
759 4685 772 4706 ,
791 4665 988 4708 perque
1007 4665 1112 4698 aun
1131 4656 1284 4702 denos
1303 4655 1464 4700 habia
1484 4655 1776 4700 incidenter
1795 4657 1845 4699 el
1867 4655 1924 4700 P.
1944 4655 2213 4710 Tiburcio;
2234 4667 2361 4711 pero
2394 4654 2512 4700 bien
2542 4665 2775 4699 ereemos
2799 4665 2897 4709 que
2926 4665 3022 4709 por

543 4726 710 4769 letras
727 4726 788 4768 de
807 4725 871 4768 V.
888 4725 948 4770 R.
973 4728 1020 4770 10
1037 4729 1304 4770 sabremos
1327 4731 1439 4771 mas
1459 4739 1524 4771 en
1544 4727 1852 4782 particular,
1869 4737 2073 4784 aulaque
2090 4739 2155 4772 no
2166 4729 2247 4774 las
2264 4735 2497 4772 tenemus
2515 4729 2627 4771 mais
2642 4727 2859 4782 fresca,
2876 4737 3023 4771 como
