3742 5392
686 454 791 512 102
1614 452 1869 521 Cnaou.
1911 452 2065 514 Soc.
2100 454 2244 527 ’με

811 599 945 662 192.
1034 596 1195 661 Fuit
1227 609 1465 662 autem
1504 598 1847 662 Mutinam
1889 599 2148 663 missus
2190 597 2266 661 P.
2313 598 2718 679 Stephanus
2755 598 3153 677 Baroellus,

688 707 809 787 qui
839 716 908 769 et
938 705 1396 787 praedicandi
1420 714 1489 767 et
1512 704 1996 768 confessiones
2018 704 2350 769 audiendi
2371 722 2628 769 munus
2653 706 2882 769 obiret
2909 704 2951 785 ¹3
2985 722 3152 769 nam

688 814 821 876 hoc
855 820 1189 876 autumno
1221 811 1623 893 spirituales
1662 812 2213 875 exercitationes
2233 860 2248 888 ,
2281 828 2410 892 per
2431 821 2780 876 aestatem
2800 812 3150 876 remissio·

690 937 843 997 reS,
877 936 1199 983 crescere
1227 927 1614 998 coeperunt
1640 967 1654 995 ,
1688 926 1757 981 et
1785 918 2253 998 plurimorum
2281 918 2768 982 confessiones
2797 920 3014 984 etiam
3034 936 3151 999 ge-

692 1028 971 1090 nerales
1000 1024 1497 1103 audiebantur;
1528 1025 1934 1088 scholarum
1965 1029 1990 1061 ¹
2016 1025 2232 1088 etiam
2261 1041 2599 1090 numerus
2627 1033 3010 1107 utcumque
3053 1027 3152 1089 in-

694 1132 1006 1196 staurari
1054 1132 1319 1211 coepit,
1371 1139 1441 1194 et
1488 1130 1651 1207 fere,
1687 1132 2205 1212 quinquaginta
2255 1131 2666 1196 scholastici
2713 1134 2872 1214 plus
2921 1134 3154 1197 minus

691 1239 1097 1303 veniebant.
1150 1237 1227 1301 In
1276 1238 1741 1302 renovatione
1794 1246 2034 1302 autem
2079 1238 2513 1318 studiorum,
2554 1256 2736 1319 quae
2779 1240 2917 1303 hoc
2953 1248 3154 1303 autu-

694 1364 860 1410 mno
887 1346 1079 1409 facta
1110 1353 1239 1423 est,
1272 1354 1349 1409 ut
1376 1344 1607 1408 bonus
1629 1344 1805 1408 odor
1832 1345 2242 1409 scholarum
2263 1345 2650 1426 discipulos
2673 1355 2742 1411 et
2765 1363 3011 1411 eorum
3033 1364 3156 1427 pa-

693 1463 931 1517 rentes
976 1452 1354 1535 animaret,
1408 1451 1768 1531 specimen
1820 1452 2105 1533 aliquod
2155 1452 2630 1516 exhibendum
2678 1470 2836 1517 esse
2891 1452 3154 1517 Rector

693 1559 999 1638 censuit3
1032 1574 1201 1622 nam
1230 1557 1475 1622 decem
1504 1558 1707 1638 pueri
1735 1557 1983 1622 decem
2013 1559 2378 1623 orationes
2421 1560 2528 1623 sic
2566 1560 3152 1640 pronunciarunt,

694 1675 765 1730 et
793 1666 1035 1729 varios
1064 1680 1318 1728 versus
1346 1664 1637 1745 latinOS,
1669 1673 1747 1727 ut
1775 1667 2262 1745 spectaculum
2303 1665 2474 1729 illud
2515 1666 2830 1731 omnium
2867 1684 3154 1749 supera·

706 1783 813 1837 ret
856 1772 1460 1852 expectationem,
1502 1788 1671 1834 nam
1712 1771 1944 1852 lepide
1985 1782 2057 1835 et
2093 1774 2461 1852 eleganter
2501 1772 2732 1837 officio
2770 1791 2900 1838 suo
2933 1774 3157 1839 functi

698 1888 883 1944 sunt.
915 1878 1236 1943 Ecclesia
1266 1876 1511 1941 Sancti
1546 1876 1968 1942 Bernardini
2015 1877 2106 1942 ad
2141 1878 2214 1941 id
2252 1888 2506 1943 ornata
2548 1879 2814 1959 fuerat;
2861 1890 2931 1945 et
2972 1882 3158 1945 inter

698 2002 953 2049 versus
982 1984 1200 2065 aliqui
1227 1992 1433 2047 erant
1460 1984 1735 2063 saphici
1753 2032 1768 2062 ,
1795 2001 1974 2064 quos
1999 1984 2216 2066 aliqui
2237 1986 2478 2050 clerici
2501 1994 2648 2050 tam
2670 1988 3018 2051 concinne
3041 1988 3155 2053 de-

698 2100 1081 2157 cantarunt
1108 2090 1471 2172 (quamvis
1514 2107 1689 2171 puer
1730 2099 2004 2155 tantum
2048 2092 2123 2156 in
2161 2102 2506 2173 suggestu
2549 2102 2989 2174 cerneretur,
3037 2096 3158 2159 alii

697 2199 1094 2264 absconditi
1124 2198 1427 2279 essent),
1459 2206 1535 2261 ut
1562 2199 1990 2263 suavissima
2020 2200 2324 2264 melodia
2353 2201 2564 2265 valde
2590 2198 2922 2281 frequens
2961 2201 3158 2266 audi-

697 2309 954 2371 torium
986 2322 1248 2387 magna
1278 2306 1761 2369 consolatione
1802 2306 2214 2387 perfuderit.
2260 2306 2536 2371 Aderat
2561 2308 2958 2389 Episcopus
2985 2326 3150 2372 cum

698 2413 1319 2494 archipresbytero
1351 2422 1419 2476 et
1464 2414 1829 2476 canonicis
1867 2423 1936 2477 et
1977 2414 2136 2478 aliis
2172 2413 2403 2478 doctis
2444 2424 2512 2478 et
2554 2415 2914 2495 primariis
2954 2416 3154 2495 viriS,

696 2522 913 2585 immo
944 2520 1323 2583 nonnullae
1352 2537 1444 2583 ex
1472 2519 1752 2583 devotis
1776 2521 2219 2599 mulieribuS,
2252 2538 2435 2601 quae
2458 2538 2720 2601 magna
2746 2522 3034 2604 spiritus
3057 2522 3156 2585 hi·

694 2628 977 2691 laritate
1007 2626 1453 2705 exultabant;
1485 2636 1554 2689 et
1585 2628 1750 2707 quia
1788 2636 1936 2690 tres
1977 2629 2094 2690 vel
2136 2637 2440 2707 quatuor
2483 2628 2684 2709 pueri
2727 2646 2815 2691 eo
2855 2628 2972 2693 die
3011 2646 3156 2693 non

693 2741 1079 2815 potuerunt
1106 2750 1277 2795 suas
1306 2733 1667 2797 orationes
1696 2743 1766 2797 et
1793 2751 2048 2798 versus
2076 2735 2551 2815 pronunciare
2569 2781 2584 2811 ,
2611 2754 2726 2799 res
2759 2737 2830 2799 in
2865 2736 3156 2799 domini·

696 2859 861 2905 cum
910 2840 1097 2904 diem
1144 2849 1553 2919 sequentem
1599 2838 1864 2920 rejecta
1915 2850 2043 2906 est.
2097 2841 2608 2923 Praeceptores
2657 2843 2904 2921 etiam,
2963 2842 3155 2923 Mag.

695 2946 1009 3029 Joannes
1044 2945 1376 3011 Valerius
1404 2963 1489 3009 ac
1518 2945 1710 3027 Mag.
1738 2947 2058 3027 Ignatius
2081 2946 2103 2978 ³
2121 2996 2136 3027 ,
2163 2966 2331 3011 suas
2353 2949 2713 3013 orationes
2734 2949 3156 3028 habuerunt,

695 3072 997 3136 quarum
1028 3070 1172 3117 una
1194 3048 1531 3133 juventus
1560 3053 1653 3118 ad
1692 3054 2093 3119 litterarum
2140 3054 2376 3119 studia
2426 3057 2866 3137 capessenda
2917 3058 3159 3121 incita-

695 3162 935 3241 batur,
962 3162 1189 3224 altera
1208 3177 1384 3225 vero
1406 3160 1692 3225 divinae
1714 3161 2049 3225 bonitatis
2071 3180 2365 3227 munera
2387 3162 2948 3242 explicabantur.
2977 3162 3160 3228 Cum

700 3278 939 3333 autem
968 3269 1307 3348 templum
1338 3267 1777 3333 auditoribus
1817 3269 2415 3333 confertissimum
2453 3278 2671 3349 esset,
2721 3287 2966 3334 omnes
3009 3273 3159 3334 lau·

736 3634 741 3639 ·
779 3620 797 3653 ¹
854 3618 1187 3672 sthephanus
1208 3616 1479 3660 Bar-oenus
1498 3626 1599 3659 nou
1619 3621 1741 3659 ante
1762 3614 1910 3659 finem
1931 3615 2239 3661 Novembris
2257 3622 2352 3661 aut
2371 3616 2574 3662 initium
2591 3616 2892 3662 Decembris
2913 3616 3162 3663 Mutinam

697 3691 955 3747 pe1·venit;
974 3700 1135 3745 quare
1156 3698 1371 3743 operam
1389 3688 1499 3742 ipse
1520 3688 1717 3731 nullam
1735 3687 1984 3731 adhibere
2002 3688 2170 3741 potuit
2190 3688 2242 3731 in
2261 3688 2550 3733 studiorum
2579 3690 2920 3734 renovatione
2952 3690 3051 3735 hoc
3073 3702 3163 3735 au-

698 3771 876 3808 tumno
896 3763 1056 3814 sacta,
1078 3761 1140 3804 de
1163 3772 1263 3815 qua
1284 3771 1403 3803 mox
1424 3759 1479 3803 fit
1502 3757 1874 3802 sermm-“Per
1901 3759 2178 3803 subvenire
2209 3760 2318 3802 alla
2347 3758 2407 3803 R.
2440 3759 2512 3803 V.
2553 3762 2686 3803 nelle
2715 3772 2805 3805 sue
2839 3762 3163 3816 occupationi

696 3833 975 3891 spirituali,
996 3832 1260 3877 scribebat
1285 3830 1551 3879 Polancus.
1574 3840 1640 3873 ex
1660 3840 1811 3882 com„
1828 3828 2102 3874 Mutinensi
2125 3829 2332 3875 Rectori
2365 3830 2446 3875 die
2469 3832 2488 3875 l
2524 3830 2849 3884 Decembris.
2883 3832 2930 3877 si
2961 3836 2988 3876 e
3025 3844 3164 3877 tuan·

698 3910 846 3953 datto
868 3908 904 3950 il
926 3904 983 3949 P.
1002 3904 1155 3949 Mtro.
1176 3902 1391 3947 stefano
1416 3902 1671 3955 Baroello,
1694 3901 1773 3945 cui
1796 3902 1986 3945 lettere
2001 3900 2054 3943 di
2074 3900 2327 3946 Florenza
2347 3913 2376 3945 e
2406 3902 2457 3947 di
2482 3902 2707 3958 Perugia
2721 3904 2766 3947 ci
2783 3910 3048 3949 mostrauo
3069 3906 3165 3950 che

697 3978 1176 4033 ragionevolmente
1198 3984 1230 4017 a
1251 3973 1414 4027 quest·
1431 3972 1563 4017 hora
1583 3973 1663 4017 sia
1683 3972 1920 4016 arrivato
1941 3972 1993 4015 in
2014 3971 2253 4025 Modern:
2276 3984 2303 4015 e
2324 3973 2410 4027 qui
2431 3984 2500 4017 va
2530 3985 2632 4018 una
2664 3975 2853 4019 lettera
2883 3986 2977 4030 per
2998 3976 3168 4029 lui...—

699 4048 761 4093 Ei
782 4045 1128 4103 proficiscenti
1154 4052 1391 4099 patentes
1410 4055 1502 4087 seu
1522 4043 1859 4086 obedientiae
1879 4042 2090 4087 litterae
2117 4043 2272 4087 datae
2293 4050 2414 4088 sunt
2435 4044 2629 4089 Romae
2655 4045 2704 4089 ¹0
2733 4045 3044 4091 Novembris
3075 4048 3162 4091 hu·

694 4123 779 4178 Jus
799 4121 920 4165 anni
943 4118 1060 4168 155⁴.
1082 4128 1184 4172 qua
1204 4117 1287 4160 die
1310 4116 1469 4159 etiam
1491 4116 1552 4158 de
1576 4114 1825 4169 Stephani
1846 4114 2180 4168 profectione.
2202 4115 2422 4169 dotibus,
2444 4123 2564 4170 etc..
2587 4117 2796 4171 scripsit
2815 4118 3048 4172 Ignatius
3065 4119 3164 4163 Pa-

701 4194 771 4237 tri
791 4192 1029 4245 Philippo
1048 4192 1200 4238 (nunc
1224 4188 1445 4241 primum
1466 4187 1514 4230 in
1537 4186 1615 4230 his
1641 4185 1835 4229 litteris
1862 4186 2152 4240 appellato)
2173 4186 2364 4241 Fabro,
2385 4195 2544 4231 antea
2575 4187 2796 4233 Leerno.
2826 4190 2960 4234 Vide
2991 4202 3166 4246 supra.

704 4275 825 4320 pag.
845 4262 916 4316 85,
938 4273 987 4306 n.
1010 4261 1103 4314 154,
1126 4267 1300 4303 annot.
1322 4260 1365 4303 4.

782 4333 806 4364 2
860 4330 963 4385 δίας
984 4332 1075 4375 sed
1096 4330 1335 4375 fortassis
1354 4330 1591 4373 mendum
1612 4334 1694 4373 est
1716 4339 1807 4383 pro
1828 4328 2158 4373 scholarium
2180 4332 2266 4375 vel
2285 4331 2754 4386 scholasticorum:
2773 4346 2871 4377 non
2889 4335 3026 4379 enim
3045 4346 3167 4379 eon-

698 4410 811 4451 stat
831 4404 1130 4448 scholarum
1145 4413 1415 4446 numerum
1436 4407 1643 4445 anctum
1661 4400 1758 4445 hoc
1779 4407 2011 4455 tempore
2045 4402 2220 4455 fuisse,
2251 4414 2345 4447 nec
2378 4415 2620 4449 numerus
2635 4438 2646 4457 .
2667 4406 2752 4460 qui
2783 4416 3042 4460 uunquam
3061 4416 3167 4450 ma·

703 4487 836 4532 gnus
857 4474 971 4524 fuit.
997 4472 1431 4519 scholasticorum
1450 4484 1541 4516 seu
1562 4472 1931 4527 discipulorum
1949 4473 2018 4521 ad
2036 4472 2246 4517 scholas
2266 4476 2584 4521 venientium
2597 4508 2610 4531 ,
2632 4476 2684 4521 id
2703 4476 3024 4530 exigebau—
3036 4477 3170 4521 Vide

702 4548 858 4602 infra,
880 4558 931 4590 n.
948 4544 1052 4590 203.

782 4618 806 4650 ³
864 4618 1002 4672 Mag.
1022 4616 1245 4670 joannes
1276 4615 1529 4670 Ignatius,
1558 4621 1717 4659 antea
1746 4614 1953 4669 Nepos,
1983 4616 2190 4670 Nieuo,
2217 4616 2400 4671 Necte,
2428 4624 2529 4662 etc.
2564 4618 2699 4663 Vide
2729 4630 2914 4673 supra,
2943 4628 3066 4673 pag.
3095 4618 3172 4670 97.

704 4705 755 4737 n.
780 4690 881 4735 180.
