3742 5392
1630 536 1751 594 Ax.
1798 535 1939 594 1554
2944 536 3017 594 51

541 695 757 760 quam
787 677 963 757 heri,
994 679 1133 742 viri
1161 689 1230 742 et
1258 679 1631 757 foeminae,
1659 679 1967 743 confessi
1994 680 2300 746 fuerunt.
2341 682 2515 745 Erat
2556 690 2795 744 autem
2840 682 3020 744 satis

543 786 952 849 necessaria
992 785 1270 849 illorum
1314 804 1531 868 opera
1578 787 1649 850 in
1691 787 1844 865 illo,
1899 805 2060 851 cum
2109 787 2506 852 discordiae
2560 790 2744 852 inter
2793 788 3022 853 admi-

547 893 969 956 nistratores
1009 893 1367 973 vigerent,
1422 904 1492 957 et
1542 895 1740 957 multi
1782 894 2301 958 confessionem
2340 897 2778 976 omitterent,
2828 897 3015 977 quod

549 999 922 1080 negligens
959 1016 1205 1062 eorum
1241 1019 1414 1064 cura
1457 1001 1858 1066 haberetur.
1907 1001 2067 1065 Duo
2098 1011 2332 1066 autem
2362 1013 2764 1083 apostatae,
2808 1012 2884 1067 ut
2924 1002 3023 1066 ad

553 1121 684 1168 sua
719 1107 1156 1170 monasteria
1184 1108 1526 1184 redirent,
1571 1108 1892 1189 dispositi
1931 1107 2247 1188 suerunt,
2292 1125 2383 1172 ex
2421 1110 2674 1190 quibus
2703 1112 2884 1174 alter
2914 1129 3021 1175 re·

546 1213 888 1292 ligionem
943 1213 1384 1292 deseruerat,
1436 1216 1613 1278 alter
1671 1225 1830 1293 post
1880 1214 2392 1295 professionem
2449 1218 2662 1280 etiam
2723 1234 3025 1282 uxorem

553 1321 879 1400 duxerat,
907 1330 977 1384 et
997 1321 1103 1385 sic
1125 1322 1416 1384 vivebat
1440 1332 1513 1385 ut
1537 1321 1778 1385 mundi
1801 1321 1966 1385 faex
1990 1323 2241 1386 merito
2267 1333 2556 1403 propter
2578 1325 2836 1402 gravia
2861 1341 3019 1404 pec-

553 1438 718 1491 cata
747 1427 1311 1508 existimaretur;
1344 1441 1412 1492 et
1442 1430 1540 1492 ita
1572 1446 1876 1509 magnae
1909 1429 2385 1493 aedificationi
2412 1431 2545 1494 suit
2576 1433 2838 1511 populo
2870 1431 3023 1511 ejus

553 1535 953 1600 conversio
1014 1535 1253 1599 Tertio
1305 1536 1622 1614 cuidam,
1677 1539 1892 1600 etiam
1944 1547 2348 1617 apostatae,
2414 1539 2759 1602 exercitia
2821 1539 3027 1620 spiri-

551 1643 775 1707 tualia
801 1643 1166 1724 proposita
1201 1643 1510 1724 suerunt,
1557 1644 1677 1725 qui
1707 1644 1778 1706 in
1809 1643 2037 1707 tribus
2069 1646 2181 1706 vel
2210 1655 2515 1725 quatuor
2559 1645 3028 1725 religionibus

551 1749 818 1828 fuerat;
857 1749 946 1813 de
984 1749 1194 1830 hujus
1239 1759 1477 1814 tamen
1517 1751 1921 1815 constantia
1963 1752 2193 1830 magis
2232 1751 2306 1814 P.
2353 1751 2710 1816 Oliverius
2753 1751 3029 1817 dubita·

553 1858 698 1921 bat.
734 1855 1000 1920 Omnes
1022 1855 1345 1936 juveneS,
1376 1857 1498 1937 qui
1526 1858 1747 1920 choro
1775 1856 1944 1922 85⁸⁶
1973 1858 2229 1921 domus
2255 1859 2762 1937 inserviebant,
2794 1860 3026 1923 nostri

557 1963 692 2027 sibi
721 1962 1136 2027 confitentes
1167 1963 1544 2027 audierunt
1571 1961 1610 2028 ¹.

673 2069 778 2134 86.
865 2069 1208 2134 Omnibus
1251 2071 1372 2151 qui
1412 2070 1796 2134 Lauretum
1849 2071 2077 2134 Roma
2126 2071 2328 2134 missi
2372 2071 2684 2151 fuerant,
2738 2077 3031 2138 nomine

557 2176 635 2240 P.
677 2177 935 2257 Ignatii
971 2175 1362 2257 injunctum
1404 2177 1668 2256 fuerat,
1710 2187 1788 2241 ut
1822 2178 2219 2241 scriberent
2255 2188 2633 2259 postquam
2664 2199 2746 2244 eo
2777 2199 3027 2262 perve-

561 2285 872 2364 nissent;
903 2293 974 2348 et
1003 2285 1102 2348 ita
1129 2284 1479 2364 fecerunt,
1521 2294 1590 2349 et
1631 2284 1839 2348 facile
1870 2285 1943 2348 in
1974 2285 2298 2349 omnibus
2327 2303 2591 2366 magna
2634 2288 2856 2352 animi
2886 2290 3023 2352 lae-

559 2392 714 2456 titia
764 2392 966 2456 cerni
1013 2401 1322 2474 poterat,
1374 2408 1588 2472 quam
1625 2392 1798 2472 ipsis
1843 2409 2005 2455 cum
2044 2409 2307 2472 magna
2346 2394 2715 2456 alacritate
2755 2407 2825 2457 et
2868 2411 3029 2476 pro-

561 2500 752 2564 sectu
793 2499 1142 2580 spirituali
1169 2499 1249 2563 B.
1282 2498 1656 2578 Virginem
1698 2499 2119 2579 impetrasse
2156 2500 2586 2564 credendum
2625 2509 2766 2576 est;
2813 2512 2881 2565 et
2924 2503 3027 2566 ita

561 2617 708 2671 tam
749 2607 901 2688 ipse
941 2606 1204 2670 Rector
1248 2623 1464 2688 quam
1505 2606 1823 2669 minister
1869 2606 2147 2686 collegii
2190 2607 2338 2670 suis
2377 2608 2633 2671 litteris
2675 2618 3028 2673 testantur

560 2714 752 2796 quod
785 2715 860 2777 in
897 2713 1221 2778 omnibus
1258 2713 1636 2776 videbatur
1673 2712 2099 2776 sensibiliter
2134 2713 2522 2794 spiritualis
2550 2715 2907 2795 profectus
2938 2734 3028 2780 ac

560 2821 805 2885 fervor
831 2837 1181 2885 crescere.

680 2928 784 2992 87.
868 2927 945 2992 P.
984 2926 1306 3009 Raphael
1333 2928 1634 3008 singulis
1662 2927 2034 2991 dominicis
2072 2945 2158 2990 ac
2198 2928 2399 2991 festis
2428 2927 2673 2991 diebus
2702 2929 3023 2993 christia·

561 3053 730 3100 nam
770 3035 1169 3099 doctrinam
1197 3035 1580 3116 explicare,
1614 3046 1683 3098 et
1725 3051 1987 3116 pueros
2018 3035 2090 3098 in
2132 3053 2218 3098 ea
2248 3051 2584 3098 exercere
2616 3051 2778 3098 cum
2806 3035 3021 3100 admi-

559 3144 837 3207 ratione
865 3143 1112 3223 populi
1140 3142 1402 3223 coepit;
1444 3141 1772 3223 quamvis
1801 3151 1870 3204 et
1899 3142 2077 3204 haec
2122 3149 2190 3204 et
2234 3141 2733 3205 humaniorum
2761 3142 3027 3206 littera-

559 3268 718 3315 rum
761 3250 1106 3314 lectiones
1145 3249 1499 3330 publicae,
1545 3259 1618 3312 et
1659 3247 1873 3312 etiam
1917 3265 2212 3312 casuum
2254 3249 2763 3327 conscientiae,
2810 3266 3029 3331 quam

559 3357 788 3421 nostri
845 3356 1145 3437 aggredi
1201 3358 1610 3434 voluerant,
1669 3356 2117 3419 intermissae
2173 3365 2373 3434 sunt;
2433 3365 2781 3434 rogarunt
2838 3356 3024 3420 enim

557 3463 970 3528 sacerdotes
1017 3461 1172 3543 ejus
1220 3462 1566 3549 ecclesiae
1604 3474 1681 3525 ut
1717 3473 1879 3543 post
1917 3461 2193 3526 Pascha
2233 3461 2635 3541 hujusmodi
2684 3462 3031 3526 lectiones

560 3570 1042 3648 differrentur3
1089 3585 1256 3633 nam
1285 3569 1545 3650 partim
1575 3568 2133 3647 confessionum,
2168 3569 2429 3649 partim
2459 3569 2882 3632 concionum
2913 3587 3031 3632 oc-

557 3677 1007 3759 cupationeS‚
1041 3686 1319 3757 tempus
1349 3677 1442 3740 ad
1469 3693 1594 3739 eas
1619 3693 1761 3739 non
1791 3676 2306 3756 relinquebant.

683 3784 772 3847 Et
797 3783 977 3848 haec
1006 3782 1092 3846 de
1125 3783 1324 3847 initio
1353 3783 1739 3846 Lauretani
1769 3781 2069 3862 Collegii
2099 3781 2291 3845 dicta
2323 3782 2486 3845 sint.

645 4026 664 4058 ¹
719 4024 910 4069 “Paulo
929 4021 1004 4068 111
1023 4023 1138 4067 hizo
1157 4035 1221 4067 en
1242 4024 1295 4067 la
1315 4023 1592 4076 canonica,
1616 4035 1713 4078 que
1735 4023 1891 4068 tundo
1911 4021 2135 4067 Martiae
2156 4021 2225 4075 V,
2249 4021 2556 4066 habitaclon
2577 4021 2793 4076 antigua
2814 4022 2876 4065 de
2900 4024 3035 4066 ecle-

557 4097 802 4143 siasticos
817 4130 828 4151 ,
849 4109 918 4141 un
938 4096 1136 4150 coleglo
1157 4095 1218 4139 de
1240 4097 1366 4140 doce
1387 4095 1534 4140 nidos
1554 4096 1820 4140 herniosos
1841 4106 1989 4140 como
2020 4096 2232 4149 angeles
2250 4126 2261 4148 ,
2301 4095 2594 4138 mandando
2627 4104 2933 4138 entresacar
2967 4093 3028 4138 de

561 4170 686 4215 toda
704 4170 760 4213 la
779 4179 1020 4212 comarco.
1041 4169 1119 4212 los
1141 4171 1250 4212 mas
1270 4168 1580 4222 agraciados
1609 4181 1646 4225 y
1679 4167 1742 4210 de
1772 4168 1995 4222 mejores
2030 4177 2186 4210 voces
2204 4199 2215 4220 ,
2244 4179 2279 4223 y
2312 4165 2473 4210 dioles
2506 4165 2761 4210 Maestros
2781 4199 2791 4218 ‚
2822 4177 2919 4220 que
2954 4167 3035 4210 los

561 4251 912 4286 conservasen
943 4251 1006 4283 en
1035 4239 1214 4284 virtud
1243 4251 1277 4293 y
1311 4239 1388 4283 les
1416 4243 1701 4283 ensenasen
1722 4243 1754 4283 a
1775 4245 1962 4283 cantat·
1976 4271 1987 4292 ,
2010 4238 2259 4282 dandoles
2280 4249 2464 4282 versos
2484 4251 2519 4294 y
2540 4245 2761 4282 motetes
2781 4249 2912 4292 para
2933 4249 3029 4293 que

561 4313 696 4358 cada
714 4313 803 4356 dia
824 4315 856 4355 ί
876 4311 1034 4355 horas
1054 4311 1330 4355 schaladas
1352 4317 1602 4356 cantasen
1623 4323 1684 4354 en
1707 4313 1758 4354 la
1779 4309 2022 4365 Sagrada
2054 4309 2191 4354 Casa
2206 4343 2216 4362 ,
2249 4309 2519 4354 conflando
2556 4321 2653 4364 que.
2688 4315 2827 4354 estos
2868 4309 3032 4366 ninos,

559 4397 662 4442 que
682 4397 744 4429 en
767 4385 1076 4428 hermonum
1093 4397 1128 4441 y
1155 4384 1331 4428 virtud
1353 4394 1479 4427 eran
1501 4395 1644 4428 como
1665 4384 1878 4438 angeles
1895 4415 1906 4435 .
1927 4385 2102 4426 sei-lan
2122 4393 2189 4425 un
2211 4393 2331 4425 coro
2353 4393 2475 4440 muy
2502 4383 2787 4437 agradable
2808 4385 2840 4426 a
2862 4381 3035 4434 Dios.„

561 4457 639 4503 Id.
661 4457 786 4502 ibid.
