3742 5392
1675 468 1802 526 Ax.
1849 469 1989 526 1554
2957 467 3067 526 559

590 612 851 675 breves
882 612 958 675 Ρ.
991 613 1400 677 Melchioris
1433 611 1448 644 ¹
1477 615 1569 676 ad
1598 614 1979 694 quemdam
2018 613 2105 676 de
2142 613 2495 676 Societate
2535 612 2827 690 missae,
2864 630 3061 676 acce-

593 729 756 799 ptae
785 718 1108 799 fuerunt,
1142 721 1395 800 quibus
1427 720 1513 784 de
1543 729 1770 784 morte
1799 721 2095 784 Patrum
2125 720 2472 800 Gasparis
2499 728 2522 759 ²
2546 729 2615 782 et
2638 719 3061 784 Emmanue-

593 827 680 890 lis
711 829 797 892 de
827 827 1169 909 MoraleS,
1199 828 1474 892 Urbani
1501 827 1548 905 ³,
1583 827 1820 892 Alexii
1861 829 2188 907 Madera,
2238 827 2643 908 Raymundi
2686 827 2949 890 Perera
2992 837 3063 892 et

592 935 939 999 Ludovici
983 935 1279 999 Mendez
1319 937 1848 1000 intellexerunt:
1902 937 1989 1000 de
2032 945 2261 999 morte
2306 936 2522 999 etiam
2564 934 2640 999 P.
2688 934 3061 1000 Francisci

592 1043 783 1123 apud
811 1042 1022 1106 Sinas
1053 1061 1300 1107 rumor
1338 1054 1494 1107 erat
1547 1044 1731 1108 inter
1771 1043 1959 1106 illius
2002 1044 2211 1106 navis
2252 1043 2610 1121 homineS,
2652 1058 2795 1122 qua
2845 1040 2931 1105 de
2977 1059 3056 1106 re

589 1167 754 1212 cum
791 1149 867 1213 P.
909 1149 1379 1214 Provincialis
1417 1150 1688 1230 Regem
1731 1152 2244 1231 alloqueretur,
2295 1151 2617 1230 graviter
2672 1149 3058 1214 admodum

589 1267 891 1319 mortem
920 1256 996 1320 P.
1029 1257 1088 1320 F
1091 1257 1400 1321 rancisci
1431 1259 1546 1321 ille
1578 1259 1758 1321 tulit.

716 1362 891 1426 1204.
980 1363 1164 1443 Quia
1195 1373 1435 1427 tamen
1465 1365 1680 1428 nullis
1703 1365 1959 1427 litteris
1980 1364 2068 1427 de
2092 1364 2211 1426 illa
2237 1365 2613 1427 constabat
2632 1411 2647 1442 ,
2668 1362 2879 1443 jussit
2900 1363 3055 1428 Rex

593 1470 688 1533 ad
716 1488 793 1533 se
826 1472 1119 1535 evocari
1147 1471 1400 1534 ducem
1430 1472 1617 1535 illius
1659 1472 1907 1548 naviS,
1951 1479 2029 1534 ut
2067 1481 2259 1534 certe
2300 1471 2567 1550 aliquid
2604 1471 3055 1551 intelligeret;

585 1578 708 1657 qui
737 1580 1076 1641 narrabat
1103 1578 1241 1642 hoc
1271 1597 1347 1642 se
1376 1579 1807 1642 intellexisse
1827 1627 1841 1654 ,
1878 1577 2089 1659 quod,
2117 1594 2281 1641 cum
2302 1576 2379 1640 Ρ.
2402 1577 2461 1640 F
2464 1578 2835 1642 ranciscus
2865 1579 3057 1660 apud

587 1683 796 1749 Sinas
825 1685 958 1748 iter
987 1687 1076 1748 ad
1107 1684 1376 1765 Regem
1408 1687 1687 1748 illorum
1721 1685 2179 1763 instituisset,
2223 1685 2295 1747 in
2336 1685 2662 1748 morbum
2705 1684 3049 1761 incidenS,

589 1793 686 1854 ita
716 1801 794 1855 ut
825 1793 959 1856 iter
987 1795 1321 1873 prosequi
1345 1811 1488 1856 non
1509 1802 1784 1873 posset,
1812 1793 1905 1856 ad
1927 1810 2186 1855 navem
2208 1791 2445 1870 rediit,
2474 1809 2655 1872 quae
2700 1792 2793 1855 ad
2836 1790 3055 1854 Mala-

587 1917 750 1962 cam
779 1898 1096 1962 reditura
1126 1909 1312 1977 erat,
1365 1911 1434 1962 et
1479 1899 1581 1963 sic
1621 1899 1905 1962 demum
1944 1899 2017 1961 in
2056 1898 2239 1962 mari
2270 1898 2560 1977 obiisse,
2601 1907 2670 1962 et
2698 1898 3049 1962 Malacam

586 2007 894 2086 quinque
935 2005 1180 2070 diebus
1223 2022 1380 2069 esse
1420 2007 1771 2086 perlatum
1812 2003 1964 2085 ejus
2014 2022 2305 2085 corpuS,
2360 2022 2523 2068 cum
2563 2005 2699 2069 iter
2752 2005 3049 2085 quadra·

581 2113 782 2193 ginta
813 2113 1088 2176 dierum
1127 2131 1282 2176 esse
1329 2114 1610 2192 soleret,
1657 2122 1728 2176 et
1755 2112 1987 2190 SinaS,
2021 2129 2174 2175 rem
2202 2112 2617 2187 admiratOS,
2652 2119 3049 2176 commotos

584 2220 806 2283 fuisse
836 2231 913 2283 ut
944 2219 1034 2283 ad
1064 2219 1331 2284 Christi
1356 2219 1568 2283 fidem
1597 2228 2219 2298 converterentur3
2266 2219 2405 2282 alia
2445 2218 2661 2282 etiam
2700 2219 3049 2282 miracula

582 2327 671 2390 de
698 2327 817 2390 illo
847 2327 1292 2405 serebantur,
1327 2325 1454 2390 sed
1483 2327 1647 2407 quia
1687 2343 1779 2389 ex
1822 2327 2042 2406 vulgo
2082 2325 2260 2388 haec
2288 2324 2551 2405 {colligi
2593 2325 3045 2405 videbantur,

581 2434 808 2497 nostri
839 2434 1054 2497 aliam
1084 2434 1462 2497 certiorem
1491 2434 1739 2497 mortis
1769 2431 1980 2514 hujus
2008 2432 2379 2496 historiam
2422 2433 2927 2511 expectabant,
2970 2440 3047 2496 ut

583 2549 832 2621 postea
863 2551 1323 2620 acceperunt,
1351 2539 1555 2619 Juxta
1579 2557 1687 2618 ea,
1714 2557 1899 2620 quae
1922 2539 2247 2619 superius
2270 2539 2539 2618 scripta
2568 2548 2734 2601 sunt
2754 2535 2799 2602 ⁴.

710 2646 884 2711 1205.
972 2646 1080 2709 De
1111 2645 1185 2709 Ρ.
1219 2647 1511 2711 Urbano
1541 2646 1942 2710 referebant
1971 2646 2160 2726 quod
2190 2647 2262 2709 in
2286 2646 2467 2708 mari
2488 2654 2808 2709 mortuus
2828 2656 3041 2724 esset,

584 2764 968 2834 antequam
1001 2755 1064 2816 in
1100 2753 1372 2816 Indiam
1394 2754 1831 2833 perveniret,
1859 2770 2072 2834 quam
2090 2751 2445 2832 J'acturam
2468 2753 2719 2817 merito
2741 2769 3043 2832 gravem

581 2861 1124 2940 existimabant,
1159 2877 1323 2924 cum
1351 2861 1462 2924 vir
1493 2861 1608 2923 ille
1637 2871 1708 2922 et
1738 2859 2134 2922 eruditione
2165 2867 2233 2922 et
2262 2859 2638 2939 prudentia
2660 2870 2729 2922 et
2753 2860 3041 2938 integri·

584 2977 729 3031 tate
759 2969 950 3031 vitae
982 2969 1072 3032 ad
1103 2970 1322 3032 multa
1355 2968 1445 3031 ad
1475 2967 1610 3030 Dei
1639 2967 1942 3046 gloriam
1974 2966 2255 3044 agenda
2294 2966 2705 3046 aptissimus
2734 2966 3039 3030 habeba-

584 3085 699 3138 tur
729 3073 784 3138 ⁵:
816 3075 1222 3160 postulabat
1253 3075 1492 3154 itaque
1522 3073 1599 3136 Ρ.
1633 3072 2105 3136 Provincialis
2134 3083 2211 3136 ut
2240 3073 2313 3135 in
2344 3073 2745 3152 proximum
2776 3090 3042 3138 annum

580 3199 707 3244 eos
737 3182 933 3244 viros
964 3182 1034 3245 in
1063 3181 1337 3245 Indiam
1369 3181 1673 3244 mitteret
1705 3179 1781 3243 P.
1814 3179 2170 3260 IgnatiuS,
2219 3179 2339 3259 qui
2372 3177 2728 3259 jacturam
2767 3188 3042 3244 tantam

546 3305 552 3312 ·
585 3298 1028 3352 mortuorum
1062 3297 1628 3370 compensarent.

708 3395 884 3459 1206.
970 3395 1327 3476 Scriptum
1355 3395 1585 3458 fuerat
1615 3394 1881 3458 nostris
1912 3393 1997 3457 de
2026 3393 2463 3474 profectione
2492 3392 2569 3457 P.
2604 3391 2913 3456 Simonis
2952 3411 3043 3457 ex

577 3504 752 3567 urbe
783 3503 1006 3566 Roma
1037 3521 1290 3566 versus
1327 3502 1903 3582 Hierosolymam
1930 3499 1994 3575 6;
2042 3501 2271 3564 voluit
2312 3509 2544 3564 autern
2596 3499 2752 3563 Rex
2801 3501 3043 3564 omnia

577 3611 907 3674 distincte
938 3613 1323 3690 perlegere,
1358 3627 1540 3689 quae
1570 3610 1656 3672 de
1687 3627 1772 3672 ea
1811 3625 1890 3671 re
1928 3607 2195 3687 scripta
2233 3607 2553 3686 fuerant,
2586 3616 2655 3670 et
2678 3623 2755 3670 se
2778 3608 3041 3670 laetum

581 3717 960 3781 admodum
992 3718 1300 3781 ostendit
1329 3717 1535 3780 simul
1567 3733 1728 3779 cum
1759 3715 2036 3794 Regina
2055 3763 2069 3792 ,
2095 3731 2275 3793 quae
2298 3731 2640 3794 praesens
2662 3723 2833 3778 tunc
2857 3725 3035 3795 erat;

575 3824 700 3889 sed
730 3836 798 3888 et
826 3824 1068 3888 Infans
1099 3823 1506 3889 Ludovicus
1537 3833 1604 3886 et
1635 3823 2038 3886 Cardinalis
2068 3820 2091 3852 ⁸
2116 3839 2277 3884 cum
2297 3821 2563 3901 gaudio
2589 3822 2659 3884 id
2681 3821 3037 3885 intellexe-

573 3940 762 3995 runt.
807 3930 1098 3994 Octobri
1138 3941 1375 3994 autem
1413 3947 1655 3993 mense
1695 3931 1967 4008 perlata
2015 3927 2146 3991 fuit
2193 3929 2283 3992 ad
2323 3937 2608 3991 nostros
2657 3930 3035 4008 sententia,

657 4211 670 4242 ¹
731 4210 908 4254 Patris
929 4209 1225 4252 Melchioris
1245 4207 1437 4251 Nuflez.

649 4283 672 4314 ⁸
727 4282 904 4325 Patris
924 4281 1178 4334 Gasparis
1190 4279 1425 4323 Barcaei.

647 4355 671 4385 ³
726 4354 900 4397 Patris
922 4352 1120 4396 Urbani
1143 4351 1461 4395 Fernandcz.

650 4427 675 4458 ⁴
728 4423 914 4478 snpra,
937 4431 957 4467 t
996 4435 1050 4476 11.
1073 4435 1194 4478 pag.
1210 4423 1291 4466 777
1309 4429 1362 4465 et
1386 4433 1491 4476 seq.

647 4495 671 4529 ⁸
725 4496 862 4540 Vide
881 4507 1068 4550 supra,
1095 4503 1130 4540 t.
1148 4505 1208 4538 111
1225 4527 1235 4546 ,
1259 4505 1375 4548 pag.
1395 4493 1491 4546 390,
1513 4505 1564 4536 n.
1579 4493 1676 4536 855.

645 4565 672 4600 ⁸
725 4567 838 4611 Has
859 4568 1066 4611 litteras
1097 4567 1298 4610 nostris
1319 4565 1553 4619 scriptas
1575 4575 1674 4607 non
1695 4565 1937 4608 vidimus.
1958 4565 2134 4619 Aliae,
2164 4564 2225 4608 de
2262 4563 2361 4607 hac
2391 4563 2714 4618 profectione
2748 4562 2925 4608 Patris
2954 4563 3035 4608 Si-

563 4640 732 4684 monis
753 4638 1046 4693 Rodriguez
1065 4645 1308 4692 agentes,
1333 4637 1494 4680 habes
1513 4635 1564 4679 in
1605 4635 1796 4678 Carras
1825 4635 1892 4680 de
1916 4635 2025 4680 Sem
2050 4635 2284 4690 Ignacio,
2307 4641 2345 4678 t.
2368 4645 2438 4688 w,
2460 4645 2581 4689 pag.
2602 4634 2683 4678 2⁴9
2701 4641 2753 4680 et
2774 4637 2869 4679 251.

647 4711 668 4741 ⁷
725 4709 997 4754 Henricus.
