3742 5392
1493 806 1618 889 DE
1675 806 1752 889 P.
1810 804 2157 887 NATALI

1189 1098 1825 1167 COMMISSARIO
1869 1098 1966 1165 IN
2008 1098 2355 1165 HISPAN
2359 1099 2414 1163 Π
2420 1098 2470 1164 S

1653 1334 1999 1387 QUAEDAM

722 1610 896 1675 1005.
986 1610 1440 1693 oppugnatio
1511 1612 1672 1676 libri
1727 1612 2252 1676 Exercitiorum
2278 1660 2293 1691 ,
2355 1628 2538 1693 quae
2596 1610 2795 1675 initio
2852 1608 3061 1690 hujus

595 1719 764 1784 anni
793 1728 1082 1782 nostros
1113 1719 1494 1783 exercebat
1519 1770 1534 1799 ,
1571 1728 1859 1800 propter
1904 1718 2426 1800 propositiones
2458 1720 2615 1782 illas
2637 1768 2651 1797 ,
2683 1718 2771 1781 de
2802 1718 3057 1798 quibus

593 1826 918 1905 superius
949 1826 1212 1890 mentio
1243 1825 1437 1889 facta
1464 1835 1573 1890 est
1605 1825 1648 1905 ¹,
1683 1836 2053 1889 cessatura
2090 1826 2167 1889 P.
2214 1826 2451 1889 Natali
2488 1833 2558 1889 et
2586 1825 2745 1889 aliis
2773 1822 3056 1887 videba-

593 1942 730 2009 tur,
765 1932 826 1995 si
855 1930 1075 1997 Sedes
1103 1932 1526 2014 Apostolica
1551 1982 1566 2011 ,
1598 1949 1780 2012 quae
1809 1932 2007 1996 illum
2046 1950 2177 1996 sua
2216 1932 2643 1996 auctoritate
2687 1932 3059 1997 confirma-

591 2050 820 2117 verat,
855 2039 1394 2120 Inquisitoribus
1423 2040 1897 2104 committeret
1925 2057 2014 2104 ne
2054 2060 2097 2104 a
2127 2057 2485 2121 quoquam
2514 2057 2761 2104 eorum
2803 2038 3059 2103 doctri-

589 2164 758 2210 nam
787 2147 1182 2212 contradici
1202 2148 1713 2228 permitterent;
1741 2158 1811 2211 et
1833 2157 1981 2211 tam
2004 2148 2082 2211 P.
2109 2146 2385 2211 Natalis
2413 2165 2628 2228 quam
2655 2147 2733 2210 P.
2768 2147 3057 2211 Franci·

591 2272 758 2317 scus
807 2255 1414 2335 oppugnationem
1451 2256 1894 2335 praedictam
1933 2255 2025 2319 ad
2073 2254 2417 2335 maJorem
2466 2254 2847 2319 Societatis
2884 2257 3061 2318 noti-

593 2362 770 2425 tiam
810 2371 880 2425 et
917 2362 1086 2425 boni
1128 2361 1371 2425 odoris
1412 2362 1486 2426 in
1524 2362 1875 2443 Hispania
1905 2380 2269 2426 cessuram
2298 2363 2707 2442 sperabant,
2757 2371 2827 2425 et
2868 2362 3059 2425 nullo

591 2469 803 2533 modo
833 2469 1221 2551 quidquam
1249 2470 1766 2534 immutandum
1795 2487 1953 2534 esse
1984 2471 2401 2549 censebant,
2436 2470 2562 2533 sed
2592 2470 3060 2550 interpretan-

589 2577 778 2655 dum,
813 2578 876 2639 si
904 2577 1074 2657 quid
1105 2578 1687 2657 interpretatione
1725 2576 2110 2657 indigeret,
2143 2586 2353 2657 prout
2394 2577 2653 2639 librum
2690 2585 2761 2640 et
2799 2575 3058 2640 doctri-

589 2700 756 2746 nam
786 2701 829 2746 a
880 2681 1063 2748 Sede
1091 2684 1508 2765 Apostolica
1550 2685 2023 2765 approbatam
2064 2683 2381 2749 decebat.
2429 2682 2633 2763 Quod
2672 2684 2743 2748 in
2780 2684 2901 2747 illa
2950 2702 3055 2747 re-

586 2791 760 2869 gula
787 2791 1070 2855 dicebat
1103 2791 1266 2853 “nec
1275 2791 1447 2871 jam
1475 2791 1705 2854 ullam
1733 2797 2147 2854 creaturam
2170 2796 2412 2871 potest
2440 2790 2817 2870 diligere„
2845 2792 3055 2854 inter·

590 2898 1006 2977 pretabatur
1047 2904 1290 2962 stante
1334 2898 1466 2962 illa
1496 2900 1805 2963 motione
1833 2904 1901 2962 et
1932 2898 2420 2962 consolatione
2456 2904 2524 2961 et
2563 2904 2730 2961 actu
2754 2896 3057 2977 fervido

589 3003 868 3067 amoris
889 3005 968 3067 in
990 3006 1248 3083 Deum,
1279 3023 1320 3068 a
1351 3023 1491 3087 quo
1523 3006 1830 3087 quidem,
1863 3017 1943 3069 ut
1973 3016 2253 3069 constat
2284 3022 2374 3068 ex
2396 3016 2653 3088 quarta
2684 3007 2935 3085 regula
2956 3022 3057 3068 se-

589 3112 855 3191 quenti,
888 3120 1122 3192 potest
1149 3114 1308 3193 quis
1337 3112 1694 3177 excidere:
1727 3114 1901 3177 satis
1926 3114 2141 3177 etiam
2172 3112 2625 3177 manifestum
2650 3122 2756 3176 est
2788 3131 2877 3176 ex
2907 3113 3059 3193 ipsa

588 3208 798 3281 tertia
831 3220 1080 3299 regula
1111 3220 1304 3300 quod
1333 3219 1427 3282 ad
1455 3229 1720 3284 statum
1749 3220 1945 3283 illum
1973 3230 2043 3284 et
2072 3229 2333 3299 actum,
2366 3238 2577 3300 quem
2599 3220 2929 3297 diximuS,
2964 3220 3061 3284 di-

591 3335 707 3389 cta
765 3326 1187 3391 reserantur.
1250 3326 1457 3407 Quod
1513 3344 1688 3391 vero
1746 3328 2003 3392 dicitur
2065 3326 2091 3355 “
2119 3327 2333 3390 etiam
2382 3328 2457 3391 si
2502 3333 2692 3390 esset
2748 3336 3061 3407 comper-

589 3438 848 3511 tum...,
880 3442 1083 3512 etc.„,
1117 3435 1532 3498 declarabat
1569 3435 1838 3498 nostris
1876 3434 1954 3498 P.
1987 3432 2263 3498 Natalis
2294 3434 2482 3515 quod
2513 3452 2655 3497 non
2696 3434 2791 3498 ibi
2820 3435 3059 3515 opinio

585 3538 948 3605 Ambrosii
977 3540 1346 3605 Catherini
1376 3542 1910 3620 defendebatur,
1946 3560 2079 3606 nec
2107 3541 2195 3605 de
2226 3560 2311 3605 ea
2340 3543 2411 3606 id
2443 3543 2839 3622 cogitatum
2870 3554 3051 3621 erat,

585 3647 712 3711 sed
741 3656 1072 3712 constare
1101 3666 1550 3713 communem
1581 3666 1866 3713 sensum
1898 3649 2391 3730 theologorum
2421 3667 2513 3713 ex
2543 3650 2933 3730 exemplari
2955 3650 3055 3712 hi-

580 3756 886 3833 spanico
915 3766 984 3819 et
1013 3774 1105 3819 ex
1133 3756 1271 3819 alia
1304 3756 1634 3820 versione
1663 3758 1908 3837 latina,
1942 3766 2012 3819 et
2040 3757 2111 3820 in
2144 3758 2468 3837 sequenti
2510 3757 2786 3821 decima
2816 3758 3061 3838 quinta

589 3840 836 3941 regula
865 3862 1052 3926 idem
1084 3879 1334 3926 sensus
1363 3873 1432 3926 et
1460 3865 1746 3943 phrasis
1775 3864 2219 3944 exprimitur,
2256 3874 2325 3927 et
2352 3864 2528 3927 illud
2549 3865 2844 3928 verbum
2873 3870 3059 3927 esset

591 3984 736 4031 non
791 3970 1090 4049 optativi
1138 3970 1264 4034 sed
1312 3969 1744 4051 subjunctivi
1796 3971 1991 4035 modi
2041 3987 2218 4050 esse,
2274 3980 2344 4034 et
2388 3971 2642 4035 referri
2685 3971 2776 4035 ad
2820 3983 3061 4035 actum

601 4074 1188 4139 concionatorum
1239 4086 1308 4140 et
1359 4077 1724 4140 concionis
1773 4078 2030 4158 ἱρείας,
2074 4088 2143 4141 et
2185 4080 2552 4157 eleganter
2602 4079 3061 4158 pronunciari

590 4200 632 4244 a
691 4180 1048 4247 Societate
1126 4183 1152 4210 “
1181 4183 1397 4247 etiam
1470 4184 1530 4247 si
1586 4185 1774 4248 inter
1843 4184 2416 4248 concionandum
2488 4196 2677 4247 esset
2748 4199 3063 4265 comper-

589 4298 810 4367 tum„
843 4308 954 4353 ex.
989 4307 1098 4370 gr.
1133 4301 1210 4354 ut
1241 4292 1300 4354 si
1331 4290 1600 4355 diceret
1633 4292 1660 4319 “
1679 4292 1897 4355 etiam
1927 4292 1989 4354 si
2028 4303 2215 4355 esset
2246 4290 2623 4371 probatum
2662 4310 2749 4355 ac
2780 4292 3061 4355 demon-

589 4406 894 4461 stratum
922 4397 1154 4462 Deum
1184 4416 1341 4465 esse
1370 4399 1635 4463 trinum
1656 4451 1682 4477 „
1712 4450 1725 4478 ,
1762 4408 1836 4463 ut
1881 4400 2351 4464 communiter
2381 4402 2559 4463 solet
2588 4417 2602 4477 ;
2636 4400 3063 4479 circumspe-

672 4658 690 4691 ¹
749 4658 882 4703 Vide
916 4670 1091 4714 supra,
1121 4666 1158 4703 t.
1190 4670 1270 4713 m,
1300 4672 1428 4716 pag.
1460 4661 1559 4717 835,
1579 4673 1629 4704 n.
1650 4662 1746 4713 746,
1769 4662 1895 4706 etin
1925 4662 2021 4707 hoc
2052 4669 2090 4706 t.
2121 4673 2194 4716 w,
2217 4673 2393 4755 supra,
2424 4672 2551 4716 pag.
2584 4662 2667 4704 415
2694 4668 2747 4705 et
2782 4660 2877 4712 416,
2898 4672 2949 4703 n
2980 4660 3068 4705 895

591 4738 644 4772 et
664 4730 762 4774 896.
784 4730 918 4775 Vide
939 4731 1096 4775 etiam
1121 4732 1450 4785 Appendices
1470 4732 1598 4777 tomi
1631 4744 1712 4777 m.
