<?xml version="1.0" encoding="UTF-8"?>
<!DOCTYPE html PUBLIC "-//W3C//DTD XHTML 1.0 Transitional//EN"
    "http://www.w3.org/TR/xhtml1/DTD/xhtml1-transitional.dtd">
<html xmlns="http://www.w3.org/1999/xhtml" xml:lang="en" lang="en">
 <head>
  <title>
</title>
<meta http-equiv="Content-Type" content="text/html;charset=utf-8" />
  <meta name='ocr-system' content='tesseract 3.04.00' />
  <meta name='ocr-capabilities' content='ocr_page ocr_carea ocr_par ocr_line ocrx_word'/>
</head>
<body>
  <div class='ocr_page' id='page_1' title='image "./vitaignatiiloio02polagoog_0398.png"; bbox 0 0 3742 5392; ppageno 0'>
   <div class='ocr_carea' id='block_1_1' title="bbox 715 452 2273 528">
    <p class='ocr_par' dir='ltr' id='par_1_1' title="bbox 715 452 2273 528">
     <span class='ocr_line' id='line_1_1' title="bbox 715 452 2273 528; baseline -0.003 -13"><span class='ocrx_word' id='word_1_1' title='bbox 715 455 826 515; x_wconf 85' lang='lat'>388</span> <span class='ocrx_word' id='word_1_2' title='bbox 1641 452 1897 513; x_wconf 68' lang='lat' dir='ltr'>Cimon.</span> <span class='ocrx_word' id='word_1_3' title='bbox 1940 452 2105 513; x_wconf 65' lang='lat' dir='ltr'>See.</span> <span class='ocrx_word' id='word_1_4' title='bbox 2134 454 2273 528; x_wconf 72' lang='lat' dir='ltr'>jas.</span> 
     </span>
    </p>
   </div>
   <div class='ocr_carea' id='block_1_2' title="bbox 710 598 3193 1642">
    <p class='ocr_par' dir='ltr' id='par_1_2' title="bbox 710 598 3193 1642">
     <span class='ocr_line' id='line_1_2' title="bbox 833 598 3179 680; baseline 0.001 -17"><span class='ocrx_word' id='word_1_5' title='bbox 833 598 978 663; x_wconf 83' lang='lat'><strong>834.</strong></span> <span class='ocrx_word' id='word_1_6' title='bbox 1064 599 1196 663; x_wconf 90' lang='lat' dir='ltr'>His</span> <span class='ocrx_word' id='word_1_7' title='bbox 1251 616 1426 679; x_wconf 88' lang='lat' dir='ltr'>ergo</span> <span class='ocrx_word' id='word_1_8' title='bbox 1482 599 1568 663; x_wconf 88' lang='lat' dir='ltr'>de</span> <span class='ocrx_word' id='word_1_9' title='bbox 1626 600 1838 663; x_wconf 89' lang='lat' dir='ltr'>rebus</span> <span class='ocrx_word' id='word_1_10' title='bbox 1894 610 1971 661; x_wconf 94' lang='lat' dir='ltr'>ut</span> <span class='ocrx_word' id='word_1_11' title='bbox 2026 609 2356 679; x_wconf 82' lang='lat' dir='ltr'>ageretur</span> <span class='ocrx_word' id='word_1_12' title='bbox 2382 648 2398 677; x_wconf 96' lang='lat'>,</span> <span class='ocrx_word' id='word_1_13' title='bbox 2458 600 2863 680; x_wconf 88' lang='lat' dir='ltr'>praedictos</span> <span class='ocrx_word' id='word_1_14' title='bbox 2928 600 3179 665; x_wconf 86' lang='lat' dir='ltr'>Patres</span> 
     </span>
     <span class='ocr_line' id='line_1_3' title="bbox 717 706 3193 789; baseline 0.001 -18"><span class='ocrx_word' id='word_1_15' title='bbox 717 706 794 771; x_wconf 90' lang='lat' dir='ltr'>P.</span> <span class='ocrx_word' id='word_1_16' title='bbox 847 706 1123 771; x_wconf 87' lang='lat' dir='ltr'>Natalis</span> <span class='ocrx_word' id='word_1_17' title='bbox 1172 706 1627 786; x_wconf 88' lang='lat' dir='ltr'>Methymnae</span> <span class='ocrx_word' id='word_1_18' title='bbox 1679 707 2185 787; x_wconf 84' lang='lat' dir='ltr'>congregavit,</span> <span class='ocrx_word' id='word_1_19' title='bbox 2235 707 2353 787; x_wconf 90' lang='lat' dir='ltr'>qui</span> <span class='ocrx_word' id='word_1_20' title='bbox 2397 724 2643 771; x_wconf 88' lang='lat' dir='ltr'>ornnes</span> <span class='ocrx_word' id='word_1_21' title='bbox 2699 717 2985 789; x_wconf 89' lang='lat' dir='ltr'>praesto</span> <span class='ocrx_word' id='word_1_22' title='bbox 3041 709 3193 773; x_wconf 78' lang='lat' dir='ltr'>fue—</span> 
     </span>
     <span class='ocr_line' id='line_1_4' title="bbox 715 812 3177 893; baseline 0.002 -16"><span class='ocrx_word' id='word_1_23' title='bbox 715 822 912 893; x_wconf 89' lang='lat' dir='ltr'>runt,</span> <span class='ocrx_word' id='word_1_24' title='bbox 955 821 1026 876; x_wconf 91' lang='lat' dir='ltr'>et</span> <span class='ocrx_word' id='word_1_25' title='bbox 1055 813 1140 876; x_wconf 90' lang='lat' dir='ltr'>de</span> <span class='ocrx_word' id='word_1_26' title='bbox 1170 812 1384 876; x_wconf 89' lang='lat' dir='ltr'>rebus</span> <span class='ocrx_word' id='word_1_27' title='bbox 1427 812 1519 875; x_wconf 89' lang='lat' dir='ltr'>ad</span> <span class='ocrx_word' id='word_1_28' title='bbox 1549 830 1925 876; x_wconf 89' lang='lat' dir='ltr'>commune</span> <span class='ocrx_word' id='word_1_29' title='bbox 1956 814 2217 876; x_wconf 89' lang='lat' dir='ltr'>bonurn</span> <span class='ocrx_word' id='word_1_30' title='bbox 2259 814 2790 893; x_wconf 88' lang='lat' dir='ltr'>provinciarum</span> <span class='ocrx_word' id='word_1_31' title='bbox 2830 816 3061 880; x_wconf 88' lang='lat' dir='ltr'>acturi</span> <span class='ocrx_word' id='word_1_32' title='bbox 3103 827 3177 880; x_wconf 95' lang='lat' dir='ltr'>ut</span> 
     </span>
     <span class='ocr_line' id='line_1_5' title="bbox 714 920 3186 1000; baseline 0.002 -17"><span class='ocrx_word' id='word_1_33' title='bbox 714 938 790 983; x_wconf 90' lang='lat' dir='ltr'>se</span> <span class='ocrx_word' id='word_1_34' title='bbox 821 921 1030 985; x_wconf 90' lang='lat' dir='ltr'>citius</span> <span class='ocrx_word' id='word_1_35' title='bbox 1059 920 1496 1000; x_wconf 86' lang='lat' dir='ltr'>expedirent,</span> <span class='ocrx_word' id='word_1_36' title='bbox 1529 921 1601 983; x_wconf 90' lang='lat' dir='ltr'>in</span> <span class='ocrx_word' id='word_1_37' title='bbox 1643 920 2104 983; x_wconf 88' lang='lat' dir='ltr'>concionibus</span> <span class='ocrx_word' id='word_1_38' title='bbox 2150 920 2480 1000; x_wconf 90' lang='lat' dir='ltr'>occupati</span> <span class='ocrx_word' id='word_1_39' title='bbox 2508 938 2649 984; x_wconf 90' lang='lat' dir='ltr'>non</span> <span class='ocrx_word' id='word_1_40' title='bbox 2693 921 2996 997; x_wconf 82' lang='lat' dir='ltr'>fuerunt.</span> <span class='ocrx_word' id='word_1_41' title='bbox 3029 922 3186 987; x_wconf 84' lang='lat' dir='ltr'>Nec</span> 
     </span>
     <span class='ocr_line' id='line_1_6' title="bbox 714 1026 3177 1109; baseline 0.002 -19"><span class='ocrx_word' id='word_1_42' title='bbox 714 1037 952 1091; x_wconf 90' lang='lat' dir='ltr'>tamen</span> <span class='ocrx_word' id='word_1_43' title='bbox 984 1026 1384 1091; x_wconf 89' lang='lat' dir='ltr'>aedificium</span> <span class='ocrx_word' id='word_1_44' title='bbox 1413 1027 1782 1090; x_wconf 88' lang='lat' dir='ltr'>materiale</span> <span class='ocrx_word' id='word_1_45' title='bbox 1811 1035 2102 1106; x_wconf 89' lang='lat' dir='ltr'>propter</span> <span class='ocrx_word' id='word_1_46' title='bbox 2138 1028 2642 1107; x_wconf 84' lang='lat' dir='ltr'>occupationes</span> <span class='ocrx_word' id='word_1_47' title='bbox 2685 1032 3177 1109; x_wconf 85' lang='lat' dir='ltr'>congregatio-</span> 
     </span>
     <span class='ocr_line' id='line_1_7' title="bbox 715 1133 3175 1217; baseline 0 -18"><span class='ocrx_word' id='word_1_48' title='bbox 715 1136 829 1199; x_wconf 88' lang='lat' dir='ltr'>nis</span> <span class='ocrx_word' id='word_1_49' title='bbox 857 1133 1069 1214; x_wconf 88' lang='lat' dir='ltr'>hujus</span> <span class='ocrx_word' id='word_1_50' title='bbox 1099 1136 1429 1213; x_wconf 86' lang='lat' dir='ltr'>substitit,</span> <span class='ocrx_word' id='word_1_51' title='bbox 1471 1134 1642 1215; x_wconf 91' lang='lat' dir='ltr'>quin</span> <span class='ocrx_word' id='word_1_52' title='bbox 1674 1134 1913 1214; x_wconf 88' lang='lat' dir='ltr'>potius</span> <span class='ocrx_word' id='word_1_53' title='bbox 1962 1150 2257 1215; x_wconf 84' lang='lat' dir='ltr'>surgere</span> <span class='ocrx_word' id='word_1_54' title='bbox 2301 1152 2473 1216; x_wconf 88' lang='lat' dir='ltr'>prae</span> <span class='ocrx_word' id='word_1_55' title='bbox 2512 1137 2719 1199; x_wconf 90' lang='lat' dir='ltr'>solito</span> <span class='ocrx_word' id='word_1_56' title='bbox 2761 1135 3175 1217; x_wconf 84' lang='lat' dir='ltr'>diligentius</span> 
     </span>
     <span class='ocr_line' id='line_1_8' title="bbox 713 1240 3177 1322; baseline 0.002 -18"><span class='ocrx_word' id='word_1_57' title='bbox 713 1242 1114 1307; x_wconf 85' lang='lat' dir='ltr'>videbatur.</span> <span class='ocrx_word' id='word_1_58' title='bbox 1155 1240 1526 1322; x_wconf 87' lang='lat' dir='ltr'>Colloquia</span> <span class='ocrx_word' id='word_1_59' title='bbox 1565 1250 1800 1304; x_wconf 84' lang='lat' dir='ltr'>autem</span> <span class='ocrx_word' id='word_1_60' title='bbox 1837 1240 2217 1304; x_wconf 83' lang='lat' dir='ltr'>familiaria</span> <span class='ocrx_word' id='word_1_61' title='bbox 2258 1242 2512 1306; x_wconf 90' lang='lat' dir='ltr'>horum</span> <span class='ocrx_word' id='word_1_62' title='bbox 2552 1240 2840 1307; x_wconf 86' lang='lat' dir='ltr'>Patrum</span> <span class='ocrx_word' id='word_1_63' title='bbox 2879 1246 3177 1308; x_wconf 86' lang='lat' dir='ltr'>multum</span> 
     </span>
     <span class='ocr_line' id='line_1_9' title="bbox 717 1346 3175 1431; baseline 0.001 -20"><span class='ocrx_word' id='word_1_64' title='bbox 717 1366 964 1413; x_wconf 89' lang='lat' dir='ltr'>omnes</span> <span class='ocrx_word' id='word_1_65' title='bbox 1010 1358 1296 1411; x_wconf 82' lang='lat' dir='ltr'>nostros</span> <span class='ocrx_word' id='word_1_66' title='bbox 1339 1349 1410 1411; x_wconf 91' lang='lat' dir='ltr'>in</span> <span class='ocrx_word' id='word_1_67' title='bbox 1448 1346 1758 1411; x_wconf 91' lang='lat' dir='ltr'>Domino</span> <span class='ocrx_word' id='word_1_68' title='bbox 1805 1356 2243 1412; x_wconf 84' lang='lat' dir='ltr'>recrearunt.</span> <span class='ocrx_word' id='word_1_69' title='bbox 2287 1349 2375 1412; x_wconf 91' lang='lat' dir='ltr'>Et</span> <span class='ocrx_word' id='word_1_70' title='bbox 2417 1349 3175 1431; x_wconf 86' lang='lat' dir='ltr'>quamvis-Collegium</span> 
     </span>
     <span class='ocr_line' id='line_1_10' title="bbox 710 1454 3170 1535; baseline 0.002 -17"><span class='ocrx_word' id='word_1_71' title='bbox 710 1454 881 1518; x_wconf 89' lang='lat' dir='ltr'>illud</span> <span class='ocrx_word' id='word_1_72' title='bbox 913 1454 1003 1519; x_wconf 91' lang='lat' dir='ltr'>ad</span> <span class='ocrx_word' id='word_1_73' title='bbox 1035 1472 1372 1535; x_wconf 86' lang='lat' dir='ltr'>magnam</span> <span class='ocrx_word' id='word_1_74' title='bbox 1401 1455 1834 1535; x_wconf 87' lang='lat' dir='ltr'>paucitatem</span> <span class='ocrx_word' id='word_1_75' title='bbox 1864 1454 2234 1518; x_wconf 86' lang='lat' dir='ltr'>redactum</span> <span class='ocrx_word' id='word_1_76' title='bbox 2264 1465 2399 1533; x_wconf 88' lang='lat' dir='ltr'>est,</span> <span class='ocrx_word' id='word_1_77' title='bbox 2435 1456 2673 1519; x_wconf 88' lang='lat' dir='ltr'>multis</span> <span class='ocrx_word' id='word_1_78' title='bbox 2702 1456 2792 1520; x_wconf 89' lang='lat' dir='ltr'>ad</span> <span class='ocrx_word' id='word_1_79' title='bbox 2821 1474 3010 1521; x_wconf 83' lang='lat' dir='ltr'>nova</span> <span class='ocrx_word' id='word_1_80' title='bbox 3033 1460 3170 1522; x_wconf 87' lang='lat' dir='ltr'>col-</span> 
     </span>
     <span class='ocr_line' id='line_1_11' title="bbox 710 1559 3177 1642; baseline 0.002 -17"><span class='ocrx_word' id='word_1_81' title='bbox 710 1563 904 1642; x_wconf 87' lang='lat' dir='ltr'>legia</span> <span class='ocrx_word' id='word_1_82' title='bbox 933 1562 1096 1625; x_wconf 91' lang='lat' dir='ltr'>inde</span> <span class='ocrx_word' id='word_1_83' title='bbox 1135 1562 1406 1625; x_wconf 87' lang='lat' dir='ltr'>eductis</span> <span class='ocrx_word' id='word_1_84' title='bbox 1439 1559 1495 1637; x_wconf 89' lang='lat'>¹,</span> <span class='ocrx_word' id='word_1_85' title='bbox 1526 1562 1880 1642; x_wconf 80' lang='lat' dir='ltr'>patienter</span> <span class='ocrx_word' id='word_1_86' title='bbox 1926 1570 1995 1624; x_wconf 93' lang='lat' dir='ltr'>et</span> <span class='ocrx_word' id='word_1_87' title='bbox 2027 1578 2271 1624; x_wconf 86' lang='lat' dir='ltr'>amore</span> <span class='ocrx_word' id='word_1_88' title='bbox 2313 1564 2706 1626; x_wconf 89' lang='lat' dir='ltr'>communis</span> <span class='ocrx_word' id='word_1_89' title='bbox 2746 1564 2910 1627; x_wconf 92' lang='lat' dir='ltr'>boni</span> <span class='ocrx_word' id='word_1_90' title='bbox 2941 1564 3011 1629; x_wconf 91' lang='lat' dir='ltr'>id</span> <span class='ocrx_word' id='word_1_91' title='bbox 3054 1582 3177 1628; x_wconf 84' lang='lat' dir='ltr'>no-</span> 
     </span>
    </p>
   </div>
   <div class='ocr_carea' id='block_1_3' title="bbox 725 1740 1114 1749">
    <p class='ocr_par' dir='ltr' id='par_1_3' title="bbox 725 1740 1114 1749">
     <span class='ocr_line' id='line_1_12' title="bbox 725 1740 1114 1749; baseline 0 3643"><span class='ocrx_word' id='word_1_92' title='bbox 725 1740 1114 1749; x_wconf 95' lang='lat' dir='ltr'> </span> 
     </span>
    </p>
   </div>
   <div class='ocr_carea' id='block_1_4' title="bbox 713 1838 3189 2110">
    <p class='ocr_par' dir='ltr' id='par_1_4' title="bbox 713 1838 3189 2037">
     <span class='ocr_line' id='line_1_13' title="bbox 713 1838 3189 1895; baseline 0 -11"><span class='ocrx_word' id='word_1_93' title='bbox 713 1841 812 1894; x_wconf 78' lang='lat' dir='ltr'>gir,</span> <span class='ocrx_word' id='word_1_94' title='bbox 831 1850 957 1895; x_wconf 88' lang='lat' dir='ltr'>pero</span> <span class='ocrx_word' id='word_1_95' title='bbox 977 1840 1039 1883; x_wconf 88' lang='lat' dir='ltr'>de</span> <span class='ocrx_word' id='word_1_96' title='bbox 1059 1839 1247 1883; x_wconf 81' lang='lat' dir='ltr'>fundar</span> <span class='ocrx_word' id='word_1_97' title='bbox 1266 1848 1438 1882; x_wconf 84' lang='lat' dir='ltr'>nueva</span> <span class='ocrx_word' id='word_1_98' title='bbox 1456 1838 1748 1892; x_wconf 48' lang='lat' dir='ltr'>provincia</span> <span class='ocrx_word' id='word_1_99' title='bbox 1772 1852 1805 1894; x_wconf 88' lang='lat' dir='ltr'><strong>y</strong></span> <span class='ocrx_word' id='word_1_100' title='bbox 1825 1838 1870 1881; x_wconf 88' lang='lat' dir='ltr'>si</span> <span class='ocrx_word' id='word_1_101' title='bbox 1892 1849 2075 1891; x_wconf 83' lang='lat' dir='ltr'>pesase</span> <span class='ocrx_word' id='word_1_102' title='bbox 2097 1846 2211 1882; x_wconf 88' lang='lat' dir='ltr'>esta</span> <span class='ocrx_word' id='word_1_103' title='bbox 2231 1848 2394 1893; x_wconf 78' lang='lat' dir='ltr'>carga</span> <span class='ocrx_word' id='word_1_104' title='bbox 2411 1842 2444 1883; x_wconf 79' lang='lat' dir='ltr'>a</span> <span class='ocrx_word' id='word_1_105' title='bbox 2460 1850 2523 1884; x_wconf 91' lang='lat' dir='ltr'>su</span> <span class='ocrx_word' id='word_1_106' title='bbox 2544 1840 2817 1894; x_wconf 82' lang='lat' dir='ltr'>espiritual</span> <span class='ocrx_word' id='word_1_107' title='bbox 2831 1842 3155 1887; x_wconf 85' lang='lat' dir='ltr'>sensualidad</span> <span class='ocrx_word' id='word_1_108' title='bbox 3168 1876 3189 1895; x_wconf 85' lang='lat'>,.</span> 
     </span>
     <span class='ocr_line' id='line_1_14' title="bbox 717 1909 3179 1969; baseline 0.001 -13"><span class='ocrx_word' id='word_1_109' title='bbox 717 1914 858 1969; x_wconf 80' lang='lat' dir='ltr'>haya</span> <span class='ocrx_word' id='word_1_110' title='bbox 877 1910 1162 1966; x_wconf 75' lang='lat' dir='ltr'>paciencia.</span> <span class='ocrx_word' id='word_1_111' title='bbox 1185 1910 1318 1953; x_wconf 90' lang='lat' dir='ltr'>Pero</span> <span class='ocrx_word' id='word_1_112' title='bbox 1337 1910 1500 1961; x_wconf 78' lang='lat' dir='ltr'>desto,</span> <span class='ocrx_word' id='word_1_113' title='bbox 1523 1920 1668 1954; x_wconf 84' lang='lat' dir='ltr'>como</span> <span class='ocrx_word' id='word_1_114' title='bbox 1687 1909 1913 1953; x_wconf 84' lang='lat' dir='ltr'>Nuestro</span> <span class='ocrx_word' id='word_1_115' title='bbox 1936 1909 2104 1954; x_wconf 85' lang='lat' dir='ltr'>Padre</span> <span class='ocrx_word' id='word_1_116' title='bbox 2126 1914 2239 1955; x_wconf 85' lang='lat' dir='ltr'>este</span> <span class='ocrx_word' id='word_1_117' title='bbox 2270 1922 2401 1965; x_wconf 85' lang='lat' dir='ltr'>para</span> <span class='ocrx_word' id='word_1_118' title='bbox 2421 1912 2720 1967; x_wconf 79' lang='lat' dir='ltr'>respondet,</span> <span class='ocrx_word' id='word_1_119' title='bbox 2741 1924 2795 1956; x_wconf 86' lang='lat' dir='ltr'>se</span> <span class='ocrx_word' id='word_1_120' title='bbox 2824 1914 2990 1967; x_wconf 71' lang='lat' dir='ltr'>podra</span> <span class='ocrx_word' id='word_1_121' title='bbox 3019 1915 3179 1959; x_wconf 87' lang='lat' dir='ltr'>escri-</span> 
     </span>
     <span class='ocr_line' id='line_1_15' title="bbox 713 1980 3037 2037; baseline 0.001 -10"><span class='ocrx_word' id='word_1_122' title='bbox 713 1985 795 2027; x_wconf 86' lang='lat' dir='ltr'>bir</span> <span class='ocrx_word' id='word_1_123' title='bbox 815 1986 926 2027; x_wconf 77' lang='lat' dir='ltr'>mas</span> <span class='ocrx_word' id='word_1_124' title='bbox 945 1994 1008 2025; x_wconf 91' lang='lat' dir='ltr'>en</span> <span class='ocrx_word' id='word_1_125' title='bbox 1027 1982 1362 2037; x_wconf 72' lang='lat' dir='ltr'>particular...</span> <span class='ocrx_word' id='word_1_126' title='bbox 1381 1981 1652 2033; x_wconf 84' lang='lat' dir='ltr'>Polancus,</span> <span class='ocrx_word' id='word_1_127' title='bbox 1674 1992 1740 2025; x_wconf 83' lang='lat' dir='ltr'>ex</span> <span class='ocrx_word' id='word_1_128' title='bbox 1761 1992 1911 2032; x_wconf 74' lang='lat' dir='ltr'>com„</span> <span class='ocrx_word' id='word_1_129' title='bbox 1932 1981 2077 2025; x_wconf 86' lang='lat' dir='ltr'>Patri</span> <span class='ocrx_word' id='word_1_130' title='bbox 2100 1980 2381 2027; x_wconf 85' lang='lat' dir='ltr'>Francisco</span> <span class='ocrx_word' id='word_1_131' title='bbox 2402 1984 2463 2027; x_wconf 87' lang='lat' dir='ltr'>de</span> <span class='ocrx_word' id='word_1_132' title='bbox 2486 1983 2665 2037; x_wconf 77' lang='lat' dir='ltr'>Borja,</span> <span class='ocrx_word' id='word_1_133' title='bbox 2690 1985 2740 2027; x_wconf 79' lang='grc'>14</span> <span class='ocrx_word' id='word_1_134' title='bbox 2758 1983 2896 2037; x_wconf 85' lang='lat' dir='ltr'>Junii</span> <span class='ocrx_word' id='word_1_135' title='bbox 2915 1985 3037 2029; x_wconf 76' lang='grc'><strong>1554.</strong></span> 
     </span>
    </p>

    <p class='ocr_par' dir='ltr' id='par_1_5' title="bbox 797 2051 2991 2110">
     <span class='ocr_line' id='line_1_16' title="bbox 797 2051 2991 2110; baseline 0.002 -12"><span class='ocrx_word' id='word_1_136' title='bbox 797 2054 814 2085; x_wconf 86' lang='lat'>¹</span> <span class='ocrx_word' id='word_1_137' title='bbox 871 2054 950 2098; x_wconf 86' lang='lat' dir='ltr'>En</span> <span class='ocrx_word' id='word_1_138' title='bbox 973 2052 1189 2107; x_wconf 72' lang='lat' dir='ltr'>Collegii</span> <span class='ocrx_word' id='word_1_139' title='bbox 1209 2051 1616 2110; x_wconf 83' lang='lat' dir='ltr'>Methymnensis</span> <span class='ocrx_word' id='word_1_140' title='bbox 1634 2060 1836 2098; x_wconf 82' lang='lat' dir='ltr'>statum</span> <span class='ocrx_word' id='word_1_141' title='bbox 1857 2062 2031 2097; x_wconf 87' lang='lat' dir='ltr'>mense</span> <span class='ocrx_word' id='word_1_142' title='bbox 2052 2053 2334 2098; x_wconf 75' lang='lat' dir='ltr'>Novembri</span> <span class='ocrx_word' id='word_1_143' title='bbox 2354 2054 2507 2110; x_wconf 82' lang='lat' dir='ltr'>hujus</span> <span class='ocrx_word' id='word_1_144' title='bbox 2531 2056 2651 2099; x_wconf 87' lang='lat' dir='ltr'>anni</span> <span class='ocrx_word' id='word_1_145' title='bbox 2678 2056 2777 2099; x_wconf 79' lang='grc'><strong>1554</strong></span> <span class='ocrx_word' id='word_1_146' title='bbox 2794 2057 2923 2108; x_wconf 86' lang='grc'><strong>(1553</strong></span> <span class='ocrx_word' id='word_1_147' title='bbox 2935 2058 2991 2108; x_wconf 78' lang='lat'>?):</span> 
     </span>
    </p>
   </div>
   <div class='ocr_carea' id='block_1_5' title="bbox 2004 2244 3179 2269">
    <p class='ocr_par' dir='ltr' id='par_1_6' title="bbox 2004 2244 3179 2269">
     <span class='ocr_line' id='line_1_17' title="bbox 2004 2244 3179 2269; baseline 0 3123"><span class='ocrx_word' id='word_1_148' title='bbox 2004 2244 3179 2269; x_wconf 95' lang='lat' dir='ltr'> </span> 
     </span>
    </p>
   </div>
   <div class='ocr_carea' id='block_1_6' title="bbox 2772 2324 3143 2381">
    <p class='ocr_par' dir='ltr' id='par_1_7' title="bbox 2772 2324 3143 2381">
     <span class='ocr_line' id='line_1_18' title="bbox 2772 2324 3143 2381; baseline 0.011 -14"><span class='ocrx_word' id='word_1_149' title='bbox 2772 2324 2893 2368; x_wconf 88' lang='lat' dir='ltr'>Tem</span> <span class='ocrx_word' id='word_1_150' title='bbox 2932 2337 2993 2369; x_wconf 86' lang='lat' dir='ltr'>us</span> <span class='ocrx_word' id='word_1_151' title='bbox 3011 2328 3143 2381; x_wconf 85' lang='lat' dir='ltr'>quod</span> 
     </span>
    </p>
   </div>
   <div class='ocr_carea' id='block_1_7' title="bbox 1719 2514 1933 2527">
    <p class='ocr_par' dir='ltr' id='par_1_8' title="bbox 1719 2514 1933 2527">
     <span class='ocr_line' id='line_1_19' title="bbox 1719 2514 1933 2527; baseline 0 0"><span class='ocrx_word' id='word_1_152' title='bbox 1719 2514 1933 2527; x_wconf 95' lang='lat' dir='ltr'> </span> 
     </span>
    </p>
   </div>
   <div class='ocr_carea' id='block_1_8' title="bbox 713 2367 3193 3661">
    <p class='ocr_par' dir='ltr' id='par_1_9' title="bbox 924 2367 3138 2487">
     <span class='ocr_line' id='line_1_20' title="bbox 924 2367 3138 2425; baseline -0.001 -7"><span class='ocrx_word' id='word_1_153' title='bbox 924 2384 1094 2419; x_wconf 69' lang='lat' dir='ltr'>noum«</span> <span class='ocrx_word' id='word_1_154' title='bbox 1124 2386 1185 2417; x_wconf 78' lang='lat' dir='ltr'>m·</span> <span class='ocrx_word' id='word_1_155' title='bbox 1212 2385 1480 2418; x_wconf 66' lang='lat' dir='ltr'>consonas</span> <span class='ocrx_word' id='word_1_156' title='bbox 1736 2374 1903 2417; x_wconf 84' lang='lat' dir='ltr'>Aetas</span> <span class='ocrx_word' id='word_1_157' title='bbox 2251 2367 2430 2417; x_wconf 81' lang='lat' dir='ltr'>Patria</span> <span class='ocrx_word' id='word_1_158' title='bbox 2945 2380 3138 2425; x_wconf 73' lang='lat' dir='ltr'>cietate</span> 
     </span>
     <span class='ocr_line' id='line_1_21' title="bbox 2782 2379 3095 2487; baseline 0.012 -12.54"><span class='ocrx_word' id='word_1_159' title='bbox 2782 2379 3095 2487; x_wconf 16' lang='lat' dir='ltr'>&amp;exegerat</span> 
     </span>
    </p>

    <p class='ocr_par' dir='ltr' id='par_1_10' title="bbox 748 2602 2945 2657">
     <span class='ocr_line' id='line_1_22' title="bbox 748 2602 2945 2657; baseline -0.001 -5"><span class='ocrx_word' id='word_1_160' title='bbox 748 2610 788 2652; x_wconf 91' lang='grc'>1.</span> <span class='ocrx_word' id='word_1_161' title='bbox 817 2606 907 2651; x_wconf 89' lang='lat' dir='ltr'>Fr.</span> <span class='ocrx_word' id='word_1_162' title='bbox 929 2607 1115 2652; x_wconf 87' lang='lat' dir='ltr'>Petrus</span> <span class='ocrx_word' id='word_1_163' title='bbox 1135 2607 1400 2651; x_wconf 77' lang='lat' dir='ltr'>Sevillano</span> <span class='ocrx_word' id='word_1_164' title='bbox 1404 2633 1680 2651; x_wconf 91' lang='grc'><strong>...........</strong></span> <span class='ocrx_word' id='word_1_165' title='bbox 1723 2604 1813 2648; x_wconf 75' lang='lat' dir='ltr'>An.</span> <span class='ocrx_word' id='word_1_166' title='bbox 1878 2604 1933 2649; x_wconf 87' lang='grc'>30</span> <span class='ocrx_word' id='word_1_167' title='bbox 1992 2602 2449 2649; x_wconf 86' lang='lat' dir='ltr'>Villacastineusis</span> <span class='ocrx_word' id='word_1_168' title='bbox 2456 2633 2713 2651; x_wconf 89' lang='grc'><strong>..........</strong></span> <span class='ocrx_word' id='word_1_169' title='bbox 2753 2614 2855 2657; x_wconf 81' lang='lat' dir='ltr'>An.</span> <span class='ocrx_word' id='word_1_170' title='bbox 2878 2610 2945 2656; x_wconf 90' lang='lat'>10.</span> 
     </span>
    </p>

    <p class='ocr_par' dir='ltr' id='par_1_11' title="bbox 745 2673 2947 2737">
     <span class='ocr_line' id='line_1_23' title="bbox 745 2673 2947 2737; baseline -0.001 -14"><span class='ocrx_word' id='word_1_171' title='bbox 745 2680 788 2723; x_wconf 85' lang='grc'>2.</span> <span class='ocrx_word' id='word_1_172' title='bbox 811 2679 867 2724; x_wconf 88' lang='grc' dir='ltr'>Ρ.</span> <span class='ocrx_word' id='word_1_173' title='bbox 887 2678 1272 2723; x_wconf 65' lang='lat' dir='ltr'>maximilianus</span> <span class='ocrx_word' id='word_1_174' title='bbox 1291 2677 1573 2733; x_wconf 85' lang='lat' dir='ltr'>Capella...</span> <span class='ocrx_word' id='word_1_175' title='bbox 1640 2704 1680 2722; x_wconf 90' lang='grc'>..</span> <span class='ocrx_word' id='word_1_176' title='bbox 1774 2707 1796 2727; x_wconf 88' lang='grc'>,,</span> <span class='ocrx_word' id='word_1_177' title='bbox 1878 2673 1935 2717; x_wconf 85' lang='grc'>32</span> <span class='ocrx_word' id='word_1_178' title='bbox 1996 2673 2277 2719; x_wconf 74' lang='lat' dir='ltr'>[usulensis</span> <span class='ocrx_word' id='word_1_179' title='bbox 2279 2704 2714 2723; x_wconf 85' lang='grc'><strong>.................</strong></span> <span class='ocrx_word' id='word_1_180' title='bbox 2808 2716 2831 2737; x_wconf 81' lang='lat'><strong>„</strong></span> <span class='ocrx_word' id='word_1_181' title='bbox 2879 2684 2947 2726; x_wconf 85' lang='lat'>10.</span> 
     </span>
    </p>

    <p class='ocr_par' dir='ltr' id='par_1_12' title="bbox 749 2744 2949 2804">
     <span class='ocr_line' id='line_1_24' title="bbox 749 2744 2949 2804; baseline -0.001 -9"><span class='ocrx_word' id='word_1_182' title='bbox 749 2752 792 2795; x_wconf 85' lang='lat'><strong>3.</strong></span> <span class='ocrx_word' id='word_1_183' title='bbox 816 2750 872 2795; x_wconf 91' lang='grc' dir='ltr'>Ρ.</span> <span class='ocrx_word' id='word_1_184' title='bbox 893 2750 1116 2803; x_wconf 79' lang='lat' dir='ltr'>joannes</span> <span class='ocrx_word' id='word_1_185' title='bbox 1136 2750 1378 2794; x_wconf 81' lang='lat' dir='ltr'>Bautista</span> <span class='ocrx_word' id='word_1_186' title='bbox 1401 2748 1681 2793; x_wconf 82' lang='lat' dir='ltr'>Sanchez..</span> <span class='ocrx_word' id='word_1_187' title='bbox 1771 2776 1796 2798; x_wconf 86' lang='grc'>,,</span> <span class='ocrx_word' id='word_1_188' title='bbox 1880 2744 1935 2787; x_wconf 85' lang='grc'>28</span> <span class='ocrx_word' id='word_1_189' title='bbox 1991 2746 2271 2793; x_wconf 85' lang='lat' dir='ltr'>Toletanus</span> <span class='ocrx_word' id='word_1_190' title='bbox 2275 2777 2715 2795; x_wconf 89' lang='grc'><strong>.................</strong></span> <span class='ocrx_word' id='word_1_191' title='bbox 2806 2784 2830 2804; x_wconf 80' lang='grc'>,,</span> <span class='ocrx_word' id='word_1_192' title='bbox 2904 2750 2949 2793; x_wconf 89' lang='grc'><strong>6.</strong></span> 
     </span>
    </p>

    <p class='ocr_par' dir='ltr' id='par_1_13' title="bbox 739 2816 2973 2876">
     <span class='ocr_line' id='line_1_25' title="bbox 739 2816 2973 2876; baseline 0 -12"><span class='ocrx_word' id='word_1_193' title='bbox 739 2824 782 2867; x_wconf 75' lang='grc'>4.</span> <span class='ocrx_word' id='word_1_194' title='bbox 805 2822 861 2867; x_wconf 89' lang='lat' dir='ltr'>P.</span> <span class='ocrx_word' id='word_1_195' title='bbox 883 2822 1107 2876; x_wconf 83' lang='lat' dir='ltr'>Jacobus</span> <span class='ocrx_word' id='word_1_196' title='bbox 1130 2821 1310 2867; x_wconf 88' lang='lat' dir='ltr'>Duran</span> <span class='ocrx_word' id='word_1_197' title='bbox 1319 2848 1576 2867; x_wconf 84' lang='grc'><strong>..........</strong></span> <span class='ocrx_word' id='word_1_198' title='bbox 1588 2846 1681 2863; x_wconf 91' lang='grc'><strong>....</strong></span> <span class='ocrx_word' id='word_1_199' title='bbox 1773 2850 1796 2868; x_wconf 84' lang='grc'>,.</span> <span class='ocrx_word' id='word_1_200' title='bbox 1879 2816 1935 2860; x_wconf 87' lang='grc'>35</span> <span class='ocrx_word' id='word_1_201' title='bbox 1992 2818 2331 2863; x_wconf 71' lang='lat' dir='ltr'>Emeritensis</span> <span class='ocrx_word' id='word_1_202' title='bbox 2332 2848 2715 2866; x_wconf 91' lang='grc'><strong>...............</strong></span> <span class='ocrx_word' id='word_1_203' title='bbox 2750 2822 2910 2867; x_wconf 68' lang='lat' dir='ltr'>Meus.</span> <span class='ocrx_word' id='word_1_204' title='bbox 2928 2821 2973 2865; x_wconf 93' lang='grc'>3.</span> 
     </span>
    </p>

    <p class='ocr_par' dir='ltr' id='par_1_14' title="bbox 745 2888 2949 2946">
     <span class='ocr_line' id='line_1_26' title="bbox 745 2888 2949 2946; baseline -0.001 -8"><span class='ocrx_word' id='word_1_205' title='bbox 745 2894 788 2937; x_wconf 88' lang='grc'><strong>5.</strong></span> <span class='ocrx_word' id='word_1_206' title='bbox 809 2894 866 2938; x_wconf 87' lang='grc' dir='ltr'>Ρ.</span> <span class='ocrx_word' id='word_1_207' title='bbox 887 2894 980 2937; x_wconf 88' lang='lat' dir='ltr'>Dr.</span> <span class='ocrx_word' id='word_1_208' title='bbox 1003 2893 1232 2938; x_wconf 85' lang='lat' dir='ltr'>Didacus</span> <span class='ocrx_word' id='word_1_209' title='bbox 1253 2892 1472 2937; x_wconf 85' lang='lat' dir='ltr'>castillo</span> <span class='ocrx_word' id='word_1_210' title='bbox 1481 2918 1682 2936; x_wconf 88' lang='grc'><strong>........</strong></span> <span class='ocrx_word' id='word_1_211' title='bbox 1773 2920 1796 2941; x_wconf 82' lang='grc'>,,</span> <span class='ocrx_word' id='word_1_212' title='bbox 1878 2888 1934 2931; x_wconf 84' lang='grc'>33</span> <span class='ocrx_word' id='word_1_213' title='bbox 1990 2890 2453 2946; x_wconf 78' lang='lat' dir='ltr'>Guadalajarensis</span> <span class='ocrx_word' id='word_1_214' title='bbox 2460 2920 2715 2937; x_wconf 89' lang='grc'><strong>..........</strong></span> <span class='ocrx_word' id='word_1_215' title='bbox 2754 2896 2853 2938; x_wconf 85' lang='lat' dir='ltr'>An.</span> <span class='ocrx_word' id='word_1_216' title='bbox 2902 2892 2949 2936; x_wconf 97' lang='grc'>3.</span> 
     </span>
    </p>

    <p class='ocr_par' dir='ltr' id='par_1_15' title="bbox 746 2959 2952 3019">
     <span class='ocr_line' id='line_1_27' title="bbox 746 2959 2952 3019; baseline 0 -10"><span class='ocrx_word' id='word_1_217' title='bbox 746 2965 788 3009; x_wconf 88' lang='grc'>6.</span> <span class='ocrx_word' id='word_1_218' title='bbox 808 2965 862 3009; x_wconf 94' lang='grc' dir='ltr'>Ρ.</span> <span class='ocrx_word' id='word_1_219' title='bbox 885 2965 1128 3009; x_wconf 79' lang='lat' dir='ltr'>Andreas</span> <span class='ocrx_word' id='word_1_220' title='bbox 1157 2964 1413 3009; x_wconf 82' lang='lat' dir='ltr'>Gonzalez</span> <span class='ocrx_word' id='word_1_221' title='bbox 1422 2990 1680 3008; x_wconf 90' lang='grc'><strong>..........</strong></span> <span class='ocrx_word' id='word_1_222' title='bbox 1773 2993 1796 3013; x_wconf 79' lang='grc'>,,</span> <span class='ocrx_word' id='word_1_223' title='bbox 1880 2959 1935 3003; x_wconf 83' lang='grc'>23</span> <span class='ocrx_word' id='word_1_224' title='bbox 1990 2961 2395 3018; x_wconf 81' lang='lat' dir='ltr'>Methymnensis</span> <span class='ocrx_word' id='word_1_225' title='bbox 2404 2992 2714 3008; x_wconf 91' lang='grc'><strong>............</strong></span> <span class='ocrx_word' id='word_1_226' title='bbox 2804 3000 2828 3019; x_wconf 86' lang='grc'>,,</span> <span class='ocrx_word' id='word_1_227' title='bbox 2908 2965 2952 3009; x_wconf 87' lang='grc'>3.</span> 
     </span>
    </p>

    <p class='ocr_par' dir='ltr' id='par_1_16' title="bbox 713 3032 3193 3661">
     <span class='ocr_line' id='line_1_28' title="bbox 747 3032 3193 3093; baseline -0.001 -13"><span class='ocrx_word' id='word_1_228' title='bbox 747 3038 792 3081; x_wconf 93' lang='grc'>7.</span> <span class='ocrx_word' id='word_1_229' title='bbox 816 3037 873 3080; x_wconf 91' lang='grc' dir='ltr'>Ρ.</span> <span class='ocrx_word' id='word_1_230' title='bbox 896 3036 1240 3093; x_wconf 81' lang='lat' dir='ltr'>Hieronymus</span> <span class='ocrx_word' id='word_1_231' title='bbox 1260 3037 1322 3079; x_wconf 89' lang='lat' dir='ltr'>de</span> <span class='ocrx_word' id='word_1_232' title='bbox 1345 3034 1552 3079; x_wconf 85' lang='lat' dir='ltr'>Cuenca</span> <span class='ocrx_word' id='word_1_233' title='bbox 1562 3062 1682 3079; x_wconf 91' lang='grc'><strong>.....</strong></span> <span class='ocrx_word' id='word_1_234' title='bbox 1775 3066 1797 3085; x_wconf 85' lang='grc'>,,</span> <span class='ocrx_word' id='word_1_235' title='bbox 1879 3032 1935 3076; x_wconf 87' lang='grc'>28</span> <span class='ocrx_word' id='word_1_236' title='bbox 2317 3067 2340 3085; x_wconf 76' lang='lat'><strong>„</strong></span> <span class='ocrx_word' id='word_1_237' title='bbox 2803 3070 2826 3091; x_wconf 93' lang='lat'><strong>„</strong></span> <span class='ocrx_word' id='word_1_238' title='bbox 2906 3036 2951 3089; x_wconf 83' lang='grc'>2,</span> <span class='ocrx_word' id='word_1_239' title='bbox 2971 3046 3114 3080; x_wconf 86' lang='lat' dir='ltr'>meus</span> <span class='ocrx_word' id='word_1_240' title='bbox 3131 3036 3193 3082; x_wconf 46' lang='grc' dir='ltr'>3ᾗ</span> 
     </span>
     <span class='ocr_line' id='line_1_29' title="bbox 741 3104 3178 3162; baseline -0.004 -10"><span class='ocrx_word' id='word_1_241' title='bbox 741 3108 784 3152; x_wconf 88' lang='grc'>8.</span> <span class='ocrx_word' id='word_1_242' title='bbox 805 3108 895 3153; x_wconf 87' lang='lat' dir='ltr'>Fr.</span> <span class='ocrx_word' id='word_1_243' title='bbox 914 3108 1142 3152; x_wconf 85' lang='lat' dir='ltr'>Didacus</span> <span class='ocrx_word' id='word_1_244' title='bbox 1162 3108 1224 3151; x_wconf 89' lang='lat' dir='ltr'>de</span> <span class='ocrx_word' id='word_1_245' title='bbox 1247 3109 1445 3151; x_wconf 85' lang='lat' dir='ltr'>Acosta</span> <span class='ocrx_word' id='word_1_246' title='bbox 1453 3133 1682 3150; x_wconf 90' lang='grc'><strong>.........</strong></span> <span class='ocrx_word' id='word_1_247' title='bbox 1773 3137 1796 3157; x_wconf 81' lang='lat'><strong>„</strong></span> <span class='ocrx_word' id='word_1_248' title='bbox 1880 3104 1935 3147; x_wconf 88' lang='lat'>19</span> <span class='ocrx_word' id='word_1_249' title='bbox 2314 3140 2337 3160; x_wconf 79' lang='lat'><em>„</em></span> <span class='ocrx_word' id='word_1_250' title='bbox 2804 3140 2829 3161; x_wconf 41' lang='grc' dir='ltr'>ἢ</span> <span class='ocrx_word' id='word_1_251' title='bbox 2911 3110 2952 3162; x_wconf 71' lang='lat'>1,</span> <span class='ocrx_word' id='word_1_252' title='bbox 3028 3138 3053 3159; x_wconf 81' lang='lat'><strong>„</strong></span> <span class='ocrx_word' id='word_1_253' title='bbox 3136 3108 3178 3150; x_wconf 81' lang='grc'>4,</span> 
     </span>
     <span class='ocr_line' id='line_1_30' title="bbox 741 3176 3181 3234; baseline -0.001 -12"><span class='ocrx_word' id='word_1_254' title='bbox 741 3179 785 3223; x_wconf 87' lang='grc'>9.</span> <span class='ocrx_word' id='word_1_255' title='bbox 807 3178 894 3223; x_wconf 87' lang='lat' dir='ltr'>Fr.</span> <span class='ocrx_word' id='word_1_256' title='bbox 913 3179 1264 3223; x_wconf 81' lang='lat' dir='ltr'>Bernardinus</span> <span class='ocrx_word' id='word_1_257' title='bbox 1285 3179 1348 3221; x_wconf 86' lang='lat' dir='ltr'>de</span> <span class='ocrx_word' id='word_1_258' title='bbox 1370 3179 1654 3222; x_wconf 58' lang='lat' dir='ltr'>Acestam.</span> <span class='ocrx_word' id='word_1_259' title='bbox 1669 3208 1680 3221; x_wconf 91' lang='lat'><strong>.</strong></span> <span class='ocrx_word' id='word_1_260' title='bbox 1773 3208 1796 3229; x_wconf 81' lang='lat'>‚.,</span> <span class='ocrx_word' id='word_1_261' title='bbox 1884 3176 1934 3219; x_wconf 91' lang='grc'>17</span> <span class='ocrx_word' id='word_1_262' title='bbox 2318 3211 2342 3231; x_wconf 85' lang='grc'>,,</span> <span class='ocrx_word' id='word_1_263' title='bbox 2805 3212 2827 3234; x_wconf 77' lang='lat'><strong>„</strong></span> <span class='ocrx_word' id='word_1_264' title='bbox 2912 3181 2952 3230; x_wconf 84' lang='lat'>1,</span> <span class='ocrx_word' id='word_1_265' title='bbox 3027 3210 3052 3232; x_wconf 87' lang='grc'>,,</span> <span class='ocrx_word' id='word_1_266' title='bbox 3132 3178 3181 3221; x_wconf 87' lang='grc'>3.</span> 
     </span>
     <span class='ocr_line' id='line_1_31' title="bbox 713 3248 3181 3305; baseline -0 -12"><span class='ocrx_word' id='word_1_267' title='bbox 713 3250 783 3295; x_wconf 89' lang='lat'>10.</span> <span class='ocrx_word' id='word_1_268' title='bbox 803 3250 892 3294; x_wconf 89' lang='lat' dir='ltr'>Fr.</span> <span class='ocrx_word' id='word_1_269' title='bbox 914 3250 1106 3305; x_wconf 82' lang='lat' dir='ltr'>Joseph</span> <span class='ocrx_word' id='word_1_270' title='bbox 1126 3251 1188 3294; x_wconf 89' lang='lat' dir='ltr'>de</span> <span class='ocrx_word' id='word_1_271' title='bbox 1208 3254 1482 3293; x_wconf 81' lang='lat' dir='ltr'>Acesta...</span> <span class='ocrx_word' id='word_1_272' title='bbox 1773 3280 1796 3301; x_wconf 84' lang='lat'><em>„</em></span> <span class='ocrx_word' id='word_1_273' title='bbox 1883 3248 1935 3291; x_wconf 90' lang='grc'>13</span> <span class='ocrx_word' id='word_1_274' title='bbox 2322 3282 2345 3303; x_wconf 87' lang='grc'>,,</span> <span class='ocrx_word' id='word_1_275' title='bbox 2805 3285 2829 3305; x_wconf 85' lang='lat'><strong>„</strong></span> <span class='ocrx_word' id='word_1_276' title='bbox 2912 3251 2953 3305; x_wconf 90' lang='lat' dir='ltr'>l,</span> <span class='ocrx_word' id='word_1_277' title='bbox 3028 3282 3053 3305; x_wconf 83' lang='lat'>„</span> <span class='ocrx_word' id='word_1_278' title='bbox 3138 3249 3181 3292; x_wconf 89' lang='lat'><strong>2.</strong></span> 
     </span>
     <span class='ocr_line' id='line_1_32' title="bbox 715 3320 2972 3376; baseline -0.002 -11"><span class='ocrx_word' id='word_1_279' title='bbox 715 3322 783 3368; x_wconf 90' lang='grc'>11.</span> <span class='ocrx_word' id='word_1_280' title='bbox 805 3321 894 3367; x_wconf 88' lang='lat' dir='ltr'>Fr.</span> <span class='ocrx_word' id='word_1_281' title='bbox 915 3320 1322 3376; x_wconf 72' lang='lat' dir='ltr'>christophorus</span> <span class='ocrx_word' id='word_1_282' title='bbox 1351 3321 1412 3364; x_wconf 91' lang='lat' dir='ltr'>de</span> <span class='ocrx_word' id='word_1_283' title='bbox 1433 3321 1683 3364; x_wconf 80' lang='lat' dir='ltr'>Acesta..</span> <span class='ocrx_word' id='word_1_284' title='bbox 1771 3353 1795 3373; x_wconf 84' lang='lat'>„</span> <span class='ocrx_word' id='word_1_285' title='bbox 1878 3320 1929 3363; x_wconf 87' lang='grc'><strong>21</strong></span> <span class='ocrx_word' id='word_1_286' title='bbox 2316 3352 2341 3373; x_wconf 87' lang='grc'>,,</span> <span class='ocrx_word' id='word_1_287' title='bbox 2751 3324 2910 3368; x_wconf 70' lang='lat' dir='ltr'>Mens.</span> <span class='ocrx_word' id='word_1_288' title='bbox 2929 3322 2972 3366; x_wconf 73' lang='grc'><strong>4.</strong></span> 
     </span>
     <span class='ocr_line' id='line_1_33' title="bbox 716 3390 3177 3447; baseline -0.002 -10"><span class='ocrx_word' id='word_1_289' title='bbox 716 3393 782 3437; x_wconf 88' lang='grc'>12.</span> <span class='ocrx_word' id='word_1_290' title='bbox 803 3392 892 3437; x_wconf 87' lang='lat' dir='ltr'>Fr.</span> <span class='ocrx_word' id='word_1_291' title='bbox 1202 3391 1392 3436; x_wconf 87' lang='lat' dir='ltr'>Gomez</span> <span class='ocrx_word' id='word_1_292' title='bbox 1402 3420 1683 3437; x_wconf 89' lang='grc'><strong>...........</strong></span> <span class='ocrx_word' id='word_1_293' title='bbox 1773 3424 1796 3445; x_wconf 83' lang='grc'>,,</span> <span class='ocrx_word' id='word_1_294' title='bbox 1880 3392 1934 3435; x_wconf 91' lang='grc'>26</span> <span class='ocrx_word' id='word_1_295' title='bbox 1990 3390 2427 3437; x_wconf 81' lang='lat' dir='ltr'>Poni&#39;erratensis.</span> <span class='ocrx_word' id='word_1_296' title='bbox 2532 3425 2544 3435; x_wconf 82' lang='lat'><strong>.</strong></span> <span class='ocrx_word' id='word_1_297' title='bbox 2652 3426 2657 3435; x_wconf 96' lang='lat'>.</span> <span class='ocrx_word' id='word_1_298' title='bbox 2676 3425 2687 3437; x_wconf 96' lang='lat'>.</span> <span class='ocrx_word' id='word_1_299' title='bbox 2702 3427 2712 3440; x_wconf 91' lang='lat'>.</span> <span class='ocrx_word' id='word_1_300' title='bbox 2752 3396 2851 3439; x_wconf 87' lang='lat' dir='ltr'>An.</span> <span class='ocrx_word' id='word_1_301' title='bbox 2877 3393 2916 3447; x_wconf 91' lang='grc'>1,</span> <span class='ocrx_word' id='word_1_302' title='bbox 2936 3402 3103 3437; x_wconf 82' lang='lat' dir='ltr'>mens.</span> <span class='ocrx_word' id='word_1_303' title='bbox 3125 3392 3177 3433; x_wconf 74' lang='grc'>4.</span> 
     </span>
     <span class='ocr_line' id='line_1_34' title="bbox 721 3461 3179 3519; baseline -0.001 -11"><span class='ocrx_word' id='word_1_304' title='bbox 721 3464 786 3508; x_wconf 91' lang='grc'>13.</span> <span class='ocrx_word' id='word_1_305' title='bbox 809 3463 898 3508; x_wconf 92' lang='lat' dir='ltr'>Fr.</span> <span class='ocrx_word' id='word_1_306' title='bbox 917 3463 1148 3508; x_wconf 74' lang='lat' dir='ltr'>Isidorus</span> <span class='ocrx_word' id='word_1_307' title='bbox 1773 3496 1797 3515; x_wconf 78' lang='grc'>...</span> <span class='ocrx_word' id='word_1_308' title='bbox 1990 3461 2719 3517; x_wconf 82' lang='lat' dir='ltr'>MethymnensisdeRuiseco.</span> <span class='ocrx_word' id='word_1_309' title='bbox 2804 3498 2829 3519; x_wconf 87' lang='lat'><em>„</em></span> <span class='ocrx_word' id='word_1_310' title='bbox 2888 3466 2928 3519; x_wconf 96' lang='grc'>1,</span> <span class='ocrx_word' id='word_1_311' title='bbox 3012 3496 3035 3517; x_wconf 87' lang='lat'><strong>„</strong></span> <span class='ocrx_word' id='word_1_312' title='bbox 3128 3463 3179 3505; x_wconf 79' lang='grc'><strong>4.</strong></span> 
     </span>
     <span class='ocr_line' id='line_1_35' title="bbox 715 3532 3181 3591; baseline -0.001 -12"><span class='ocrx_word' id='word_1_313' title='bbox 715 3537 784 3580; x_wconf 74' lang='lat' dir='ltr'>lei.</span> <span class='ocrx_word' id='word_1_314' title='bbox 805 3535 894 3580; x_wconf 89' lang='lat' dir='ltr'>Fr.</span> <span class='ocrx_word' id='word_1_315' title='bbox 912 3536 1210 3580; x_wconf 84' lang='lat' dir='ltr'>Ludovicus</span> <span class='ocrx_word' id='word_1_316' title='bbox 1229 3535 1292 3579; x_wconf 87' lang='lat' dir='ltr'>de</span> <span class='ocrx_word' id='word_1_317' title='bbox 1311 3534 1515 3579; x_wconf 83' lang='lat' dir='ltr'>Medina</span> <span class='ocrx_word' id='word_1_318' title='bbox 1519 3560 1796 3589; x_wconf 83' lang='lat'>........</span> <span class='ocrx_word' id='word_1_319' title='bbox 1878 3535 1933 3579; x_wconf 79' lang='lat'>27</span> <span class='ocrx_word' id='word_1_320' title='bbox 1990 3532 2397 3589; x_wconf 83' lang='lat' dir='ltr'>Methymnensis</span> <span class='ocrx_word' id='word_1_321' title='bbox 2412 3536 2475 3579; x_wconf 87' lang='lat' dir='ltr'>de</span> <span class='ocrx_word' id='word_1_322' title='bbox 2500 3535 2716 3591; x_wconf 86' lang='lat' dir='ltr'>Campo.</span> <span class='ocrx_word' id='word_1_323' title='bbox 2806 3568 2829 3588; x_wconf 83' lang='grc'>,,</span> <span class='ocrx_word' id='word_1_324' title='bbox 2886 3536 2925 3589; x_wconf 91' lang='grc'>1,</span> <span class='ocrx_word' id='word_1_325' title='bbox 3012 3567 3034 3587; x_wconf 79' lang='lat'><strong><em>„</em></strong></span> <span class='ocrx_word' id='word_1_326' title='bbox 3124 3534 3181 3577; x_wconf 67' lang='lat'>2-</span> 
     </span>
     <span class='ocr_line' id='line_1_36' title="bbox 727 3604 2717 3661; baseline 0 -10"><span class='ocrx_word' id='word_1_327' title='bbox 727 3607 795 3652; x_wconf 89' lang='grc'>15.</span> <span class='ocrx_word' id='word_1_328' title='bbox 813 3608 870 3651; x_wconf 96' lang='grc' dir='ltr'>Ρ.</span> <span class='ocrx_word' id='word_1_329' title='bbox 892 3607 1115 3661; x_wconf 72' lang='lat' dir='ltr'>joannes</span> <span class='ocrx_word' id='word_1_330' title='bbox 1137 3607 1364 3650; x_wconf 81' lang='lat' dir='ltr'>Alvarez</span> <span class='ocrx_word' id='word_1_331' title='bbox 1375 3632 1683 3650; x_wconf 90' lang='grc'><strong>............</strong></span> <span class='ocrx_word' id='word_1_332' title='bbox 1774 3638 1797 3658; x_wconf 85' lang='lat'><strong>„</strong></span> <span class='ocrx_word' id='word_1_333' title='bbox 1993 3604 2337 3651; x_wconf 83' lang='lat' dir='ltr'>Granatensis</span> <span class='ocrx_word' id='word_1_334' title='bbox 2344 3634 2717 3653; x_wconf 88' lang='grc'><strong>..............</strong></span> 
     </span>
    </p>
   </div>
   <div class='ocr_carea' id='block_1_9' title="bbox 701 3838 3191 4758">
    <p class='ocr_par' dir='ltr' id='par_1_17' title="bbox 793 3838 2412 3892">
     <span class='ocr_line' id='line_1_37' title="bbox 793 3838 2412 3892; baseline -0.001 -8"><span class='ocrx_word' id='word_1_335' title='bbox 793 3840 1094 3885; x_wconf 77' lang='lat' dir='ltr'>Postremus</span> <span class='ocrx_word' id='word_1_336' title='bbox 1115 3840 1199 3883; x_wconf 82' lang='lat' dir='ltr'>hic</span> <span class='ocrx_word' id='word_1_337' title='bbox 1219 3839 1512 3883; x_wconf 80' lang='lat' dir='ltr'>Granatam</span> <span class='ocrx_word' id='word_1_338' title='bbox 1531 3838 1848 3883; x_wconf 81' lang='lat' dir='ltr'>valetudinis</span> <span class='ocrx_word' id='word_1_339' title='bbox 1867 3838 2047 3892; x_wconf 75' lang='lat' dir='ltr'>gratia</span> <span class='ocrx_word' id='word_1_340' title='bbox 2072 3838 2259 3883; x_wconf 84' lang='lat' dir='ltr'>missus</span> <span class='ocrx_word' id='word_1_341' title='bbox 2279 3845 2412 3885; x_wconf 81' lang='lat' dir='ltr'>erat.</span> 
     </span>
    </p>

    <p class='ocr_par' dir='ltr' id='par_1_18' title="bbox 714 3909 3177 4039">
     <span class='ocr_line' id='line_1_38' title="bbox 789 3909 3177 3966; baseline -0 -10"><span class='ocrx_word' id='word_1_342' title='bbox 789 3912 847 3956; x_wconf 92' lang='lat' dir='ltr'>P.</span> <span class='ocrx_word' id='word_1_343' title='bbox 869 3913 1067 3966; x_wconf 64' lang='lat' dir='ltr'>Anaoz,</span> <span class='ocrx_word' id='word_1_344' title='bbox 1091 3911 1377 3955; x_wconf 77' lang='lat' dir='ltr'>Memorial</span> <span class='ocrx_word' id='word_1_345' title='bbox 1395 3910 1464 3953; x_wconf 78' lang='lat' dir='ltr'>de</span> <span class='ocrx_word' id='word_1_346' title='bbox 1483 3911 1564 3953; x_wconf 85' lang='lat' dir='ltr'>los</span> <span class='ocrx_word' id='word_1_347' title='bbox 1585 3910 1792 3953; x_wconf 78' lang='lat' dir='ltr'>Padres</span> <span class='ocrx_word' id='word_1_348' title='bbox 1806 3921 1843 3965; x_wconf 79' lang='lat' dir='ltr'><em>y</em></span> <span class='ocrx_word' id='word_1_349' title='bbox 1862 3909 2159 3953; x_wconf 75' lang='lat' dir='ltr'>hermanos</span> <span class='ocrx_word' id='word_1_350' title='bbox 2179 3921 2279 3965; x_wconf 80' lang='lat' dir='ltr'>que</span> <span class='ocrx_word' id='word_1_351' title='bbox 2302 3912 2520 3956; x_wconf 77' lang='lat' dir='ltr'>residem</span> <span class='ocrx_word' id='word_1_352' title='bbox 2542 3924 2607 3957; x_wconf 83' lang='lat' dir='ltr'>en</span> <span class='ocrx_word' id='word_1_353' title='bbox 2629 3913 2679 3957; x_wconf 79' lang='lat' dir='ltr'>el</span> <span class='ocrx_word' id='word_1_354' title='bbox 2700 3912 2904 3966; x_wconf 71' lang='lat' dir='ltr'>Cotegio</span> <span class='ocrx_word' id='word_1_355' title='bbox 2923 3912 2989 3956; x_wconf 83' lang='lat' dir='ltr'>de</span> <span class='ocrx_word' id='word_1_356' title='bbox 3009 3911 3177 3956; x_wconf 71' lang='lat' dir='ltr'>Medi&gt;-</span> 
     </span>
     <span class='ocr_line' id='line_1_39' title="bbox 714 3982 1584 4039; baseline -0.003 -11"><span class='ocrx_word' id='word_1_357' title='bbox 714 3996 792 4028; x_wconf 83' lang='lat' dir='ltr'>na</span> <span class='ocrx_word' id='word_1_358' title='bbox 813 3984 902 4028; x_wconf 80' lang='lat' dir='ltr'>del</span> <span class='ocrx_word' id='word_1_359' title='bbox 923 3984 1133 4039; x_wconf 79' lang='lat' dir='ltr'>Campo.</span> <span class='ocrx_word' id='word_1_360' title='bbox 1156 3982 1478 4027; x_wconf 76' lang='lat' dir='ltr'>Noviembre</span> <span class='ocrx_word' id='word_1_361' title='bbox 1497 3982 1584 4027; x_wconf 75' lang='lat'>54.</span> 
     </span>
    </p>

    <p class='ocr_par' dir='ltr' id='par_1_19' title="bbox 709 4052 3191 4179">
     <span class='ocr_line' id='line_1_40' title="bbox 789 4052 3191 4113; baseline -0.001 -14"><span class='ocrx_word' id='word_1_362' title='bbox 789 4054 962 4099; x_wconf 78' lang='lat' dir='ltr'>Mense</span> <span class='ocrx_word' id='word_1_363' title='bbox 995 4053 1277 4098; x_wconf 78' lang='lat' dir='ltr'>Novembri</span> <span class='ocrx_word' id='word_1_364' title='bbox 1316 4054 1418 4097; x_wconf 89' lang='grc'><strong>1552</strong></span> <span class='ocrx_word' id='word_1_365' title='bbox 1446 4060 1598 4097; x_wconf 83' lang='lat' dir='ltr'>erant</span> <span class='ocrx_word' id='word_1_366' title='bbox 1632 4054 1680 4097; x_wconf 87' lang='lat' dir='ltr'>in</span> <span class='ocrx_word' id='word_1_367' title='bbox 1712 4052 1945 4109; x_wconf 79' lang='lat' dir='ltr'>collegio</span> <span class='ocrx_word' id='word_1_368' title='bbox 1984 4055 2081 4098; x_wconf 81' lang='lat' dir='ltr'>ho:</span> <span class='ocrx_word' id='word_1_369' title='bbox 2116 4054 2497 4113; x_wconf 79' lang='lat' dir='ltr'>Methymnensi</span> <span class='ocrx_word' id='word_1_370' title='bbox 2531 4056 2657 4101; x_wconf 89' lang='lat' dir='ltr'>socii</span> <span class='ocrx_word' id='word_1_371' title='bbox 2687 4056 2876 4111; x_wconf 78' lang='lat' dir='ltr'>viginti</span> <span class='ocrx_word' id='word_1_372' title='bbox 2908 4056 3027 4100; x_wconf 89' lang='lat' dir='ltr'>duo.</span> <span class='ocrx_word' id='word_1_373' title='bbox 3044 4054 3191 4097; x_wconf 85' lang='lat' dir='ltr'>Vide·</span> 
     </span>
     <span class='ocr_line' id='line_1_41' title="bbox 709 4124 1804 4179; baseline -0.001 -9"><span class='ocrx_word' id='word_1_374' title='bbox 709 4126 954 4170; x_wconf 73' lang='lat' dir='ltr'>Litterae</span> <span class='ocrx_word' id='word_1_375' title='bbox 973 4124 1434 4179; x_wconf 76' lang='lat' dir='ltr'>Quadrimestres,</span> <span class='ocrx_word' id='word_1_376' title='bbox 1453 4131 1492 4168; x_wconf 84' lang='lat' dir='ltr'>t.</span> <span class='ocrx_word' id='word_1_377' title='bbox 1515 4136 1568 4177; x_wconf 86' lang='lat'>11,</span> <span class='ocrx_word' id='word_1_378' title='bbox 1593 4135 1716 4179; x_wconf 72' lang='lat' dir='ltr'>pag.</span> <span class='ocrx_word' id='word_1_379' title='bbox 1735 4125 1804 4169; x_wconf 89' lang='grc'>62.</span> 
     </span>
    </p>

    <p class='ocr_par' dir='ltr' id='par_1_20' title="bbox 701 4196 3191 4758">
     <span class='ocr_line' id='line_1_42' title="bbox 789 4196 3181 4253; baseline -0 -11"><span class='ocrx_word' id='word_1_380' title='bbox 789 4197 959 4243; x_wconf 83' lang='lat' dir='ltr'>Valde</span> <span class='ocrx_word' id='word_1_381' title='bbox 992 4205 1168 4243; x_wconf 85' lang='lat' dir='ltr'>tamen</span> <span class='ocrx_word' id='word_1_382' title='bbox 1202 4197 1411 4240; x_wconf 87' lang='lat' dir='ltr'>dubium</span> <span class='ocrx_word' id='word_1_383' title='bbox 1439 4201 1520 4240; x_wconf 90' lang='lat' dir='ltr'>est</span> <span class='ocrx_word' id='word_1_384' title='bbox 1545 4196 1859 4240; x_wconf 63' lang='lat' dir='ltr'>memoriale</span> <span class='ocrx_word' id='word_1_385' title='bbox 1894 4198 2071 4242; x_wconf 84' lang='lat' dir='ltr'>Patris</span> <span class='ocrx_word' id='word_1_386' title='bbox 2106 4199 2306 4252; x_wconf 81' lang='lat' dir='ltr'>Araoz,</span> <span class='ocrx_word' id='word_1_387' title='bbox 2327 4210 2393 4243; x_wconf 82' lang='lat' dir='ltr'>ex</span> <span class='ocrx_word' id='word_1_388' title='bbox 2421 4210 2521 4253; x_wconf 85' lang='lat' dir='ltr'>quo</span> <span class='ocrx_word' id='word_1_389' title='bbox 2554 4200 2952 4253; x_wconf 82' lang='lat' dir='ltr'>praecedentem</span> <span class='ocrx_word' id='word_1_390' title='bbox 2982 4205 3181 4243; x_wconf 81' lang='lat' dir='ltr'>statum</span> 
     </span>
     <span class='ocr_line' id='line_1_43' title="bbox 704 4268 3175 4326; baseline -0 -12"><span class='ocrx_word' id='word_1_391' title='bbox 704 4269 1046 4323; x_wconf 73' lang='lat' dir='ltr'>desumimus,</span> <span class='ocrx_word' id='word_1_392' title='bbox 1063 4269 1220 4313; x_wconf 80' lang='lat' dir='ltr'>fuisse</span> <span class='ocrx_word' id='word_1_393' title='bbox 1241 4268 1337 4312; x_wconf 86' lang='lat' dir='ltr'>hoc</span> <span class='ocrx_word' id='word_1_394' title='bbox 1363 4278 1497 4311; x_wconf 87' lang='lat' dir='ltr'>anno</span> <span class='ocrx_word' id='word_1_395' title='bbox 1513 4268 1649 4312; x_wconf 80' lang='lat'><em>1554</em></span> <span class='ocrx_word' id='word_1_396' title='bbox 1663 4268 1969 4313; x_wconf 84' lang='lat' dir='ltr'>confectum.</span> <span class='ocrx_word' id='word_1_397' title='bbox 1993 4270 2162 4314; x_wconf 83' lang='lat' dir='ltr'>Extat</span> <span class='ocrx_word' id='word_1_398' title='bbox 2184 4270 2318 4313; x_wconf 88' lang='lat' dir='ltr'>enim</span> <span class='ocrx_word' id='word_1_399' title='bbox 2338 4271 2390 4314; x_wconf 77' lang='lat' dir='ltr'>in</span> <span class='ocrx_word' id='word_1_400' title='bbox 2414 4270 2551 4325; x_wconf 81' lang='lat' dir='ltr'>solio,</span> <span class='ocrx_word' id='word_1_401' title='bbox 2568 4272 2713 4326; x_wconf 76' lang='lat' dir='ltr'>cujus</span> <span class='ocrx_word' id='word_1_402' title='bbox 2732 4276 2877 4315; x_wconf 85' lang='lat' dir='ltr'>recta</span> <span class='ocrx_word' id='word_1_403' title='bbox 2896 4282 2987 4314; x_wconf 91' lang='lat' dir='ltr'>seu</span> <span class='ocrx_word' id='word_1_404' title='bbox 3008 4271 3175 4325; x_wconf 79' lang='lat' dir='ltr'>prima</span> 
     </span>
     <span class='ocr_line' id='line_1_44' title="bbox 704 4339 3183 4395; baseline 0 -10"><span class='ocrx_word' id='word_1_405' title='bbox 704 4341 866 4385; x_wconf 80' lang='lat' dir='ltr'>facies</span> <span class='ocrx_word' id='word_1_406' title='bbox 896 4341 1018 4385; x_wconf 88' lang='lat' dir='ltr'>olim</span> <span class='ocrx_word' id='word_1_407' title='bbox 1050 4340 1246 4395; x_wconf 77' lang='lat' dir='ltr'>pagina</span> <span class='ocrx_word' id='word_1_408' title='bbox 1280 4339 1332 4383; x_wconf 87' lang='grc'>15</span> <span class='ocrx_word' id='word_1_409' title='bbox 1359 4340 1634 4393; x_wconf 68' lang='lat' dir='ltr'>designata</span> <span class='ocrx_word' id='word_1_410' title='bbox 1665 4339 1786 4393; x_wconf 77' lang='lat' dir='ltr'>suit,</span> <span class='ocrx_word' id='word_1_411' title='bbox 1809 4347 1994 4395; x_wconf 85' lang='lat' dir='ltr'>postea</span> <span class='ocrx_word' id='word_1_412' title='bbox 2027 4340 2069 4393; x_wconf 89' lang='grc'>8,</span> <span class='ocrx_word' id='word_1_413' title='bbox 2092 4346 2167 4393; x_wconf 89' lang='lat' dir='ltr'>et,</span> <span class='ocrx_word' id='word_1_414' title='bbox 2189 4341 2271 4384; x_wconf 86' lang='lat' dir='ltr'>his</span> <span class='ocrx_word' id='word_1_415' title='bbox 2302 4342 2439 4385; x_wconf 86' lang='lat' dir='ltr'>linea</span> <span class='ocrx_word' id='word_1_416' title='bbox 2472 4353 2629 4395; x_wconf 85' lang='lat' dir='ltr'>super</span> <span class='ocrx_word' id='word_1_417' title='bbox 2665 4343 2820 4386; x_wconf 83' lang='lat' dir='ltr'>ducta</span> <span class='ocrx_word' id='word_1_418' title='bbox 2855 4342 3183 4394; x_wconf 70' lang='lat' dir='ltr'>cancellatis,</span> 
     </span>
     <span class='ocr_line' id='line_1_45' title="bbox 703 4411 3178 4468; baseline -0.001 -9"><span class='ocrx_word' id='word_1_419' title='bbox 703 4426 834 4459; x_wconf 88' lang='lat' dir='ltr'>nunc</span> <span class='ocrx_word' id='word_1_420' title='bbox 854 4415 896 4468; x_wconf 89' lang='lat'>7;</span> <span class='ocrx_word' id='word_1_421' title='bbox 917 4425 1074 4458; x_wconf 83' lang='lat' dir='ltr'>versa</span> <span class='ocrx_word' id='word_1_422' title='bbox 1096 4423 1238 4467; x_wconf 81' lang='lat' dir='ltr'>vero,</span> <span class='ocrx_word' id='word_1_423' title='bbox 1260 4424 1352 4457; x_wconf 87' lang='lat' dir='ltr'>seu</span> <span class='ocrx_word' id='word_1_424' title='bbox 1373 4412 1621 4465; x_wconf 75' lang='lat' dir='ltr'>secunda,</span> <span class='ocrx_word' id='word_1_425' title='bbox 1643 4411 1946 4465; x_wconf 79' lang='lat' dir='ltr'>designatur</span> <span class='ocrx_word' id='word_1_426' title='bbox 1976 4423 2097 4468; x_wconf 78' lang='lat' dir='ltr'>pag.</span> <span class='ocrx_word' id='word_1_427' title='bbox 2120 4413 2171 4467; x_wconf 74' lang='lat'>83</span> <span class='ocrx_word' id='word_1_428' title='bbox 2194 4420 2245 4457; x_wconf 88' lang='lat' dir='ltr'>et</span> <span class='ocrx_word' id='word_1_429' title='bbox 2280 4413 2331 4457; x_wconf 91' lang='lat' dir='ltr'>in</span> <span class='ocrx_word' id='word_1_430' title='bbox 2362 4414 2461 4457; x_wconf 84' lang='lat' dir='ltr'>hac</span> <span class='ocrx_word' id='word_1_431' title='bbox 2490 4415 2519 4457; x_wconf 86' lang='lat'>8</span> <span class='ocrx_word' id='word_1_432' title='bbox 2546 4422 2625 4459; x_wconf 88' lang='lat' dir='ltr'>est</span> <span class='ocrx_word' id='word_1_433' title='bbox 2648 4414 2965 4459; x_wconf 78' lang='lat' dir='ltr'>Memoriale</span> <span class='ocrx_word' id='word_1_434' title='bbox 2996 4425 3178 4468; x_wconf 85' lang='lat' dir='ltr'>supra-</span> 
     </span>
     <span class='ocr_line' id='line_1_46' title="bbox 705 4482 3185 4541; baseline -0.002 -9"><span class='ocrx_word' id='word_1_435' title='bbox 705 4487 899 4531; x_wconf 86' lang='lat' dir='ltr'>dictum</span> <span class='ocrx_word' id='word_1_436' title='bbox 919 4498 1034 4531; x_wconf 88' lang='lat' dir='ltr'>cum</span> <span class='ocrx_word' id='word_1_437' title='bbox 1053 4484 1134 4529; x_wconf 84' lang='lat' dir='ltr'>his</span> <span class='ocrx_word' id='word_1_438' title='bbox 1155 4483 1208 4528; x_wconf 86' lang='lat' dir='ltr'>in</span> <span class='ocrx_word' id='word_1_439' title='bbox 1227 4485 1398 4539; x_wconf 86' lang='lat' dir='ltr'>capite</span> <span class='ocrx_word' id='word_1_440' title='bbox 1417 4484 1593 4527; x_wconf 83' lang='lat' dir='ltr'>verbis</span> <span class='ocrx_word' id='word_1_441' title='bbox 1611 4482 1732 4527; x_wconf 57' lang='lat' dir='ltr'>Nos</span> <span class='ocrx_word' id='word_1_442' title='bbox 1759 4483 1896 4529; x_wconf 81' lang='lat'><em>1554</em></span> <span class='ocrx_word' id='word_1_443' title='bbox 1926 4485 2108 4529; x_wconf 81' lang='lat' dir='ltr'>eadem</span> <span class='ocrx_word' id='word_1_444' title='bbox 2126 4496 2280 4529; x_wconf 83' lang='lat' dir='ltr'>manu</span> <span class='ocrx_word' id='word_1_445' title='bbox 2303 4485 2477 4530; x_wconf 87' lang='lat' dir='ltr'>Patris</span> <span class='ocrx_word' id='word_1_446' title='bbox 2504 4486 2857 4530; x_wconf 84' lang='lat' dir='ltr'>Emmanuelis</span> <span class='ocrx_word' id='word_1_447' title='bbox 2875 4486 3045 4541; x_wconf 86' lang='lat' dir='ltr'>Lopez</span> <span class='ocrx_word' id='word_1_448' title='bbox 3062 4518 3073 4533; x_wconf 84' lang='lat'>.</span> <span class='ocrx_word' id='word_1_449' title='bbox 3090 4486 3185 4540; x_wconf 65' lang='lat' dir='ltr'>qm*</span> 
     </span>
     <span class='ocr_line' id='line_1_47' title="bbox 702 4555 3188 4614; baseline -0.001 -11"><span class='ocrx_word' id='word_1_450' title='bbox 702 4564 917 4603; x_wconf 82' lang='lat' dir='ltr'>caetera</span> <span class='ocrx_word' id='word_1_451' title='bbox 937 4558 1146 4613; x_wconf 82' lang='lat' dir='ltr'>scripsit</span> <span class='ocrx_word' id='word_1_452' title='bbox 1162 4589 1174 4609; x_wconf 91' lang='lat'>,</span> <span class='ocrx_word' id='word_1_453' title='bbox 1191 4556 1440 4600; x_wconf 85' lang='lat' dir='ltr'>exaratis.</span> <span class='ocrx_word' id='word_1_454' title='bbox 1464 4555 1660 4600; x_wconf 87' lang='lat' dir='ltr'>Verum</span> <span class='ocrx_word' id='word_1_455' title='bbox 1682 4556 1750 4600; x_wconf 82' lang='lat'><strong>1.⁰</strong></span> <span class='ocrx_word' id='word_1_456' title='bbox 1770 4556 1955 4601; x_wconf 85' lang='lat' dir='ltr'>Mirum</span> <span class='ocrx_word' id='word_1_457' title='bbox 1977 4562 2058 4601; x_wconf 87' lang='lat' dir='ltr'>est</span> <span class='ocrx_word' id='word_1_458' title='bbox 2078 4556 2395 4601; x_wconf 73' lang='lat' dir='ltr'>Memoriale</span> <span class='ocrx_word' id='word_1_459' title='bbox 2416 4560 2513 4602; x_wconf 84' lang='lat' dir='ltr'>hoc</span> <span class='ocrx_word' id='word_1_460' title='bbox 2537 4557 2753 4613; x_wconf 75' lang='lat' dir='ltr'>Collegii</span> <span class='ocrx_word' id='word_1_461' title='bbox 2772 4558 3188 4614; x_wconf 72' lang='lat' dir='ltr'>Methymneusis</span> 
     </span>
     <span class='ocr_line' id='line_1_48' title="bbox 701 4627 3174 4685; baseline -0.001 -10"><span class='ocrx_word' id='word_1_462' title='bbox 701 4631 965 4685; x_wconf 85' lang='lat' dir='ltr'>pertinere</span> <span class='ocrx_word' id='word_1_463' title='bbox 998 4629 1065 4674; x_wconf 85' lang='lat' dir='ltr'>ad</span> <span class='ocrx_word' id='word_1_464' title='bbox 1100 4640 1289 4673; x_wconf 84' lang='lat' dir='ltr'>annum</span> <span class='ocrx_word' id='word_1_465' title='bbox 1321 4628 1394 4677; x_wconf 75' lang='grc'>54.</span> <span class='ocrx_word' id='word_1_466' title='bbox 1417 4638 1532 4671; x_wconf 87' lang='lat' dir='ltr'>cum</span> <span class='ocrx_word' id='word_1_467' title='bbox 1553 4627 1873 4672; x_wconf 71' lang='lat' dir='ltr'>Memoriate</span> <span class='ocrx_word' id='word_1_468' title='bbox 1895 4628 2326 4672; x_wconf 80' lang='lat' dir='ltr'>salmanticensis</span> <span class='ocrx_word' id='word_1_469' title='bbox 2360 4628 2605 4684; x_wconf 81' lang='lat' dir='ltr'>collegii,</span> <span class='ocrx_word' id='word_1_470' title='bbox 2630 4630 2762 4685; x_wconf 89' lang='lat' dir='ltr'>quod</span> <span class='ocrx_word' id='word_1_471' title='bbox 2794 4636 2876 4674; x_wconf 86' lang='lat' dir='ltr'>est</span> <span class='ocrx_word' id='word_1_472' title='bbox 2904 4630 2955 4674; x_wconf 84' lang='lat' dir='ltr'>in</span> <span class='ocrx_word' id='word_1_473' title='bbox 2990 4630 3174 4685; x_wconf 82' lang='lat' dir='ltr'>prima,</span> 
     </span>
     <span class='ocr_line' id='line_1_49' title="bbox 703 4699 3191 4758; baseline -0 -12"><span class='ocrx_word' id='word_1_474' title='bbox 703 4714 796 4747; x_wconf 86' lang='lat' dir='ltr'>seu</span> <span class='ocrx_word' id='word_1_475' title='bbox 817 4702 861 4755; x_wconf 94' lang='grc'>7,</span> <span class='ocrx_word' id='word_1_476' title='bbox 885 4702 1110 4757; x_wconf 80' lang='lat' dir='ltr'>ejusdem</span> <span class='ocrx_word' id='word_1_477' title='bbox 1135 4700 1242 4744; x_wconf 80' lang='lat' dir='ltr'>folii</span> <span class='ocrx_word' id='word_1_478' title='bbox 1265 4700 1458 4754; x_wconf 80' lang='lat' dir='ltr'>pagina</span> <span class='ocrx_word' id='word_1_479' title='bbox 1492 4699 1675 4744; x_wconf 86' lang='lat' dir='ltr'>eadem</span> <span class='ocrx_word' id='word_1_480' title='bbox 1706 4710 1860 4743; x_wconf 85' lang='lat' dir='ltr'>mauu</span> <span class='ocrx_word' id='word_1_481' title='bbox 1893 4700 2190 4753; x_wconf 82' lang='lat' dir='ltr'>eodemque,</span> <span class='ocrx_word' id='word_1_482' title='bbox 2225 4707 2281 4744; x_wconf 89' lang='lat' dir='ltr'>ut</span> <span class='ocrx_word' id='word_1_483' title='bbox 2304 4712 2368 4743; x_wconf 82' lang='lat' dir='ltr'>ex</span> <span class='ocrx_word' id='word_1_484' title='bbox 2398 4702 2631 4746; x_wconf 85' lang='lat' dir='ltr'>omnibus</span> <span class='ocrx_word' id='word_1_485' title='bbox 2660 4701 2919 4758; x_wconf 86' lang='lat' dir='ltr'>adjunctis</span> <span class='ocrx_word' id='word_1_486' title='bbox 2945 4707 3191 4756; x_wconf 68' lang='lat' dir='ltr'>apparet,</span> 
     </span>
    </p>
   </div>
   <div class='ocr_carea' id='block_1_10' title="bbox 3721 1944 3727 4035">
    <p class='ocr_par' dir='ltr' id='par_1_21' title="bbox 3721 1944 3727 4035">
     <span class='ocr_line' id='line_1_50' title="bbox 3721 1944 3727 4035; baseline 0 0"><span class='ocrx_word' id='word_1_487' title='bbox 3721 1944 3727 4035; x_wconf 95' lang='lat' dir='ltr'> </span> 
     </span>
    </p>
   </div>
  </div>
 </body>
</html>
