3742 5392
786 482 893 539 142
942 493 948 501 ·
1702 482 1960 541 Cunox.
2005 480 2156 541 Soc.
2199 483 2340 555 jes.

778 642 1003 703 gnam
1034 625 1178 689 vim
1207 626 1547 689 librorum
1571 626 1641 689 in
1676 626 2086 690 Lusitanica
2117 628 2358 705 lingua
2388 627 2816 708 scriptorum
2851 626 2866 657 ¹
2901 636 2969 690 et
2999 627 3057 690 F
3060 644 3257 691 erra-

788 733 937 803 riae
966 750 1181 813 opera
1224 733 1656 814 aliquorum,
1694 735 1814 815 qui
1854 732 2119 797 Christi
2163 732 2372 797 fidem
2425 735 2962 814 abnegaverant
3015 732 3254 815 [edito-

784 838 967 920 rum]
999 848 1069 902 et
1097 840 1217 920 qui
1246 840 1589 903 orientem
1620 858 1871 903 versus
1901 842 2244 903 mittenda
2285 850 2520 915 erant,
2555 840 3040 920 deprehendit,
3068 856 3253 921 quae

788 947 1169 1026 pessimam
1198 948 1414 1009 etiam
1449 948 1847 1011 doctrinam
1892 948 2381 1021 continebant;
2417 958 2487 1010 et
2536 949 2813 1027 aliquos
2851 965 2942 1010 ex
2968 947 3078 1010 his
3119 945 3254 1011 Ro-

786 1069 975 1115 mam
1004 1053 1095 1115 ad
1124 1053 1587 1133 Inquisitores
1618 1054 1835 1131 misit;
1869 1054 2130 1117 missus
2159 1062 2266 1116 est
2296 1064 2364 1117 et
2395 1054 2716 1135 quidam,
2751 1054 2870 1134 qui
2900 1072 2990 1117 ex
3021 1054 3254 1135 huJus·

786 1160 977 1223 modi
1006 1158 1031 1191 ·
1059 1159 1269 1223 fidem
1299 1161 1787 1240 abnegaverat
1827 1178 1918 1223 ex
1957 1160 2205 1223 eadem
2245 1160 2553 1238 natione,
2595 1162 2716 1241 qui
2753 1160 3118 1224 Ecclesiae
3148 1178 3250 1223 re-

778 1267 1155 1330 conciliari
1183 1267 1512 1347 cupiebat
1553 1266 1598 1325 ³.

903 1372 1045 1438 283.
1132 1374 1484 1453 Pergebat
1516 1375 1972 1438 nihilominus
2004 1376 2078 1438 in
2100 1374 2366 1440 Sacrae
2395 1374 2805 1454 Scripturae
2829 1374 3252 1438 lectionibus

784 1497 949 1543 cum
976 1480 1324 1561 frequenti
1357 1492 1426 1543 et
1476 1482 1692 1545 nobili
1742 1481 2126 1561 auditorio,
2163 1500 2322 1545 cum
2361 1498 2644 1561 semper
2677 1482 2958 1545 adesset
2987 1490 3058 1544 et
3094 1480 3253 1561 Epi·

784 1605 1045 1669 scopus
1102 1600 1170 1651 et
1256 1588 1675 1667 vicegerens
1702 1638 1716 1667 ,
1784 1598 1851 1651 et
1917 1590 2420 1668 magistratuS,
2483 1600 2554 1653 et
2605 1588 2825 1669 aliqui
2889 1588 3102 1651 etiam
3159 1606 3250 1651 ex

790 1695 1120 1759 hebraeis
1158 1695 1490 1773 eruditiS,
1522 1696 1644 1775 qui
1672 1695 2019 1759 Anconae
2072 1697 2565 1759 versabantur.
2600 1696 2976 1759 Lectiones
3016 1706 3252 1758 autem

792 1802 864 1863 in
896 1804 1156 1882 templo
1186 1800 1313 1865 Sti.
1366 1802 1424 1865 F
1427 1803 1736 1866 rancisci
1757 1848 1771 1876 ,
1820 1802 2010 1883 quod
2040 1804 2112 1865 in
2140 1804 2372 1866 media
2415 1803 2590 1865 urbe
2621 1803 2832 1866 situm
2861 1812 3001 1881 est,
3042 1803 3249 1865 habe·

788 1910 1073 1973 bantur.
1106 1908 1167 1973 N
1174 1927 1255 1972 ec
1278 1910 1583 1973 adversa
1604 1911 1936 1973 valetudo
1965 1921 2089 1973 aut
2113 1910 2616 1990 occupationes
2639 1918 2928 1991 propter
2949 1908 3252 1972 officium

778 2018 875 2078 ab
904 2015 1380 2095 Inquisitionis
1404 2017 1737 2080 tribunali
1761 2016 2150 2096 injunctum
2176 2016 2653 2097 impediebant
2676 2016 3051 2096 quominus
3082 2015 3246 2079 huic

784 2123 1177 2187 ministerio
1219 2124 1422 2186 verbi
1470 2123 1844 2204 diligenter
1875 2132 2202 2201 vacaret;
2237 2134 2306 2186 et
2335 2140 2598 2201 magno
2627 2124 2700 2185 in
2731 2123 2958 2204 pretio
2991 2131 3059 2185 et
3086 2139 3244 2201 gra·
3333 2182 3343 2193 ,

802 2232 899 2292 tia
932 2240 1086 2293 erat
1115 2231 1304 2311 apud
1334 2230 1760 2311 Episcopum
1789 2241 1857 2294 et
1890 2231 2068 2294 alios
2098 2231 2475 2311 primarios
2505 2230 2724 2294 viros

904 2336 1047 2399 284.
1131 2335 1270 2401 Sed
1302 2354 1463 2400 cum
1495 2335 1570 2398 Ρ.
1625 2338 1944 2417 Ignatius
1989 2337 2344 2418 Episcopo
2384 2337 2735 2401 Melitensi
2777 2334 2929 2416 ejus
2959 2352 3250 2417 operam

792 2444 1234 2523 promisisset
1258 2443 1303 2521 ⁴,
1338 2455 1407 2507 et
1446 2443 1516 2506 in
1548 2455 1885 2507 autumno
1927 2462 2010 2507 eo
2061 2444 2135 2507 P.
2184 2444 2626 2508 Bobadillam
2665 2443 2944 2507 mittere
2993 2445 3250 2507 consti·

780 2554 1060 2629 tuisset,
1093 2561 1255 2631 post
1284 2552 1583 2631 pascha,
1618 2560 1998 2631 postquam
2026 2551 2503 2631 quadraginta
2534 2551 2874 2614 lectiones
2895 2568 2988 2613 ex
3016 2550 3248 2613 Evan-

777 2658 967 2737 gelio
997 2655 1123 2721 Sti.
1166 2656 1509 2722 Matthaei
1552 2659 1870 2738 legisset,
1913 2670 1982 2721 et
2013 2658 2480 2737 complurium
2504 2657 2988 2721 confessiones
3017 2657 3248 2721 audis·

780 2775 886 2827 set
906 2812 921 2843 ,
954 2773 1025 2827 et
1052 2782 1182 2828 suo
1212 2765 1427 2828 etiam
1456 2764 1683 2829 officio
1716 2767 1805 2829 ab
1834 2764 2379 2846 Inquisitoribus
2407 2764 2726 2844 injuncto
2758 2764 3250 2841 satisfecisset,

775 2870 1077 2935 Romam
1105 2872 1323 2935 venit.
1359 2871 1721 2952 Optabant
1770 2872 2056 2953 quidem
2085 2889 2246 2935 eum
2287 2871 2702 2935 anconitani
2751 2871 3097 2949 obtinere,
3132 2871 3252 2952 qui

857 3148 875 3179 ¹
930 3147 1037 3192 “La
1057 3159 1240 3203 querna
1262 3148 1343 3192 del
1364 3149 1581 3193 Talmud
1612 3162 1645 3205 y
1663 3151 1898 3204 aqueuos
1927 3150 2089 3194 libros
2109 3160 2172 3192 en
2193 3152 2476 3202 portugues
2495 3160 2559 3191 en
2582 3150 2630 3192 el
2656 3150 2842 3204 jueves
2877 3159 3061 3203 grasso
3081 3148 3252 3193 habra

771 3218 885 3264 sido
914 3221 1084 3264 buena
1103 3220 1255 3264 fiesta
1274 3223 1381 3265 alla
1410 3234 1445 3277 y
1466 3224 1563 3265 aca
1586 3221 1817 3266 tambien
1834 3223 1886 3265 10
1907 3231 1962 3265 es
1996 3232 2028 3275 y
2050 3232 2142 3265 noa
2171 3221 2415 3264 cousuela
2434 3223 2467 3264 a
2487 3220 2636 3264 todos
2668 3220 2722 3263 in
2753 3219 2883 3264 Duo.
2900 3219 2981 3264 La
3001 3221 3144 3265 tabia
3166 3221 3248 3265 del

774 3292 907 3335 libro
927 3295 1212 3347 portugues
1234 3303 1328 3336 con
1349 3303 1409 3336 su
1428 3293 1567 3337 letra
1589 3305 1644 3336 se
1663 3294 1733 3337 ha
1755 3293 1966 3338 inviado
1985 3294 2040 3337 al
2064 3292 2117 3336 P.
2139 3292 2286 3349 Fray
2303 3291 2535 3347 mizael„
2557 3291 2829 3345 Polancus,
2850 3302 2918 3335 ex
2935 3302 3087 3344 com„
3105 3292 3250 3337 Patri

774 3362 991 3407 Nicolao
1010 3362 1307 3419 Bobadiua,
1331 3364 1383 3407 10
1402 3363 1677 3409 Februarii
1708 3364 1981 3409 1554.-“v.
2005 3364 2066 3407 R.
2087 3375 2306 3419 procui-e
2329 3376 2391 3407 en
2425 3363 2578 3407 tedas
2609 3374 2851 3407 maueras
2881 3363 3160 3409 enviarnos
3183 3376 3250 3407 un

774 3434 907 3478 libro
928 3434 991 3478 de
1012 3434 1092 3478 los
1114 3446 1211 3489 que
1242 3436 1346 3479 han
1368 3436 1620 3489 quemado
1639 3447 1705 3479 en
1732 3438 2035 3491 portugues,
2056 3446 2188 3490 para
2218 3434 2405 3479 enviar
2425 3435 2479 3478 al
2501 3433 2614 3491 Rey
2637 3435 2698 3477 de
2722 3433 2975 3489 Portugal
2995 3447 3032 3492 y
3049 3435 3104 3479 al
3127 3434 3251 3479 Car-

772 3506 928 3550 denal
956 3505 1160 3550 Infante
1190 3506 1499 3561 Inquisidor,
1520 3520 1554 3564 y
1574 3519 1775 3562 aunque
1798 3518 1956 3562 traya
1975 3509 2106 3551 buen
2133 3511 2316 3562 puerto
2335 3506 2455 3561 (sic,
2473 3508 2668 3561 porte),
2685 3516 2751 3550 no
2770 3506 2888 3561 deje
2912 3505 2976 3548 V.
2996 3505 3058 3549 R.
3078 3507 3140 3550 de
3163 3518 3249 3550 en-

774 3578 894 3622 viar
910 3589 980 3622 un
1000 3585 1179 3621 entero
1198 3585 1578 3634 segni-amente,
1600 3590 1793 3633 porque
1815 3580 2086 3634 imperta...
2107 3578 2362 3622 Polancus
2382 3589 2449 3621 ex
2469 3588 2621 3630 com„
2642 3576 2788 3621 Patri
2809 3576 3112 3632 Bobadilla,
3137 3579 3249 3622 sine

771 3648 874 3703 die,
894 3648 985 3693 sed
1002 3648 1137 3693 inter
1162 3649 1213 3693 10
1230 3656 1285 3694 et
1305 3651 1353 3693 11
1376 3648 1649 3694 Februarii
1673 3650 2201 3694 1551.—“Rescivimos
2215 3651 2297 3694 las
2317 3650 2380 3693 de
2402 3650 2452 3693 17
2471 3649 2556 3693 del
2576 3654 2818 3704 presente
2833 3648 2896 3692 de
2919 3648 2982 3692 V.
3008 3648 3085 3703 R..
3107 3662 3143 3706 y
3167 3649 3250 3694 las

766 3730 873 3774 que
891 3721 1011 3765 iban
1030 3732 1162 3777 para
1184 3724 1233 3765 el
1270 3721 1325 3767 P.
1348 3721 1492 3780 Fray
1511 3722 1705 3776 Miguel
1722 3735 1759 3779 y
1778 3733 1840 3766 su
1860 3722 1994 3766 libro
2014 3734 2070 3767 se
2104 3724 2153 3765 le
2174 3722 2354 3766 dieron
2382 3734 2418 3778 y
2439 3725 2577 3776 pago
2597 3722 2659 3765 de
2688 3728 2839 3775 porte
2867 3720 3000 3764 siete
3021 3720 3184 3773 Julios
3213 3734 3248 3778 y

772 3792 957 3851 medio,
977 3803 1073 3848 que
1106 3799 1252 3837 tanto
1285 3794 1431 3847 quiso
1460 3795 1513 3837 la
1535 3793 1692 3837 Posta
1713 3793 1775 3837 de
1795 3792 2025 3838 Venetia
2047 3796 2080 3837 a
2101 3804 2241 3848 peso.
2265 3792 2391 3837 Dice
2421 3794 2468 3836 el
2491 3792 2546 3836 P.
2569 3790 2713 3848 Fray
2733 3790 2923 3846 Miguei
2952 3804 3050 3847 que
3083 3802 3247 3836 seme-

768 3862 943 3916 jantes
970 3865 1225 3909 scrituras
1258 3876 1313 3908 se
1342 3866 1544 3920 pueden
1572 3865 1758 3909 enviar
1778 3876 1874 3909 con
1908 3865 1987 3908 los
2015 3867 2284 3909 naturales
2305 3868 2334 3907 ό
2367 3866 2526 3918 aigun
2554 3864 2846 3919 particular
2873 3874 2970 3917 por
2989 3862 3166 3907 evitat
3193 3864 3248 3908 la

768 3946 928 3989 δραι
944 3936 1009 3979 de
1029 3937 1083 3981 la
1102 3944 1270 3992 posta.
1293 3935 1421 3981 Οτι-ο
1441 3937 1575 3980 libro
1595 3948 1692 3991 que
1714 3936 1946 3991 pedimos
1966 3947 2110 3980 como
2131 3938 2284 3990 aquei
2307 3948 2436 3991 para
2457 3936 2642 3980 enviar
2661 3938 2694 3977 a
2713 3933 2968 3989 Pon-mgni
2983 3934 3050 3979 V.
3066 3935 3128 3980 R.
3150 3946 3243 3979 nos

768 4008 820 4050 1ο
852 4008 1107 4052 mandata
1127 4008 1313 4053 enviar
1342 4019 1438 4053 con
1459 4020 1520 4052 su
1551 4008 1853 4053 comodidad
1875 4012 1904 4051 ό
1935 4010 1984 4051 le
2016 4012 2198 4053 traera
2225 4009 2436 4062 consito
2464 4007 2687 4061 despues
2717 4005 2778 4049 de
2809 4005 3058 4059 Pascua...
3078 4006 3236 4057 Idem.

768 4078 955 4134 eidem,
974 4078 1029 4123 24
1048 4078 1322 4124 Februarii
1346 4080 1464 4124 155⁴.
1482 4079 1628 4135 Fray
1652 4080 1857 4133 usgue!
1877 4086 1994 4124 erat
2017 4079 2106 4123 Fr.
2129 4078 2353 4125 michael
2373 4079 2630 4132 Ghisleri,
2653 4078 2712 4123 0.
2734 4078 2808 4132 P.,
2832 4084 3016 4134 postea
3037 4078 3156 4122 Pius
3178 4077 3242 4121 V.

851 4149 873 4179 ²
929 4148 1013 4193 Sic
1034 4155 1087 4194 et
1108 4148 1295 4194 desunt
1318 4150 1543 4195 fortasse
1568 4152 1737 4194 verba
1756 4150 2019 4194 librorum
2041 4150 2284 4195 lectione.

848 4220 873 4253 ⁸
926 4220 1161 4275 “Quanto
1182 4222 1233 4265 al
1254 4222 1503 4277 portador
1523 4222 1807 4278 (lusitanus
1822 4254 1834 4275 ,
1856 4222 1920 4265 de
1939 4232 2039 4277 quo
2070 4222 2152 4266 hic
2176 4230 2258 4267 est
2291 4224 2482 4273 sermo)
2502 4222 2564 4265 de
2583 4222 2638 4266 la
2668 4222 2899 4278 primera
2917 4220 3188 4277 (epistolae
3211 4231 3244 4264 a

768 4292 879 4337 Βοὴ
889 4292 1053 4338 adina
1072 4294 1301 4348 scriptae
1324 4294 1375 4338 16
1391 4293 1667 4347 januarii).
1690 4294 1740 4337 el
1760 4294 1846 4337 fue
1879 4294 2138 4339 rescibido
2159 4304 2305 4339 como
2335 4294 2568 4349 huesped
2586 4306 2622 4351 y
2641 4304 2698 4337 se
2729 4294 2777 4337 le
2795 4292 2882 4337 dio
2900 4304 3000 4337 uno
3021 4290 3081 4335 de
3102 4302 3243 4345 casa,

764 4374 869 4418 que
888 4365 1042 4419 luego
1070 4366 1117 4408 le
1144 4365 1261 4409 hizo
1290 4365 1480 4409 hablar
1498 4376 1595 4409 con
1625 4367 1702 4409 los
1724 4364 2071 4421 Cardenales,
2093 4368 2125 4409 a
2147 4366 2358 4421 quienes
2387 4366 2599 4410 llevaba
2631 4366 2800 4410 letras
2816 4396 2828 4418 .
2849 4376 2883 4419 y
2903 4375 2970 4421 yo
2988 4364 3036 4407 le
3057 4363 3244 4407 hicela

768 4435 1084 4489 suplicacion
1118 4447 1249 4489 para
1282 4438 1335 4481 la
1356 4436 1775 4491 congregacion,
1796 4438 1901 4493 yle
1936 4436 2114 4481 nemos
2145 4438 2526 4482 encomendado
2546 4440 2580 4480 a
2601 4435 2725 4481 Frai
2753 4434 2969 4490 Miguei.
2993 4446 3028 4489 y
3047 4444 3242 4490 porque

765 4518 835 4550 no
855 4507 925 4551 ha
944 4508 1134 4552 habldo
1154 4509 1311 4553 hasta
1330 4509 1435 4566 hoy
1457 4507 1850 4563 Congregaeion
1866 4541 1878 4564 ,
1899 4520 1964 4552 no
1985 4520 2039 4552 se
2063 4509 2132 4553 ha
2153 4508 2396 4564 espedido
2419 4521 2480 4553 su
2499 4510 2731 4564 negocio,
2757 4519 2880 4563 pero
2900 4508 3004 4564 hoy
3023 4518 3080 4551 se
3100 4516 3244 4560 espe-

768 4578 883 4622 dira
896 4610 908 4632 ,
929 4578 1098 4635 yendo
1117 4590 1217 4626 uno
1237 4580 1299 4624 de
1320 4591 1447 4625 casa
1464 4583 1500 4624 a
1523 4581 1570 4624 le
1592 4582 1912 4634 acompanar
1932 4592 1968 4637 y
1988 4580 2236 4634 solicitat,
2257 4589 2388 4633 etc„
2408 4579 2686 4634 Poimen,
2711 4590 2777 4624 ex
2806 4590 2957 4630 com„
2977 4576 3126 4623 Patri
3154 4576 3198 4621 N
3203 4576 3244 4619 i·

763 4651 917 4694 colao
939 4650 1227 4706 Bobadilla,
1248 4652 1277 4696 5
1294 4652 1470 4697 Martii
1496 4652 1617 4696 155⁴.

849 4722 873 4754 ⁴
930 4720 1061 4765 Vide
1082 4734 1255 4777 supra,
1281 4732 1317 4769 t.
1340 4735 1394 4773 11.
1418 4736 1539 4778 pag.
1560 4725 1629 4777 28,
1654 4738 1700 4768 n.
1721 4725 1790 4768 53.
