3742 5392
1638 484 2054 555 AN.,155⁴.,..
2927 482 3030 543 591

568 629 689 708 qui
718 629 1215 693 detinebantur
1245 630 1495 693 melius
1519 639 2020 721 tractarentur,
2051 640 2124 699 ut
2161 628 2450 709 negotia
2489 629 2770 707 publica
2801 630 3026 705 brevi,

568 736 805 816 quoad
834 736 985 816 eJus
1024 736 1181 801 fieri
1215 747 1477 818 posset,
1525 738 2068 817 expedirentur3
2112 737 2371 817 agebat
2411 736 2626 799 etiam
2665 737 2752 799 de
2792 754 3026 800 mona-

568 843 951 905 steriorum
999 842 1529 922 reformatione,
1581 844 2005 923 praesertim
2055 842 2538 923 Catalauniae,
2600 854 2670 905 et
2725 844 2812 905 de
2871 844 3032 907 aliis

570 950 777 1011 rebus
812 950 903 1013 ad
935 951 1336 1014 universale
1366 951 1645 1014 illorum
1678 967 2064 1030 regnorum
2105 951 2368 1013 bonum
2411 952 2928 1031 spectantibus;
2961 961 3030 1015 et

565 1064 713 1119 tam
744 1068 897 1119 erat
926 1058 1226 1121 sollicita
1256 1058 1329 1121 in
1360 1058 1860 1138 cognoscendo
1911 1075 2091 1137 quae
2128 1057 2355 1136 ipsius
2380 1068 2622 1138 partes
2651 1070 2911 1137 essent,
2954 1070 3028 1123 ut

568 1161 796 1227 officio
828 1180 979 1241 su0,
1012 1165 1284 1227 scilicet
1313 1162 1873 1243 Gubernatricis,
1907 1163 2376 1242 satisfaceret,
2404 1173 2479 1226 ut
2502 1165 2789 1228 omnino
2809 1182 3028 1247 supra

566 1267 719 1347 ejus
750 1288 998 1334 sexum
1028 1282 1098 1335 et
1128 1280 1436 1335 aetatem
1466 1271 1849 1335 videretur.
1889 1268 2283 1334 Postulavit
2311 1281 2551 1334 autem
2579 1288 2664 1335 ea
2698 1289 2739 1333 a
2780 1270 2854 1336 P.
2891 1272 3027 1336 No·

564 1386 716 1439 stro
746 1377 1023 1456 Ignatio
1054 1378 1771 1442 communicationem
1802 1378 2150 1442 bonorum
2179 1394 2474 1459 operum
2502 1376 2878 1441 Societatis
2907 1397 3026 1443 no·

563 1494 779 1561 strae,
815 1496 883 1547 et
914 1496 989 1548 ut
1022 1485 1173 1564 ipse
1204 1504 1245 1548 a
1288 1484 1581 1549 Summo
1627 1482 1965 1547 Pontifice
2010 1484 2424 1563 impetraret
2465 1484 2876 1548 facultatem
2919 1484 3024 1551 Bi-

560 1590 776 1655 bliam
818 1592 887 1653 in
938 1592 1181 1670 lingua
1220 1593 1607 1655 vernacula
1652 1591 1962 1671 legendi:
2015 1591 2343 1672 quamvis
2387 1592 2575 1654 enim
2617 1603 2856 1673 posset
2897 1611 3028 1674 per

564 1698 767 1771 alios,
801 1700 1046 1761 maluit
1075 1717 1203 1779 per
1233 1698 1309 1762 P.
1345 1699 1700 1777 Ignatium
1730 1700 1801 1763 id
1830 1699 2148 1779 obtinere
2183 1698 2224 1757 ¹.
2309 1761 2319 1771 ,

687 1805 863 1868 1257.
952 1806 1347 1887 Episcopus
1376 1804 1777 1880 OvetensiS,
1806 1804 1895 1867 D.
1925 1804 2482 1886 christophorus
2509 1808 2555 1885 ²⁸,
2591 1806 3024 1873 Marchionis

560 1910 835 1991 Deniae
866 1911 889 1942 ³
918 1912 1163 1990 frater,
1196 1913 1316 1993 qui
1347 1924 1591 1992 postea
1617 1911 1707 1975 ad
1732 1911 2266 1977 cordubensem
2296 1910 2342 1990 ⁴,
2370 1923 2439 1976 et
2465 1914 2746 1978 demum
2769 1914 3018 1995 Hispa-

560 2021 829 2083 lensem
859 2020 1234 2083 ecclesiam
1266 2030 1674 2100 assumptus
1701 2019 1853 2097 fuit,
1887 2036 2334 2099 summopere
2365 2022 2742 2100 collegium
2780 2039 2910 2087 sua
2945 2023 3020 2087 in

560 2127 853 2190 civitate
884 2128 1291 2207 expetebat:
1325 2127 1515 2190 misit
1546 2137 1782 2190 autem
1813 2125 1888 2188 P.
1921 2125 2354 2190 Franciscus
2397 2128 2488 2191 ad
2531 2129 2763 2191 locum
2809 2130 3018 2209 inspi-

566 2233 893 2297 ciendum
924 2245 993 2296 et
1024 2234 1167 2297 alia
1195 2232 1602 2297 necessaria
1632 2233 1708 2297 P.
1742 2232 2276 2297 Bustamantem
2305 2234 2512 2297 simul
2545 2252 2707 2299 cum
2735 2236 2823 2299 D.
2856 2237 3022 2301 Fer-

566 2340 877 2404 dinando
906 2340 1103 2404 Tello
1137 2338 1181 2411 ⁸,
1215 2342 1335 2422 qui
1376 2359 1598 2422 nuper
1642 2338 2072 2404 Societatem
2117 2342 2484 2419 ingressus
2526 2354 2701 2419 erat,
2755 2355 2826 2406 et
2873 2347 3020 2425 qui-

556 2448 715 2511 dem
740 2447 1261 2527 peregrinando
1286 2457 1360 2511 ut
1384 2446 1898 2526 indulgentiam
1921 2448 2301 2525 quamdam
2323 2448 2418 2511 ibi
2440 2448 2808 2529 obtineret,
2836 2469 3020 2531 quae

551 2554 851 2633 septimo
882 2572 1160 2635 quoque
1192 2572 1379 2618 anno
1420 2555 1510 2618 ad
1540 2554 1914 2617 ecclesiam
1947 2551 2377 2617 Ovetensem
2399 2556 2726 2620 euntibus
2768 2574 3014 2621 conce-

554 2660 852 2724 debatur
903 2658 926 2691 Β
954 2680 967 2725 :
1023 2661 1390 2741 cogitabat
1440 2671 1676 2724 autem
1726 2660 2126 2740 Episcopus
2183 2660 2532 2741 quaedam
2592 2664 2750 2725 loca
2806 2664 3016 2727 valde

558 2785 860 2831 amoena
889 2779 957 2830 et
988 2784 1293 2847 magnae
1324 2766 1726 2830 devotionis
1764 2766 2104 2830 Societati
2152 2768 2534 2847 applicare,
2583 2770 2709 2833 sed
2746 2771 3013 2834 nullum

556 2894 645 2938 ex
676 2876 781 2937 eis
808 2875 1137 2956 probavit
1167 2873 1245 2938 P.
1276 2874 1756 2948 Bustamante,
1784 2873 1978 2953 quod
2001 2874 2090 2935 ad
2115 2872 2584 2952 frequentiam
2607 2878 2846 2957 populi
2872 2895 3010 2940 non

551 2993 1020 3045 convenirent
1052 2999 1214 3044 cum
1246 2991 1451 3045 extra
1481 2980 1845 3043 civitatem
1887 2990 2143 3055 essent,
2189 2981 2314 3043 sed
2363 2982 2435 3043 in
2484 2982 2786 3062 ipsamet
2838 2984 3010 3047 urbe

550 3088 1069 3153 aedificandum
1101 3106 1255 3152 esse
1287 3088 1681 3165 Collegium
1720 3086 2089 3163 censebat;
2137 3088 2483 3167 quasdam
2525 3099 2762 3153 autem
2802 3092 3008 3155 abba-

550 3196 687 3258 tias
719 3206 837 3259 aut
869 3194 1231 3271 beneficia,
1268 3205 1413 3271 aut,
1456 3194 1518 3255 si
1561 3193 1632 3255 id
1674 3210 1819 3255 non
1864 3193 2128 3269 liceret,
2172 3194 2586 3273 pensionem
2627 3214 2838 3276 super
2883 3215 3014 3261 suo

547 3304 963 3383 episcopatu
983 3302 1343 3383 applicare
1362 3300 1589 3363 bonus
1606 3300 2004 3381 Episcopus
2026 3299 2334 3378 volebat,
2361 3302 2473 3363 vel
2497 3304 2845 3381 quaedam
2874 3306 3016 3369 alia

556 3407 864 3472 vendere
895 3426 1145 3490 parum
1177 3408 1375 3472 utilia
1406 3408 1851 3488 episcopatui
1881 3415 1957 3470 ut
1981 3406 2376 3485 Collegium
2400 3408 2538 3471 hoc
2561 3408 2862 3489 dotaret3
2889 3411 3012 3475 sed

552 3516 626 3578 P.
657 3515 1141 3593 Bustamante,
1171 3526 1548 3596 postquam
1572 3514 2036 3577 concionibus
2058 3514 2280 3577 variis
2305 3514 2666 3582 civitatem
2693 3516 2884 3581 illam
2909 3536 3010 3583 re—

632 3874 646 3901 ¹
710 3868 841 3913 Vide
866 3868 1055 3912 cartas
1070 3868 1135 3911 de
1158 3868 1270 3911 San
1289 3865 1529 3921 IgnaciO,
1550 3875 1593 3911 t.
1617 3877 1690 3918 iv,
1711 3878 1840 3921 pag.
1862 3866 1960 3915 384.
1985 3872 2035 3910 et
2057 3873 2096 3909 t.
2119 3878 2170 3919 v,
2191 3872 2310 3921 pag.
2337 3867 2357 3909 1
2399 3874 2451 3911 et
2495 3868 2586 3913 188.
2621 3868 2747 3913 Alia
2776 3870 2920 3915 dabit
2957 3880 3004 3915 et

544 3942 677 3985 haec
700 3940 983 3994 explicabit
1002 3938 1152 3983 Nova
1176 3939 1357 3982 Series
1376 3938 1691 3981 litterarum
1719 3938 1908 3983 Sancti
1927 3938 2150 3992 Ignatii.

626 4016 647 4044 ‘³
704 4010 1110 4065 christophorus
1131 4011 1192 4053 de
1216 4008 1377 4065 Roias
1398 4015 1449 4053 et
1472 4009 1757 4053 sandoval.
1782 4010 1918 4053 Vide
1939 4020 2115 4065 supra,
2138 4016 2177 4065 t,
2200 4022 2275 4064 ω,
2298 4021 2420 4065 pag.
2438 4010 2536 4055 871.

622 4086 645 4114 ³
700 4083 996 4129 Ludovicus
1015 4082 1079 4125 de
1102 4080 1369 4126 Sandoval
1390 4088 1439 4125 et
1462 4080 1639 4137 Rojas,
1660 4081 1849 4125 tertius
1870 4080 2046 4131 Dianii
2066 4080 2286 4135 (Dema)
2307 4082 2540 4128 Mai-chio
2561 4090 2614 4127 et
2643 4084 2898 4138 Magister
2919 4096 3012 4140 pa-

542 4158 657 4201 latii
681 4155 913 4210 Reginae
935 4154 1183 4206 Joannae,
1208 4152 1383 4197 Caroli
1408 4154 1457 4197 V
1479 4152 1815 4206 Imperatoris
1836 4155 2034 4196 matris.
2061 4153 2193 4197 Vide
2213 4156 2269 4197 in
2287 4156 2368 4199 liis
2403 4154 2683 4200 Historicis
2715 4155 3006 4200 Monumen-

542 4232 609 4273 tis
630 4228 863 4271 Sanctus
884 4224 1211 4268 Franciscus
1232 4224 1454 4277 Bargia,
1474 4231 1511 4267 t.
1534 4236 1568 4279 ι,
1592 4236 1711 4279 pag.
1732 4224 1774 4275 9,
1797 4225 1845 4267 71
1866 4231 1920 4267 et
1947 4224 2035 4268 131.

622 4302 647 4333 ⁴
702 4298 852 4342 Prius
887 4306 1039 4351 quam
1073 4296 1140 4339 ad
1178 4294 1593 4349 Cordubensem,
1634 4297 1925 4340 translatus
1960 4296 2056 4339 fuit
2091 4298 2158 4340 ad
2199 4297 2482 4342 Pacensem
2509 4296 2813 4351 (Badaion)
2847 4300 3007 4342 eccle-

538 4373 689 4416 siam.

618 4444 641 4473 ⁵
697 4440 829 4485 Vide
850 4452 1023 4497 supra.
1046 4453 1165 4496 pag.
1186 4440 1283 4494 491,
1301 4453 1349 4484 n.
1370 4442 1489 4484 1037.

614 4514 639 4545 ⁶
696 4516 1057 4558 Asservantur
1078 4514 1129 4557 in
1152 4514 1374 4557 ecclesia
1398 4512 1646 4557 ovetensi
1667 4523 1958 4567 magnaque
1983 4514 2178 4568 pietate
2199 4514 2436 4557 coluntur
2456 4512 2682 4567 insignes
2698 4512 3006 4559 Sanctorum

540 4586 830 4640 reliquiae,
852 4595 944 4628 nec
968 4594 1169 4639 paucae
1190 4590 1310 4626 sunt
1329 4584 1683 4638 indulgentiae
1709 4584 1996 4627 cameram
2017 4588 2286 4636 sanctam,
2307 4586 2358 4627 in
2393 4594 2496 4632 qua
2533 4582 2744 4627 illarum
2777 4584 3000 4638 reliquia

534 4668 651 4701 rum
676 4668 867 4711 magna
888 4666 1013 4709 pars
1033 4655 1344 4709 custoditur,
1369 4655 1720 4699 visitantibus.
1744 4654 1909 4709 Hujus
1931 4662 2104 4698 tamen
2126 4655 2495 4709 indulgentiae,
2519 4656 2665 4710 cujus
2687 4656 2768 4699 hic
2801 4655 3004 4699 Potu-

533 4740 624 4773 ουκ
646 4729 896 4783 meminit,
916 4726 1097 4771 nullibi
1120 4728 1261 4771 alias
1280 4728 1477 4771 factam
1498 4728 1805 4771 mentionem
1822 4726 2132 4783 reperimus.
