3742 5392
1593 520 1724 578 An.
1765 519 1909 578 1554
2872 513 2981 573 549

511 665 937 743 cognomine
967 665 1290 745 plurimis
1330 666 1404 728 in
1449 667 1709 730 malam
1737 673 2017 745 partem
2046 665 2476 728 innotuerat:
2510 663 2613 726 sic
2642 662 2831 726 enim
2860 661 2977 724 ille

510 771 901 836 dicebatur.
948 771 1156 836 Hunc
1207 787 1382 853 ergo
1424 773 1643 836 frater
1685 773 1802 836 ille
1842 773 1947 836 sic
1986 771 2309 852 urgebat,
2354 782 2431 835 ut
2464 770 2614 851 jam
2655 769 2978 833 Barbosa

511 895 654 942 non
689 879 982 942 haberet
1025 879 1192 960 quid
1229 881 1294 944 ei
1337 880 1822 962 responderet:
1869 879 2131 944 accidit
2163 889 2401 942 autem
2428 886 2528 954 ut,
2563 896 2727 942 cum
2756 879 2973 940 semel

517 986 802 1048 domum
831 984 1092 1049 rediret
1121 987 1330 1050 solito
1355 989 1583 1051 serius
1612 988 1704 1050 ad
1731 987 2133 1068 prandium,
2168 984 2427 1049 ibidem
2455 985 2751 1049 fratrem
2781 984 2979 1048 illum

513 1092 888 1170 inveniret,
922 1093 1041 1173 qui
1065 1093 1296 1174 ipsum
1317 1095 1738 1174 expectabat
1765 1104 1833 1157 et
1863 1093 1953 1156 de
1970 1093 2122 1156 Deo
2148 1093 2213 1156 ei
2242 1092 2432 1173 loqui
2462 1091 2718 1172 coepit:
2754 1092 2979 1154 iratus

514 1208 751 1263 autem
779 1199 1121 1274 Barbosa,
1173 1200 1478 1278 “melius,
1512 1201 1760 1280 inquit,
1791 1201 2070 1264 faceres
2098 1200 2160 1263 si
2188 1198 2615 1264 emundares
2642 1199 2815 1262 mihi
2844 1215 2981 1260 vas

515 1305 686 1369 illud
727 1307 1114 1384 sordidum,
1157 1316 1227 1370 et
1266 1324 1526 1388 aquam
1566 1307 1738 1371 mihi
1777 1307 2005 1371 ferres
2049 1325 2261 1388 quam
2301 1324 2443 1370 non
2479 1306 2731 1380 habeo,
2768 1322 2979 1386 quam

517 1421 592 1476 ut
621 1413 792 1476 talia
821 1414 1013 1494 loqui
1042 1430 1367 1495 pergaS„:
1401 1423 1570 1478 tunc
1599 1413 1820 1478 frater
1850 1415 1988 1478 ille:
2028 1414 2525 1477 “libentissime
2552 1413 2625 1476 id
2652 1412 2976 1491 saciam„:

515 1530 586 1582 et
618 1521 859 1584 statim
899 1531 1194 1601 accepto
1223 1539 1421 1598 vase,
1457 1539 1618 1585 cum
1646 1519 1818 1585 illud
1855 1522 2293 1599 mundasset,
2326 1538 2585 1601 aquam
2625 1522 2839 1584 etiam
2878 1529 2977 1583 tu-

517 1628 616 1689 lit.
651 1626 830 1691 Cum
860 1637 1098 1691 autem
1127 1628 1222 1692 ad
1250 1629 1536 1692 domum
1573 1629 1937 1692 Barbosae
1974 1645 2138 1691 cum
2168 1645 2343 1692 vase
2376 1628 2663 1704 rediret,
2704 1629 2981 1708 ploran-

516 1745 660 1797 tem
683 1734 978 1813 invenit,
1010 1743 1080 1798 et
1105 1735 1481 1799 confusum
1502 1735 1588 1800 de
1612 1736 1744 1814 his,
1771 1754 1955 1817 quae
1986 1735 2289 1815 dixerat,
2322 1743 2392 1799 et
2416 1736 2503 1799 de
2525 1735 2773 1798 fratris
2797 1735 2985 1798 illius

515 1840 888 1919 charitate,
921 1851 989 1904 et
1021 1843 1257 1922 coepit
1285 1853 1576 1922 propter
1606 1842 1838 1906 Deum
1865 1860 2125 1923 rogare
2155 1852 2232 1906 ut
2260 1843 2331 1905 in
2362 1841 2791 1906 Societatem
2822 1859 2985 1905 eum

519 1946 946 2026 admitteret,
982 1957 1058 2012 ut
1100 1949 1606 2031 poenitentiam
1647 1966 1941 2014 suorum
1980 1962 2438 2031 peccatorum
2476 1961 2746 2030 ageret;
2790 1959 2858 2012 et
2886 1949 2985 2012 ita

515 2054 637 2118 diu
665 2055 738 2117 in
768 2055 1004 2119 multis
1031 2057 1370 2136 lacrymis
1399 2066 1466 2119 et
1517 2057 1841 2136 corporis
1892 2057 2361 2137 castigatione
2411 2073 2905 2137 perseveram,
2940 2074 2983 2118 a

519 2162 784 2224 nostris
815 2163 1190 2241 admissuS,
1235 2164 1474 2243 pueris
1513 2165 1882 2244 gentilium
1912 2165 2095 2244 filiiS‚
2138 2165 2258 2245 qui
2296 2181 2383 2227 eo
2422 2165 2495 2228 in
2538 2163 2857 2244 Collegio
2888 2164 2987 2226 in-

517 2269 988 2333 stituebantur
1037 2271 1168 2334 sub
1206 2281 1613 2334 nostrorum
1658 2272 2056 2351 disciplina,
2098 2273 2369 2336 servire
2401 2273 2657 2352 coepit;
2702 2272 2986 2352 quando

518 2384 758 2440 autem
785 2378 902 2440 hic
930 2377 1019 2440 D.
1055 2377 1368 2441 Thomas
1397 2377 1483 2441 de
1511 2377 1690 2442 Sosa
1719 2397 2165 2460 exaggerare
2194 2381 2477 2443 volebat
2506 2378 2809 2444 fratrum
2837 2381 2985 2443 illo-

519 2503 678 2548 rum
705 2486 1064 2564 virtutem,
1100 2485 1308 2566 hujus
1339 2495 1486 2548 tam
1512 2487 1660 2550 noti
1690 2486 1997 2549 hominis
2020 2488 2562 2551 conversionem
2586 2489 2656 2550 in
2682 2489 2989 2552 medium

523 2591 804 2655 adferre
840 2593 1136 2656 solebat.

651 2699 825 2764 1176.
913 2700 1106 2764 Misit
1135 2711 1374 2764 autem
1403 2701 1556 2764 Rex
1585 2703 1858 2765 litteras
1890 2702 1981 2765 ad
2010 2701 2440 2784 Episcopum
2476 2704 2492 2734 ¹
2526 2715 2595 2766 et
2626 2703 2989 2767 Guberna-

525 2817 756 2872 torem
783 2809 1126 2872 Brasiliae
1155 2808 1481 2872 'nostros
1509 2811 1614 2872 eis
1634 2810 2163 2888 commendans,
2192 2819 2262 2873 et
2284 2809 2761 2874 Gubernatori
2790 2829 2987 2892 prae·

524 2917 846 2980 scribens
873 2926 949 2980 ut
972 2917 1211 2980 omnia
1241 2917 1647 2980 necessaria
1680 2919 1771 2981 ad
1799 2917 2097 2998 Collegii
2122 2919 2394 2981 initium
2425 2919 2497 2981 in
2528 2919 2818 2981 civitate
2841 2917 2987 2982 Sal-

529 3025 799 3087 vatoris
828 3025 1224 3104 praeberet;
1254 3024 1588 3106 expedire
1618 3026 1806 3089 enim
1833 3025 2211 3089 videbatur
2240 3035 2338 3103 ut,
2376 3023 2583 3105 juxta
2610 3025 2989 3090 formulam

524 3131 906 3196 Eborensis
935 3141 1002 3195 et
1032 3131 1606 3213 olyssiponensis
1627 3131 1945 3212 Collegii,
1980 3133 2227 3196 tamin
2248 3133 2446 3196 India
2477 3150 2691 3215 quam
2718 3132 2790 3195 in
2818 3133 2981 3196 Bra-

523 3239 707 3314 silia,
741 3239 1042 3317 collegia
1073 3257 1237 3302 cum
1280 3239 1540 3302 scholis
1578 3240 2134 3318 instituerentur,
2176 3247 2247 3302 et
2278 3239 2727 3319 ignorantiae
2756 3257 2985 3304 sacer-

524 3347 768 3410 dotum
798 3364 923 3428 per
953 3348 1330 3410 lectionem
1352 3364 1650 3410 casuum
1671 3348 2151 3410 conscientiae
2180 3349 2692 3426 consuleretur,
2722 3359 2791 3410 et
2820 3348 2986 3411 alio-

525 3471 683 3517 rum
711 3471 838 3534 per
868 3455 1211 3518 lectiones
1252 3455 1782 3535 grammatices;
1826 3473 1958 3519 nec
1998 3453 2277 3519 difficile
2315 3455 2387 3518 id
2427 3455 2580 3519 fore
2610 3455 2986 3519 videbatur

523 3563 738 3625 etiam
770 3563 840 3624 in
877 3561 1180 3626 Brasilia
1220 3564 1289 3627 id
1327 3571 1716 3643 praestare.
1754 3561 1935 3625 Cum
1962 3561 2039 3626 P.
2072 3561 2403 3641 Nobrega
2434 3563 2508 3625 in
2534 3563 2709 3626 Baia
2740 3561 2983 3627 Salva-

525 3670 722 3745 toriS,
756 3671 876 3733 ubi
907 3669 1302 3752 Episcopus
1333 3680 1402 3734 et
1431 3669 1724 3734 Pro-rex
1770 3669 2205 3748 residebant,
2239 3669 2391 3749 ipse
2428 3670 2641 3733 etiam
2673 3669 2987 3734 residere

521 3780 829 3856 deberet,
871 3790 940 3842 et
990 3779 1371 3842 lectionem
1412 3795 1708 3842 casuum
1754 3779 2169 3857 praelegere
2218 3786 2522 3857 poterat:
2577 3777 2697 3840 alii
2748 3787 2986 3842 autem

515 3886 836 3966 juveneS‚
878 3885 1335 3966 praecedenti
1377 3902 1563 3949 anno
1613 3885 1834 3962 missi,
1882 3884 2299 3947 lectionibus
2342 3885 2840 3948 humaniorum
2877 3885 2984 3948 lit·

521 4007 838 4059 terarum
875 3994 1292 4058 satisfacere
1328 4003 1680 4074 poterant.
1727 3992 1925 4056 Goae
1965 3993 2037 4054 in
2078 3991 2275 4054 India
2315 4001 2654 4056 externus
2697 3993 2985 4073 quidam

521 4102 866 4166 hactenus
892 4102 1438 4183 grammaticam
1467 4101 1830 4164 docuerat.
1875 4099 2088 4163 Dedit
2126 4099 2341 4163 etiam
2370 4099 2523 4163 Rex
2552 4111 2837 4164 centum
2866 4118 2980 4163 au·

521 4227 682 4273 reos
732 4219 810 4273 ut
858 4209 1211 4290 quaedam
1259 4209 1527 4272 nostris
1576 4207 2141 4288 brasiliensibuS,
2190 4226 2371 4288 quae
2414 4209 2769 4288 petebant,
2804 4225 2981 4271 eme·

521 4326 792 4381 rentur.

647 4423 823 4486 1177.
911 4423 1313 4488 Cardinalis
1350 4422 1592 4487 Infans
1635 4441 1819 4502 cum,
1868 4433 2151 4504 praeter
2182 4425 2409 4487 zelum
2448 4425 2641 4487 illum
2694 4423 2987 4486 honoris

605 4705 618 4734 ¹
683 4704 862 4748 Petrus
883 4701 1184 4748 Fernandez
1205 4703 1480 4747 Sardinha.

599 4777 622 4808 ἱ
677 4775 978 4820 Eduardum
999 4773 1252 4830 (Duarte)
1271 4775 1336 4819 da
1359 4775 1533 4819 Costa.
1559 4775 1690 4820 Vide
1711 4787 1890 4830 supra.
1916 4784 1951 4819 ι.
1977 4787 2049 4826 ιιι,
2072 4787 2189 4830 pag.
2212 4775 2307 4826 ⁴76,
2332 4787 2503 4820 annot.
2526 4781 2565 4820 ::.
