3742 5392
1826 367 1850 397 t

674 446 781 504 106
1587 440 1842 503 Cimon.
1885 442 2039 505 Soc.
2080 444 2220 516 JES.

667 593 896 655 tinere
924 600 1349 669 tentassent,
1384 589 1597 653 amici
1626 590 1948 669 quidam,
1982 599 2052 652 et
2103 590 2287 653 inter
2337 590 2516 654 alios
2570 590 2910 654 Hercules
2949 590 3144 655 Puri-

669 716 838 777 nuS,
871 698 994 778 qui
1020 698 1204 761 inter
1234 697 1672 777 antiquiores
1700 706 1770 761 et
1810 697 1898 761 de
1946 695 2303 761 Societate
2352 697 2830 761 benemeritos
2881 715 3138 761 connu-

668 805 1055 869 merandus
1084 813 1193 867 est
1223 802 1267 883 ¹,
1292 804 1670 884 pecuniam
1700 803 2039 868 offerebat
2071 804 2163 867 ad
2192 807 2430 867 locum
2457 804 2652 868 illum
2682 803 2807 869 Sti.
2841 805 3139 869 Bernar-

668 913 819 976 dini
849 910 1450 987 concinnandum,
1484 928 1693 991 quem
1714 959 1728 988 ,
1757 921 1831 974 ut
1861 912 2171 975 diximus
2199 910 2255 989 ²,
2289 912 2546 976 medici
2589 913 2945 976 salubrem
2987 912 3140 976 fore

670 1018 1122 1082 affirmabant
1171 1016 1232 1081 si
1282 1017 1758 1081 habitationes
1807 1018 2100 1082 altiores
2137 1026 2207 1081 et
2244 1020 2397 1082 aeri
2435 1018 2827 1099 apertiores
2867 1017 3137 1097 fierent;

673 1126 801 1189 sed
833 1126 969 1189 hoc
1000 1142 1187 1187 anno
1216 1124 1443 1187 nostri
1464 1125 1537 1187 in
1559 1125 1996 1188 conductitia
2025 1125 2234 1188 domo
2263 1133 2835 1205 perseverarunt.
2868 1126 2959 1189 Et
2979 1142 3138 1189 cum

668 1233 761 1297 de
789 1233 1317 1297 Conversarum
1345 1231 1696 1311 spirituali
1727 1249 1902 1325 cura
1932 1232 2392 1313 relinquenda
2423 1251 2466 1296 a
2495 1232 2571 1295 P.
2606 1233 2883 1312 Ignatio
2903 1242 3141 1296 essent

668 1340 1104 1416 commoniti,
1131 1356 1295 1403 cum
1317 1337 1387 1401 id
1410 1338 1780 1402 commode
1802 1338 1956 1403 fieri
1979 1348 2218 1417 posset
2242 1337 2288 1414 ⁸,
2315 1340 2693 1403 videbatur
2713 1339 2790 1404 P.
2815 1339 3141 1420 Philippo

672 1447 744 1512 id
774 1464 931 1511 esse
958 1446 1444 1524 differendum,
1472 1447 1697 1510 donec
1718 1448 1955 1510 locum
1978 1447 2343 1526 proprium
2367 1456 2437 1510 et
2459 1449 2770 1527 aliquam
2793 1456 3142 1511 sustenta-

669 1556 887 1619 tionis
925 1556 1275 1618 rationem
1313 1552 1865 1617 commodiorem
1897 1554 2262 1618 haberent.
2297 1554 2444 1617 Nec
2473 1555 2664 1618 enim
2691 1557 2920 1619 solum
2949 1555 3010 1618 si
3037 1572 3138 1618 re-

668 1664 882 1726 lictae
938 1662 1168 1726 forent
1196 1710 1210 1739 ,
1271 1660 1343 1725 id
1399 1660 1721 1740 graviter
1776 1661 2201 1739 sensissent,
2270 1661 2395 1742 qui
2459 1663 2608 1726 suis
2673 1662 3142 1742 eleemosynis

672 1779 958 1834 nostros
995 1769 1375 1849 juvabant,
1420 1766 1545 1831 sed
1588 1769 1803 1832 etiam
1841 1768 2305 1831 mutationem
2355 1767 2954 1833 confessariorum
2999 1786 3139 1833 mo-

674 1879 849 1940 leste
878 1876 1220 1953 serebant;
1254 1884 1323 1939 et
1354 1876 1475 1953 ita,
1510 1892 1673 1937 cum
1694 1873 1771 1938 Ρ.
1796 1876 2221 1939 Laurentius
2242 1875 2622 1939 Patarinus
2645 1876 2780 1939 hoc
2805 1886 3140 1940 autumno

678 1983 981 2047 Romam
1008 1992 1353 2045 evocatus
1382 1991 1521 2060 est,
1556 1976 1902 2045 Hercules
1939 1980 2242 2045 Purinus
2281 1992 2352 2044 et
2390 1999 2574 2062 quae
2603 1991 2936 2063 praeerat
2963 1982 3140 2047 Con-

678 2090 941 2165 versis,
973 2088 1413 2169 Hieronyma
1441 2087 1797 2166 Pezzana,
1837 2089 1986 2152 suis
2030 2088 2118 2151 ad
2157 2086 2235 2150 P.
2266 2087 2620 2168 Ignatium
2655 2090 2909 2153 litteris
2937 2106 3140 2169 roga-

674 2198 848 2260 bant
875 2214 963 2260 ne
992 2206 1137 2259 tam
1170 2196 1420 2259 crebro
1451 2195 1863 2259 sacerdotes
1893 2195 2468 2274 immutarentur;
2499 2214 2700 2276 nam,
2745 2207 2822 2261 ut
2861 2198 3143 2261 dicebat

676 2304 1050 2382 HerculeS,
1084 2302 1607 2380 benevolentia,
1640 2319 1821 2382 quae
1863 2304 2075 2366 alitur
2113 2304 2325 2383 longa
2367 2303 2872 2367 consuetudine
2911 2321 3142 2367 sacer·

670 2412 943 2490 dotum,
981 2427 1024 2473 a
1054 2410 1307 2490 quibus
1336 2410 1407 2472 in
1438 2408 1689 2490 spiritu
1712 2408 2170 2489 J'uvabantur,
2205 2410 2612 2474 necessaria
2641 2422 2794 2474 erat
2822 2411 3138 2491 Collegio

674 2518 1084 2593 Mutinensi,
1118 2517 1347 2581 donec
1376 2516 1654 2579 radices
1683 2515 1972 2579 altiores
2001 2523 2270 2594 ageret.
2318 2515 2647 2580 Addebat
2669 2526 2738 2579 et
2777 2518 2892 2580 ille
2927 2518 3139 2581 ultra-

675 2634 1052 2689 montanos
1078 2616 1335 2687 missos
1363 2640 1520 2687 esse
1548 2623 1960 2686 sacerdotes
1975 2670 1990 2703 ,
2022 2632 2184 2702 post
2212 2622 2289 2686 P.
2321 2622 2672 2704 sylvestri
2701 2622 2727 2653 ⁴
2753 2641 3134 2703 recessum,

670 2748 973 2814 quorum
1009 2732 1274 2795 idioma
1313 2747 1453 2794 non
1490 2730 1665 2793 satis
1702 2728 2258 2811 percipiebatur3
2303 2730 2702 2811 hujusmodi
2738 2724 2968 2795 fuerat
3019 2732 3138 2795 ali-

673 2840 962 2920 quando
985 2837 1061 2902 P.
1096 2837 1460 2901 Adrianus
1482 2836 1841 2900 Candidus
1864 2845 1935 2900 et
1957 2836 2033 2899 P.
2061 2836 2425 2917 Philippus
2449 2836 2787 2917 LeernuS,
2815 2839 2930 2900 vel
2963 2839 3140 2901 alias

670 2946 926 3025 Faber,
962 2944 1246 3023 Rector,
1278 2945 1400 3025 qui
1429 2955 1667 3007 tamen
1698 2953 1892 3007 recte
1924 2944 2232 3007 italicam
2264 2945 2580 3024 linguam
2609 2942 2975 3008 didicerat.

628 3132 631 3137 ,
794 3053 935 3117 202.
1024 3052 1202 3117 Cum
1229 3052 1627 3133 Episcopus
1654 3050 1958 3129 singulis
1983 3050 2354 3115 dominicis
2383 3052 2628 3115 diebus
2655 3052 2727 3114 in
2751 3050 3142 3114 cathedrali

668 3162 973 3225 ecclesia
1002 3159 1455 3239 evangelium
1482 3160 1739 3239 populo
1771 3159 2198 3237 declararet,
2233 3168 2302 3222 et
2329 3159 2617 3239 quidam
2647 3159 2828 3222 alius
2858 3159 3138 3237 religio·

672 3288 819 3347 sus,
851 3268 971 3348 qui
992 3268 1063 3330 in
1086 3267 1336 3331 eodem
1358 3267 1619 3346 templo
1640 3265 2222 3343 concionabatur,
2248 3265 2357 3329 bis
2379 3266 2594 3330 etiam
2615 3265 2866 3329 eodem
2886 3266 2960 3329 in
2981 3267 3139 3328 loco

672 3377 920 3441 diebus
947 3373 1321 3439 dominicis
1348 3373 1440 3435 ad
1469 3372 2031 3437 consolationem
2061 3372 2497 3436 audientium
2527 3371 2550 3405 ⁸
2579 3372 2826 3436 eodem
2850 3390 3140 3435 munere

674 3482 1111 3563 fungeretur,
1143 3480 1473 3562 quamvis
1499 3479 1577 3543 P.
1612 3477 2016 3560 Stephanus
2045 3480 2412 3561 Baroellus
2443 3490 2512 3543 et
2551 3478 2893 3559 Magister
2932 3479 3139 3562 Joan-

668 3606 800 3652 nes
827 3589 1145 3668 Ignatius
1172 3605 1256 3651 eo
1285 3604 1576 3651 munere
1603 3586 1825 3666 fungi,
1858 3598 2144 3667 praeter
2173 3588 2401 3668 ipsum
2430 3586 2807 3650 Rectorem
2825 3634 2840 3665 ,
2874 3586 3132 3667 potuis-

672 3705 853 3769 sent,
889 3694 1383 3759 abstinendum
1412 3693 1545 3757 sibi
1572 3704 2024 3771 censuerunt,
2057 3704 2134 3757 ut
2162 3694 2282 3774 qui
2305 3694 2549 3757 audire
2572 3694 2764 3774 ipsos
2785 3702 3136 3773 poterant,
3197 3688 3208 3701 “

672 3802 923 3865 audire
972 3800 1297 3865 eumdem
1346 3796 1371 3830 ⁶
1412 3800 1990 3863 concionatorem
2030 3810 2359 3879 possent,
2402 3801 2524 3881 qui
2563 3816 2768 3863 mane
2808 3801 2894 3863 de
2928 3817 3141 3863 sacro

758 4107 776 4138 ¹
836 4104 971 4149 Vide
992 4116 1167 4159 supra,
1191 4113 1228 4149 t.
1250 4116 1307 4157 ιι,
1326 4116 1445 4159 pag.
1472 4104 1549 4147 199
1568 4110 1621 4147 et
1638 4103 1734 4148 206.
1756 4104 1839 4147 Ab
1862 4104 2130 4148 orlandini
2153 4113 2203 4148 et
2223 4104 2343 4148 aliis
2372 4115 2576 4158 semper
2597 4104 2786 4149 dicitur
2807 4112 2858 4148 et
2881 4114 3021 4149 recte
3038 4138 3050 4159 ,
3086 4112 3142 4149 ut

684 4178 918 4229 videtur,
942 4175 1211 4229 Purinus,·
1231 4175 1364 4219 alias
1382 4176 1551 4219 minus
1569 4181 1715 4218 recte
1736 4174 2000 4219 Paxinus.

757 4248 782 4280 ²
835 4248 970 4293 Vide
991 4258 1166 4302 supra,
1187 4258 1237 4291 ιι.
1260 4246 1365 4301 270,
1388 4258 1509 4301 pag,
1540 4246 1595 4291 93
1614 4280 1624 4298 .
1647 4252 1700 4290 et
1723 4246 1935 4291 Polanci
1957 4247 2164 4290 litterae
2194 4248 2259 4290 ad
2291 4246 2565 4290 Rectorem
2595 4246 2932 4291 Mutinensem
2965 4248 3036 4291 1.⁸
3063 4248 3144 4292 die

682 4318 985 4365 Decembris
1006 4320 1177 4364 datas.

757 4391 779 4422 δ
832 4389 965 4434 Vide
987 4402 1160 4445 supra,
1180 4402 1299 4446 pag.
1322 4390 1391 4447 93,
1412 4392 1591 4435 eodem
1612 4402 1660 4433 n.
1684 4390 1780 4443 170,
1801 4396 1985 4434 annot.
2007 4390 2049 4432 2.

756 4461 783 4494 ⁴
834 4461 896 4504 P.
923 4460 1180 4518 Sylvestri
1202 4462 1441 4509 Laudini.

764 4534 786 4566 ὕ
842 4532 1024 4579 Verba
1042 4535 1225 4579 eodem
1248 4537 1305 4579 in
1320 4536 1431 4580 loco
1449 4536 1639 4579 diebus
1660 4538 1953 4580 dominicis
1973 4542 2024 4579 et
2046 4534 2388 4577 audientium
2410 4542 2528 4578 sunt
2551 4533 2761 4579 Polanci
2793 4545 2946 4579 manu
2972 4548 3148 4592 super-

674 4606 891 4649 inserta.

759 4674 785 4707 ὃ
838 4676 1149 4731 Episcopum
1169 4677 1245 4721 et?
