3742 5392
1549 531 1680 591 Aa.
1723 531 1868 590 1554
2839 529 2953 590 563

473 685 784 762 iverunt;
813 681 1016 746 cives
1043 688 1305 755 autem,
1337 678 1458 760 qui
1487 695 1752 758 magna
1783 677 2139 742 charitate
2159 676 2686 741 Provincialem
2708 693 2946 757 prose-

465 791 915 873 quebantur,
947 803 1110 852 eum
1141 788 1233 851 ad
1274 787 1744 850 christianam
1781 784 2186 849 doctrinam
2231 783 2691 848 concionibus
2732 785 2950 865 expli-

479 895 786 962 candam
815 895 1231 976 adegerunt.
1265 893 1439 957 Erat
1469 893 1567 956 ibi
1595 891 1993 972 Collegium
2021 907 2410 972 puerorum
2440 891 2949 971 orphanorum,

481 1003 610 1069 sed
636 1021 782 1067 non
809 1002 989 1066 bene
1019 1000 1672 1066 administrabatur.
1701 998 2012 1080 Iniunxit
2035 1007 2274 1062 autem
2302 997 2705 1062 Cardinalis
2727 997 2957 1062 eidem

487 1109 919 1174 Provinciali
947 1117 1026 1172 ut
1061 1108 1242 1171 bene
1279 1107 1574 1172 vivendi
1599 1123 1933 1170 normam
1969 1105 2109 1170 illis
2150 1105 2673 1186 praescriberet
2711 1114 2959 1170 totam-

489 1237 625 1300 que
655 1233 806 1281 rem
836 1223 1318 1296 componeret;
1359 1224 1429 1278 et
1471 1230 1634 1279 cum
1673 1214 1963 1294 regulas
2004 1214 2353 1293 quasdam
2394 1212 2960 1294 conscripsisset,

488 1323 700 1389 valde
729 1322 1094 1388 Cardinali
1115 1323 1556 1404 placuerunt.
1584 1320 1851 1386 Ibidem
1881 1319 2201 1386 Societas
2224 1329 2379 1384 erat
2410 1320 2783 1385 charitatis
2805 1338 2963 1400 pro-

490 1432 702 1497 ximis
732 1429 938 1495 annis
966 1429 1336 1508 inchoata,
1367 1429 1496 1494 sed
1532 1445 1661 1510 per
1698 1428 2179 1509 praesentiam
2208 1427 2682 1491 Provincialis
2728 1444 2969 1491 corro-

491 1539 746 1603 borata
774 1546 847 1601 et
873 1537 1054 1600 bene
1083 1537 1472 1600 constituta
1501 1535 1657 1616 suit;
1691 1535 1869 1598 socii
1902 1544 2141 1598 autem
2170 1535 2471 1615 singulis
2499 1535 2863 1599 mensibus
2893 1543 2969 1598 ut

493 1646 864 1710 minimum
890 1643 1438 1722 confitebantur,
1473 1643 1593 1706 alii
1623 1651 1883 1706 octavo
1915 1658 2194 1723 quoque
2224 1641 2371 1721 die;
2406 1641 2556 1722 ejus
2588 1640 2970 1706 Societatis

495 1751 838 1834 praefecti
866 1751 1107 1832 pueris
1131 1749 1542 1814 necessaria
1562 1749 2133 1830 suppeditabant;
2160 1749 2452 1829 quidam
2475 1758 2713 1814 autem
2736 1766 2973 1813 sacer-

498 1860 628 1923 dos
657 1860 762 1923 eis
781 1857 974 1922 domi
997 1855 1328 1936 regendis
1349 1855 1751 1937 praefectus
1774 1866 1905 1934 est,
1932 1865 1999 1919 et
2030 1864 2409 1921 curaturus
2431 1866 2506 1920 ut
2532 1876 2574 1920 a
2598 1855 2971 1920 visitatore

507 1966 868 2031 ordinario
914 1965 1218 2044 singulis
1258 1964 1466 2027 annis
1503 1963 1927 2026 viserentur.
1972 1962 2079 2026 Ita
2115 1963 2379 2027 factum
2422 1972 2527 2026 est
2548 2013 2563 2042 ,
2607 1973 2681 2027 ut
2723 1964 2979 2028 domus

499 2089 901 2155 puerorum
930 2081 1000 2135 et
1027 2070 1349 2136 Societas
1387 2070 1760 2134 charitatis
1797 2071 1870 2132 in
1907 2071 2270 2134 meliorem
2304 2069 2610 2134 formam
2647 2071 2981 2135 redactae

517 2179 804 2245 fuerint.
839 2178 1184 2244 Curatum
1214 2187 1322 2242 est
1350 2176 1565 2241 etiam
1585 2186 1663 2241 ut
1693 2177 1982 2258 quidam
2006 2177 2192 2240 inter
2220 2195 2297 2240 se
2327 2177 2693 2242 discordes
2721 2177 2795 2241 in
2822 2194 2983 2260 gra-

516 2289 690 2351 tiam
721 2286 1061 2363 redirent;
1094 2285 1242 2364 sed,
1275 2285 1388 2348 his
1417 2284 1843 2364 constitutiS,
1877 2284 2126 2347 morbo
2156 2293 2524 2365 correptus
2552 2284 2682 2349 fuit
2710 2285 2786 2349 P.
2818 2284 2983 2349 Pro·

521 2393 884 2472 vincialiS,
917 2401 986 2455 et
1015 2391 1432 2455 febricitans
1458 2391 1530 2454 in
1568 2390 2039 2470 xenodochio,
2081 2391 2201 2454 ubi
2240 2391 2675 2470 divertebat,
2718 2393 2987 2474 aliquot

511 2502 669 2566 dies
693 2499 937 2580 J‘acuit;
969 2509 1040 2562 et
1068 2516 1230 2562 cum
1258 2496 1661 2562 Cardinalis
1690 2497 2213 2562 xenodochium
2240 2499 2601 2578 inviseret,
2630 2498 2987 2580 jacentem

515 2610 700 2673 inter
749 2622 1101 2688 pauperes
1148 2604 1226 2668 P.
1271 2603 1794 2668 Provincialem
1837 2603 2187 2669 Mironem
2223 2605 2525 2684 invenit;
2567 2608 2781 2687 paulo
2828 2617 2987 2688 post

515 2713 830 2780 Eboram
852 2712 1001 2794 jam
1031 2711 1542 2775 convalescens
1570 2728 1648 2775 se
1679 2712 1772 2775 ad
1801 2711 2198 2790 Collegium
2226 2713 2492 2793 recepit
2526 2711 2567 2776 ¹.

639 2820 817 2886 1212.
908 2818 1108 2899 Quae
1157 2817 1570 2898 impetravit
1598 2817 1736 2882 hoc
1778 2835 1968 2881 anno
2008 2817 2085 2881 P.
2132 2816 2399 2897 Miron,
2442 2818 2725 2900 adJutus
2765 2820 2993 2886 Infan-

515 2930 722 3008 tium,
757 2928 1062 2992 fratrum
1089 2925 1309 3005 Regis
1342 2921 1620 3006 [opera]
1661 2925 1734 2988 in
1774 2925 2119 2989 auxilium
2145 2926 2418 3006 Indiae,
2452 2927 2630 2992 haec
2679 2927 2988 2992 fuerunt.

516 3036 596 3100 In
626 3035 876 3116 primis
905 3033 1173 3098 Goensi
1203 3031 1520 3112 Collegio
1563 3031 1704 3095 duo
1742 3031 1963 3095 millia
2006 3032 2431 3124 ducatorum
2473 3035 2687 3098 annui
2724 3035 2999 3100 reditus

507 3277 816 3333 ‚principi-,es
835 3275 994 3320 villas
1012 3285 1082 3318 na
1097 3272 1376 3318 Provincia
1396 3273 1460 3316 de
1473 3273 1734 3328 AlenteJo,
1749 3283 1879 3328 pera
1900 3274 2037 3318 nella
2060 3275 2290 3318 concluir
2311 3276 2495 3331 alguns
2514 3287 2772 3332 negoceon
2794 3278 2859 3321 do
2891 3287 2999 3322 ser-

528 3349 646 3402 vico
666 3349 729 3392 de
750 3347 889 3392 Deos
918 3357 1018 3401 que
1051 3347 1287 3400 deyxara
1321 3345 1663 3398 comeneados
1693 3356 1776 3390 em
1807 3352 1957 3390 outro
1988 3351 2162 3401 tempo
2195 3358 2292 3401 qne
2328 3349 2439 3404 nlly
2467 3353 2647 3392 esteve
2676 3359 2757 3392 em
2790 3349 3003 3394 missam

527 3429 680 3465 antes
701 3419 763 3463 de
795 3430 882 3462 ser
911 3417 1223 3463 Provincial.
1238 3449 1262 3470 „
1283 3418 1316 3460 1.
1339 3427 1400 3470 c.,
1421 3423 1572 3470 parte
1607 3428 1645 3462 11
1661 3449 1674 3472 ,
1692 3417 1784 3462 lib.
1803 3430 1858 3472 v,
1880 3429 1995 3472 cap.
2022 3417 2084 3466 15.
2102 3429 2152 3461 ιι.
2170 3418 2269 3463 4.-
2286 3417 2429 3464 Cave
2450 3418 2611 3464 etiam
2640 3431 2704 3464 ne
2736 3421 3005 3476 intelligas

525 3501 814 3535 termonem
847 3490 932 3534 hic
954 3488 1064 3534 fieri
1098 3489 1160 3532 de
1191 3487 1395 3543 oppido.
1418 3487 1480 3531 de
1500 3498 1600 3542 quo
1635 3499 1682 3532 ιι.
1709 3487 2046 3543 praecedenti
2080 3499 2249 3532 sermo
2283 3489 2454 3534 factu·
2488 3497 2584 3534 est.
2607 3489 2721 3536 Non
2753 3492 2891 3537 enim
2924 3500 3005 3538 eet

529 3563 674 3608 Mora
697 3561 934 3618 (Moatra)
950 3561 1002 3605 in
1024 3561 1209 3605 itinere
1231 3557 1549 3616 Ulyssipona
1569 3559 1799 3604 Eboram
1821 3560 2169 3605 venientibus.

613 3637 626 3664 ¹
689 3633 864 3678 Aliter
884 3632 1046 3677 etiam
1065 3633 1196 3676 haec
1217 3639 1503 3676 narrantur
1522 3642 1553 3674 a
1576 3630 1804 3676 Tuum:
1835 3631 2120 3676 “Audendo
2140 3632 2290 3677 desta
2322 3645 2576 3690 maneyra
2596 3645 2719 3691 muy
2738 3635 3004 3691 occupatio

531 3717 610 3751 em
633 3713 742 3751 tam
763 3711 948 3750 sancta
966 3714 1212 3759 empreza
1225 3736 1236 3758 ,
1258 3703 1347 3760 foy
1368 3709 1515 3748 tanto
1535 3715 1565 3746 ο
1586 3705 1830 3748 trabalho
1850 3705 1913 3748 de
1935 3705 2218 3750 consiaco&
2237 3738 2248 3758 ,
2271 3711 2325 3750 et
2346 3712 2651 3762 pregacoeo,
2668 3715 2721 3752 et
2743 3708 2805 3752 de
2826 3715 3009 3754 outras

531 3765 690 3822 ob'rao
709 3778 1044 3833 espirituaes,
1067 3787 1102 3821 a
1121 3787 1220 3832 que
1240 3776 1444 3829 acudia,
1465 3786 1578 3819 com
1599 3783 1752 3820 tanta
1770 3777 2053 3831 diligencia
2068 3809 2079 3831 ,
2102 3788 2201 3832 que
2220 3779 2370 3822 sobre
2392 3789 2478 3823 ser
2498 3785 2674 3825 eatam
2695 3792 2725 3825 ο
2746 3787 2920 3836 tempo
2939 3781 3003 3825 do

531 3848 752 3904 Ontono,
769 3849 858 3893 lite
894 3851 1028 3904 veyo
1050 3849 1208 3892 huma
1227 3847 1372 3891 febre
1389 3878 1401 3900 ,
1422 3848 1554 3891 mais
1583 3849 1814 3892 causada
1846 3849 1913 3892 do
1944 3849 2207 3904 trabalho,
2229 3860 2327 3905 que
2348 3849 2394 3892 d’
2414 3858 2566 3895 outro
2587 3853 2841 3907 qualquer
2874 3853 3009 3898 acci-

533 3921 712 3965 dente:
734 3925 912 3964 trntou
933 3919 1053 3972 logo
1073 3929 1103 3962 ο
1125 3917 1508 3973 companheyro
1524 3918 1585 3961 de
1606 3929 1636 3962 o
1656 3918 1799 3962 iazer
1817 3919 2061 3963 recolher
2078 3931 2162 3964 em
2183 3921 2395 3976 alguma
2415 3932 2543 3966 casa
2557 3955 2569 3972 .
2587 3933 2784 3979 porqne
2804 3931 3015 3980 muytas

533 4004 592 4036 se
613 3993 698 4036 lhe
717 3991 982 4040 effrenum
1001 3989 1094 4034 dos
1115 3989 1248 4034 mai·
1275 3991 1464 4035 nobres
1484 3989 1550 4033 da
1571 3995 1744 4045 terra,
1767 4001 1897 4045 pera
1917 4001 2033 4035 com
2053 3991 2174 4036 todo
2194 4002 2225 4036 ο
2245 3992 2483 4049 cnydado
2502 4005 2533 4038 o
2552 4005 2809 4048 curarem,
2830 3999 3010 4049 potem

537 4077 566 4108 o
587 4074 743 4108 servo
759 4063 822 4108 de
835 4061 990 4116 Deos,
1007 4072 1153 4106 como
1175 4068 1284 4106 tam
1300 4060 1474 4114 amigo
1490 4060 1557 4104 da
1572 4063 1814 4117 pobreza,
1835 4073 1893 4106 se
1913 4063 2002 4119 foy
2023 4065 2264 4108 recoiher
2278 4076 2343 4109 no
2362 4065 2607 4120 hospital.
2625 4067 2851 4112 Andava
2870 4075 3017 4112 neate

539 4140 662 4190 tepo
683 4146 712 4178 ο
735 4133 961 4180 Οιτᾱοιι
975 4131 1180 4178 Infante
1204 4131 1465 4176 visitando
1487 4143 1516 4176 ο
1537 4143 1628 4176 seu
1650 4134 2035 4189 Arceblopnd05
2057 4141 2109 4179 et
2142 4145 2340 4190 perque
2362 4147 2395 4180 a
2412 4137 2633 4191 piedade
2652 4138 2801 4183 dente
2820 4140 3019 4192 grande

536 4206 790 4261 Princepe
823 4206 1046 4250 tambem
1083 4215 1176 4248 era
1207 4203 1436 4258 grande,
1455 4213 1576 4248 nam
1605 4215 1662 4250 se
1697 4212 2016 4251 contentava
2034 4217 2151 4251 eom
2168 4207 2352 4253 acudir
2382 4219 2447 4252 ao
2482 4209 2599 4252 bem
2619 4209 2716 4255 du
2747 4211 2916 4255 almas
2952 4211 3017 4256 de

537 4290 662 4323 suas
679 4277 898 4322 ovelhas
914 4309 925 4330 ,
947 4287 1128 4321 senam
1149 4287 1248 4330 que
1271 4276 1500 4319 tambem
1522 4281 1738 4320 tratava
1760 4277 1822 4320 de
1844 4277 1959 4321 lhes
1977 4279 2237 4322 remediat
2256 4290 2315 4323 os
2336 4290 2521 4334 corpos
2541 4281 2798 4325 enfermos
2812 4313 2823 4332 ,
2844 4288 2899 4326 et
2920 4283 3019 4326 elle

537 4362 620 4394 em
641 4358 826 4403 pessoa
845 4350 1018 4400 (tanta
1038 4358 1131 4391 era
1149 4356 1248 4392 oua
1267 4346 1578 4399 chax-idade)
1600 4353 1828 4392 entrava
1846 4359 1941 4392 nos
1960 4349 2254 4404 hospitaeo,
2276 4357 2330 4394 et
2350 4362 2406 4395 os
2426 4362 2612 4405 previa
2632 4351 2697 4396 de
2728 4354 2849 4398 todo
2884 4365 2915 4398 ο
2935 4365 3021 4399 ne-

539 4419 790 4465 cessario.
811 4419 1044 4464 Acerton
1074 4419 1138 4463 de
1171 4425 1356 4462 entrar
1391 4425 1540 4462 ueste
1570 4419 1636 4462 da
1671 4420 1801 4463 villa
1830 4419 1893 4462 de
1916 4419 2121 4473 Moura,
2142 4427 2193 4465 et
2214 4421 2301 4478 foy
2321 4423 2419 4466 dar
2452 4433 2567 4467 com
2588 4435 2617 4468 o
2638 4423 2935 4470 Provincial
2956 4427 3025 4472 da

541 4491 867 4546 campanula
881 4523 892 4544 ,
927 4501 1026 4546 que
1053 4491 1166 4546 aiiy
1195 4497 1384 4534 estava
1415 4490 1602 4534 doente
1635 4501 1753 4534 com
1783 4501 1999 4535 cesoens
2015 4523 2026 4543 ,
2053 4498 2107 4535 et
2140 4491 2271 4536 iicon
2302 4493 2619 4547 {goalmente
2654 4495 2925 4540 admirado
2961 4497 3026 4541 do

541 4569 808 4617 encontro,
839 4571 892 4606 et
927 4561 1178 4606 edificatio
1209 4562 1277 4606 da
1305 4561 1604 4606 humildade
1640 4562 1704 4605 do
1733 4562 1992 4606 eniel-mo:
2023 4564 2406 4618 agradeceolhe
2442 4573 2620 4622 mnyto
2654 4576 2750 4610 sua
2772 4567 2960 4613 Alteza
2994 4578 3025 4612 ο

541 4634 789 4680 trabalho
810 4645 908 4689 que
939 4635 1145 4680 tomara
1176 4635 1330 4678 sobre
1350 4644 1381 4677 ο
1402 4645 1499 4688 que
1532 4645 1624 4678 seu
1647 4633 1822 4678 Officio
1854 4635 1941 4679 ibe
1962 4636 2133 4680 trazia
2148 4668 2159 4690 ,
2182 4641 2235 4679 et
2268 4638 2389 4691 logo
2410 4637 2505 4680 deo
2526 4638 2701 4682 ordem
2725 4651 2823 4694 que
2856 4651 2911 4684 se
2942 4641 3025 4686 lhe

546 4706 695 4750 desse
715 4706 914 4750 melhor
933 4705 1242 4761 gataihun,
1259 4705 1392 4750 mais
1411 4707 1641 4760 negando
1661 4717 1693 4750 a
1717 4707 2059 4752 liberalidade
2080 4707 2145 4750 do
2162 4705 2387 4753 Cardeal
2402 4739 2416 4764 ‚
2434 4709 2483 4764 q·
2510 4710 2771 4754 conforme
2793 4723 2826 4755 a
2845 4712 3033 4758 humil·

545 4778 678 4823 dade
701 4777 764 4821 do
787 4775 1004 4830 Pure...
1023 4775 1085 4822 L.
1106 4788 1170 4832 ο..
1190 4784 1344 4832 ραι-ιε
1366 4786 1422 4832 ιι,
1445 4777 1534 4822 lib.
1557 4790 1610 4833 v,
1633 4788 1745 4834 cap.
1768 4777 1839 4833 15,
1861 4789 1911 4822 n.
1931 4778 1975 4823 5.
