3742 5392
711 482 821 540 066
1637 483 1894 544 Canon.
1935 482 2088 544 Soc.
2128 483 2267 557 με.

712 629 1015 693 cendum
1048 629 1381 708 occurrit,
1415 631 1552 693 nisi
1580 630 1769 710 quod
1797 631 2026 695 nostri
2045 632 2357 696 fructum
2378 632 2691 706 uberem,
2724 649 2867 694 non
2896 648 2988 694 ex
3016 645 3192 712 pue·-

711 736 812 799 ris
841 743 1116 801 tantum
1147 737 1272 800 sed
1295 738 1511 800 etiam
1532 755 1622 800 ex
1647 738 1971 802 lusitanis
2001 747 2071 802 et
2095 738 2256 802 aliis
2282 739 2686 819 gentilibuS‚
2722 737 3191 818 colligebant,.

710 844 1070 907 consuetis
1128 845 1275 908 suis
1334 845 1774 926 ministeriis,
1840 863 2005 910 cum
2064 846 2617 925 praedicationis
2684 859 2754 908 et
2809 844 3179 910 doctrinae

707 949 1167 1030 christianae,
1213 961 1361 1014 turn
1401 952 2015 1016 administratione
2046 962 2657 1016 sacramentorum
2706 951 3005 1032 aliisque
3036 953 3181 1033 pie-

710 1056 879 1119 tatis
917 1056 1417 1122 functionibus.

835 1163 1008 1227 1434.
1096 1165 1333 1229 Insula
1363 1165 1608 1229 Tanaa
1645 1164 1660 1196 ¹
1693 1167 1955 1246 exigua
1985 1174 2290 1246 quatuor
2328 1166 2548 1229 leucis
2585 1165 2898 1230 Bazaino
2930 1167 3171 1244 distat,

709 1288 850 1334 non
877 1281 1114 1335 tamen
1145 1273 1447 1353 exiguus
1472 1273 1634 1337 inde
1655 1273 1929 1337 fructus
1960 1271 2422 1354 [capiebatur]
2457 1291 2678 1354 opera
2701 1271 2777 1336 P.
2805 1272 3176 1337 Francisci

709 1377 1085 1460 Euriquez,
1113 1381 1418 1458 quicum
1440 1381 1635 1444 socio
1662 1381 1922 1444 ibidem
1947 1380 2323 1458 residebat;
2350 1397 2519 1443 nam
2547 1380 2831 1460 plurimi
2862 1380 2952 1444 ad
2982 1379 3173 1443 Chri-

709 1486 798 1548 sti
829 1486 1248 1565 religionem
1279 1487 1373 1550 ibi
1405 1498 1885 1565 accesserunt;
1918 1505 2049 1550 nec
2081 1487 2264 1550 ullus
2294 1487 2367 1550 in
2396 1495 2546 1550 tota
2571 1487 2800 1549 insula
2826 1487 3177 1550 idolorum

707 1594 960 1672 cultus;
994 1604 1486 1673 paupertatem
1515 1602 1752 1657 autern
1782 1610 2120 1673 magnam
2152 1593 2408 1657 ibidem
2440 1601 2587 1656 tam
2616 1593 2688 1655 in
2720 1593 2915 1656 victu
2957 1610 3173 1674 quam

708 1702 780 1764 in
811 1702 1074 1765 vestitu
1105 1703 1332 1766 nostri
1371 1702 1789 1766 retinebant.

832 1808 1008 1872 1435.
1096 1809 1230 1873 Per
1274 1818 1582 1874 tractum
1621 1809 2057 1872 maritimum
2105 1807 2623 1886 descendendO,
2678 1807 2835 1873 Goa
2880 1808 3016 1871 sita
3065 1819 3173 1872 est

715 1916 1168 1996 septuaginta
1220 1916 1492 1980 duabus
1543 1915 1762 1980 leucis
1809 1915 2123 1980 Bazaino
2175 1915 2470 1994 distanS,
2526 1915 2613 1978 de
2660 1933 2799 1996 qua
2852 1915 3180 1996 superius

715 2023 1015 2101 egimus.

823 2130 999 2195 1436.
1087 2129 1386 2195 Centum
1418 2131 1596 2194 alias
1625 2133 1868 2194 leucas
1898 2129 2391 2194 descendendo
2422 2130 2679 2192 civitas
2702 2127 2998 2192 Cochini
3020 2139 3154 2208 est,

703 2237 820 2300 ubi
872 2238 949 2300 P.
989 2238 1418 2301 Franciscus
1457 2237 1674 2301 Perez
1717 2256 1880 2302 cum
1918 2238 2227 2319 quodam
2266 2237 2485 2301 fratre
2525 2247 2767 2300 nostro
2797 2236 3173 2316 perutilem.

701 2361 994 2424 operam
1022 2346 1337 2409 navabat
1367 2363 1748 2410 numeroso
1779 2345 1949 2410 huic
1978 2347 2266 2427 populo,
2322 2346 2395 2408 in
2444 2361 2585 2425 quo
2625 2361 2887 2423 magna
2930 2352 3038 2407 est
3064 2344 3165 2406 lu·

698 2451 1096 2516 sitanorum
1127 2451 1673 2533 conjugatorum
1715 2461 1784 2516 et
1813 2454 2029 2516 etiam
2059 2452 2357 2516 militum
2398 2451 2793 2515 multitudo.
2828 2450 2905 2514 In
2934 2451 3167 2515 insula

697 2559 914 2621 etiam
944 2559 1334 2622 continenti
1355 2559 1595 2622 vicina
1625 2560 1803 2623 haec
1833 2559 2090 2622 civitas
2107 2567 2236 2638 est,
2270 2568 2341 2622 et
2371 2567 2517 2621 tam
2550 2558 2920 2638 gentilium
2949 2575 3165 2638 quam

699 2682 1211 2730 saracenorum
1241 2683 1504 2746 magna
1543 2664 1688 2747 [ibi]
1722 2665 2099 2729 multitudo
2143 2675 2213 2728 et
2254 2665 2457 2728 varia
2501 2663 2883 2728 admodum
2912 2674 3043 2741 est,
3088 2674 3160 2727 et

697 2773 975 2836 vicinas
999 2773 1212 2836 habet
1241 2774 1581 2853 plurimas
1610 2775 1903 2852 insulaS,
1938 2782 2007 2836 et
2042 2788 2253 2852 reges
2282 2789 2551 2848 earum;
2584 2783 2653 2834 et
2682 2771 3153 2834 Malabariurn

699 2879 955 2942 dicitur
1007 2888 1158 2942 tota
1197 2897 1282 2942 ea
1323 2881 1548 2959 regio.
1592 2880 1671 2943 In
1713 2879 1959 2943 decem
1995 2878 2338 2959 gradibus
2382 2895 2545 2941 cum
2573 2876 2863 2940 dimidio
2896 2878 3151 2941 civitas

698 2985 994 3050 Cochini
1017 2987 1154 3050 sita
1179 2995 1307 3049 est:
1330 2986 1722 3050 ministeria
1738 2994 1975 3049 autem
2000 2983 2377 3050 Societatis
2400 2992 2737 3047 consueta
2763 2984 3159 3058 ibi2exerce·

700 3093 980 3171 bantur,
1015 3103 1084 3157 et
1114 3094 1396 3175 quidem
1426 3109 1689 3173 magno
1719 3111 1881 3156 cum
1924 3093 2181 3156 fructu.

820 3199 996 3264 1437.
1082 3201 1396 3265 Ulterius
1445 3199 1967 3281 progrediendo
2020 3199 2104 3262 24
2157 3201 2429 3278 leucaS,
2492 3199 2826 3279 oppidum
2854 3197 3155 3264 Caulani

693 3317 798 3370 est
839 3309 912 3371 in
952 3325 1209 3371 novem
1250 3307 1592 3386 gradibus
1634 3323 1796 3372 curn
1839 3305 2128 3369 dimidio
2170 3305 2404 3384 situm,
2441 3306 2559 3369 ubi
2600 3323 2901 3386 magnus
2940 3307 3155 3370 etiam

692 3415 1244 3479 christianorum
1293 3431 1629 3478 numerus
1679 3422 1865 3491 erat,
1902 3415 2268 3477 saracenis
2324 3413 2753 3493 permixtus,
2816 3413 3153 3478 Praeerat

692 3523 768 3587 P.
818 3523 1155 3586 Nicolaus
1203 3521 1644 3586 Lancillotus
1695 3520 2013 3601 Collegio
2058 3521 2575 3603 quinquaginta
2625 3537 3033 3601 puerorum,
3079 3530 3158 3584 ut

693 3631 872 3692 alias
909 3628 1178 3692 dictum
1227 3639 1334 3692 est
1372 3627 1418 3704 '3
1465 3636 1535 3691 et
1573 3629 1902 3709 quamvis
1933 3629 2183 3692 crebro
2212 3628 2583 3707 sanguinis
2604 3629 2875 3691 vomitu
2906 3627 3165 3692 debilis

773 3871 788 3904 ¹
849 3870 909 3914 In
931 3871 1166 3926 margine
1186 3872 1318 3915 haee
1341 3871 1548 3925 scripsit
1571 3868 1873 3915 sacchinus:
1896 3869 2101 3914 “Tanna
2138 3880 2237 3912 non
2258 3875 2337 3913 eet
2378 3869 2563 3923 insula,
2584 3870 2675 3913 sed
2696 3868 2747 3912 in
2768 3869 2938 3914 insula
2956 3867 3153 3915 Salset-

692 3949 907 3996 tarum.„
939 3941 1012 3986 Et
1047 3942 1289 3997 quoniam
1309 3942 1539 3986 nonnulli
1576 3942 1862 3996 scriptores
1892 3951 2065 3985 rerum
2096 3939 2376 3985 Societatis
2404 3941 2713 3984 confundere
2744 3941 2987 3986 videntur
3024 3941 3161 3985 hanc

689 4015 910 4058 insulam
929 4024 1046 4058 cum
1065 4013 1336 4069 peninsula
1370 4013 1530 4067 ipsius
1564 4012 1799 4066 nominiS,
1835 4023 1934 4055 nou
1966 4014 2060 4056 abs
2094 4023 2151 4056 re
2188 4013 2290 4056 erit
2321 4014 2673 4056 transcribere
2710 4013 2793 4056 hle
2814 4023 2979 4067 pauca
3013 4025 3039 4056 e
3062 4013 3161 4057 On·

687 4096 900 4130 taxum
919 4086 1078 4140 probe
1099 4085 1228 4128 duas
1249 4085 1346 4128 has
1367 4085 1607 4138 regiones
1627 4083 1998 4138 distinguente.
2028 4083 2202 4128 “Duae
2224 4091 2342 4128 sunt
2364 4085 2616 4136 enimait,
2634 4083 2896 4128 Salsettae
2917 4085 2968 4128 ln
2990 4085 3162 4138 India,

686 4169 846 4213 prope
867 4157 1149 4202 Bazainum
1167 4159 1388 4204 alterae.
1409 4159 1610 4200 alterae
1633 4167 1791 4210 prope
1813 4155 1997 4200 Goam.
2022 4153 2133 4198 Hae
2152 4163 2304 4199 certa
2323 4163 2443 4200 sunt
2464 4157 2610 4210 regio
2632 4155 2962 4210 continentis,
2983 4167 3075 4200 sex
3100 4165 3151 4200 et

685 4229 962 4282 sexaginta
980 4239 1144 4284 pagos
1163 4230 1448 4282 complexa,
1465 4230 1539 4272 uti
1563 4229 1875 4271 vocabulum
1896 4228 2063 4282 ipsum
2082 4229 2421 4270 salsettarum
2450 4229 2627 4281 lingua
2641 4229 2811 4282 gentis
2830 4234 2999 4280 sonat.
3022 4239 3157 4282 quas

685 4302 862 4345 multis
881 4307 1000 4355 post
1019 4301 1169 4344 annis
1193 4299 1447 4353 Rodulphi
1471 4299 1794 4353 Αᾳῑιειιιίιιειο,
1833 4299 2193 4353 sociorumque
2228 4307 2519 4354 martyrum
2550 4299 2778 4352 gloriosa
2798 4311 2899 4344 nex
2918 4307 3070 4344 notas
3087 4311 3153 4344 nc

681 4375 916 4417 celebres
937 4372 1081 4416 fecit.
1111 4371 1238 4416 Illae
1259 4383 1384 4415 vero
1416 4378 1537 4414 eunt
1567 4372 1734 4416 insula
1768 4381 1868 4414 non
1902 4377 2013 4414 tam
2046 4371 2413 4424 magnitudine,
2447 4381 2600 4425 quam
2634 4371 2912 4416 feracitate
2946 4371 3158 4416 nobilis·

685 4445 782 4488 Hic
802 4451 882 4490 est
903 4445 1102 4498 Tanau,
1123 4445 1248 4487 urbs
1275 4443 1415 4496 olim,
1450 4443 1586 4497 quod
1603 4443 1811 4486 velnae
1846 4447 2159 4496 tempestate
2188 4443 2417 4496 vestigia
2452 4451 2761 4490 monstrant.
2796 4444 2977 4497 ingens
2996 4450 3167 4498 atque

683 4515 980 4572 magnifica,
1001 4527 1134 4560 nnnc
1151 4515 1406 4559 medlocre
1427 4515 1758 4568 oppidum....„
1773 4521 1874 4558 etc.
1894 4513 2035 4560 Hist.
2056 4514 2189 4565 Soc„
2202 4521 2341 4568 part.
2360 4516 2380 4559 1
2400 4523 2439 4569 ⁸,
2462 4516 2551 4559 lib.
2571 4527 2642 4568 xi.
2662 4528 2711 4560 n.
2730 4517 2799 4559 87.
2816 4515 2896 4559 Ex
2909 4515 3156 4560 hisfacile

681 4587 978 4632 emendabis
999 4586 1058 4631 P.
1081 4586 1442 4640 nieremberg,
1461 4587 1548 4641 qui
1574 4587 1624 4630 in
1644 4586 1759 4631 vita
1783 4585 1840 4629 Β.
1861 4586 1921 4629 Ρ.
1941 4585 2201 4640 Rodulphl
2224 4587 2503 4640 Aquaviva
2524 4589 2599 4631 alt
2622 4588 2635 4630 i
2644 4599 2789 4640 psum
2810 4588 3076 4642 sociosque
3102 4587 3160 4630 in

681 4661 850 4704 insula
871 4659 1226 4703 Salsettnrum
1247 4665 1544 4712 peremptos
1563 4659 1722 4703 fuisse
1757 4657 1892 4702 Vide
1913 4665 1951 4702 t.
1972 4669 2027 4710 ιι,
2046 4669 2167 4712 pag.
2188 4658 2287 4708 223.
2309 4659 2433 4702 edit.
2456 4657 2764 4702 Bilbaensie.

765 4734 788 4764 2
844 4731 1004 4776 Tomo
1027 4741 1082 4784 ιι,
1105 4741 1226 4785 pag.
1247 4731 1344 4784 404,
1367 4741 1417 4774 n.
1435 4730 1532 4782 4833
1553 4737 1604 4774 et
1626 4736 1838 4782 teman,
1861 4741 1981 4784 pag.
1998 4729 2097 4782 488,
2118 4742 2172 4773 n.
2201 4731 2323 4774 1085.
