3742 5392
1607 461 1734 521 ΑΝ.
1781 462 1922 521 1554
2419 412 2424 423 Ι
2891 460 3004 521 650

510 619 939 690 -coeperunt,
974 618 1043 672 et
1068 610 1271 673 brevi
1301 609 1639 689 temporis
1678 608 1911 690 spatio
1959 608 2108 673 fere
2151 625 2396 673 omnes
2433 624 2827 673 conversae
2855 608 2996 673 fue-

529 726 719 791 runt,
760 725 830 779 et
868 725 1071 779 extra
1111 716 1359 779 urbem
1400 715 1759 780 domicilia
1790 715 1925 779 sibi
1969 716 2484 794 conduxerunt,
2519 724 2594 779 ut
2625 723 3001 796 separatae

530 842 577 887 a
602 824 905 887 tumultu
934 823 1209 887 urbano
1237 840 1503 887 novam
1529 823 1722 886 vitae
1752 822 2106 886 rationem
2136 823 2417 902 inirent,
2455 842 2546 887 ex
2569 823 2826 903 quibus
2853 830 3002 887 tres

534 931 711 994 viris
758 931 1075 995 honestis
1124 940 1549 1011 nupserunt:
1606 930 1845 1011 itaque
1905 930 1979 994 in
2025 929 2161 995 hoc
2212 930 2368 995 vitii
2422 946 2686 1011 genere
2735 946 2998 1009 magna

534 1037 937 1102 emendatio
968 1037 1167 1101 Goae
1197 1037 1354 1101 visa
1384 1046 1513 1101 est.

662 1144 837 1207 1414.
924 1143 1102 1209 Cum
1137 1154 1375 1209 autem
1415 1144 1491 1209 Ρ.
1540 1144 1920 1209 Balthasar
1963 1145 2076 1208 die
2107 1144 2418 1225 quodam
2460 1145 2643 1209 festo
2672 1152 2837 1225 post
2866 1161 3007 1207 me-

539 1251 789 1316 ridiem
820 1252 1387 1331 concionaretur,
1419 1252 1707 1331 gentilis
1738 1252 2025 1332 quidam
2055 1262 2337 1331 portam
2361 1252 2704 1316 ecclesiae
2734 1252 3008 1333 ingres-

534 1374 681 1437 5115,
716 1378 754 1421 e
783 1359 1074 1439 regione
1105 1368 1487 1438 suggestus
1515 1361 1659 1422 alta
1687 1376 1867 1422 voce
1925 1357 2161 1421 dicere
2202 1358 2435 1437 coepit
2475 1376 2552 1421 se
2601 1358 2784 1421 velle
2825 1357 3006 1422 chri·

540 1467 847 1530 stianum
875 1466 1050 1529 fieri:
1085 1465 1291 1547 jussit
1321 1483 1483 1529 eum
1521 1463 1597 1528 P.
1631 1466 2010 1529 Balthasar
2049 1464 2294 1529 sedere
2333 1464 2558 1557 donec
2603 1466 2858 1529 concio
2890 1466 3006 1528 ab·

538 1575 959 1651 solveretur3
994 1584 1238 1653 postea
1270 1573 1343 1635 in
1367 1571 1761 1651 Collegium
1790 1589 2174 1652 puerorum
2203 1589 2364 1635 eum
2394 1571 2706 1649 deduxit,
2733 1572 2854 1635 ubi
2871 1588 3006 1652 pro

544 1697 741 1743 more
770 1681 1158 1743 instructus
1186 1680 1261 1743 in
1289 1679 1746 1756 catechismO,
1777 1679 1896 1742 ubi
1926 1679 2122 1742 illum
2149 1678 2414 1757 didicit,
2449 1688 2519 1741 et
2547 1676 2696 1758 ejus
2727 1679 3008 1743 animus

542 1788 952 1867 exploratus
996 1795 1125 1864 est,
1172 1786 1599 1867 baptismum
1634 1804 1677 1849 a
1716 1786 1793 1849 P.
1828 1785 2049 1849 Paulo
2085 1784 2100 1815 ¹
2142 1786 2440 1866 accepit,
2485 1786 2602 1864 qui
2631 1802 2848 1849 manu
2878 1802 3010 1849 sua

546 1894 804 1957 multos
840 1894 1265 1957 christianos
1302 1894 1815 1973 baptizaverat,
1860 1903 1937 1957 ut
1967 1893 2092 1955 vix
2135 1909 2379 1956 eorum
2421 1908 2755 1955 numerus
2794 1900 2863 1957 et
2889 1891 3008 1955 ho—

552 2000 817 2064 minum
848 2002 1153 2081 qualitas
1184 1990 1530 2080 explicari
1558 2001 1802 2080 possit.

678 2108 853 2171 1415.
939 2106 1079 2171 Sed
1119 2108 1201 2183 is,
1244 2108 1364 2189 qui
1405 2108 1651 2171 ultimo
1689 2109 1846 2171 loco
1887 2107 2317 2187 baptismum
2354 2115 2755 2187 acceperat,
2791 2106 2881 2171 ad
2912 2107 3010 2169 in·

548 2216 780 2278 sulam
818 2214 1201 2295 quamdam
1238 2232 1459 2295 prope
1498 2214 1729 2278 Goam
1769 2231 1845 2277 se
1888 2214 2260 2278 conferens
2302 2214 2488 2293 (erat
2527 2214 2715 2277 enim
2753 2214 2854 2278 illi
2891 2229 3013 2294 pa·

548 2321 733 2401 tria),
779 2322 955 2385 alios
998 2322 1149 2401 ipse
1200 2321 1289 2384 ad
1331 2320 1541 2385 fidem
1591 2322 1946 2384 convertit
1994 2330 2064 2384 et
2115 2321 2207 2383 ad
2249 2319 2645 2400 Collegium
2695 2320 3011 2399 deduxit3

550 2445 847 2491 uxorem
892 2439 1130 2491 tamen
1180 2444 1383 2490 suam
1411 2428 1623 2491 valde
1665 2427 1916 2490 duram
1963 2428 2333 2491 invenerat
2373 2436 2442 2489 et
2485 2428 2558 2491 in
2601 2445 2844 2491 errore
2883 2446 3014 2491 suo

548 2535 1012 2612 obstinatam3
1046 2534 1169 2597 sed
1200 2544 1473 2597 tantum
1502 2536 1616 2597 vir
1643 2534 1873 2597 bonus
1903 2535 1974 2597 in
2003 2552 2088 2597 ea
2127 2535 2448 2615 urgenda
2487 2534 2903 2614 elaboravit,
2937 2545 3015 2599 ut

550 2642 839 2706 tandem
877 2653 945 2705 et
986 2642 1143 2721 ipsa
1181 2639 1271 2704 ad
1310 2640 1690 2704 Dominum
1730 2641 1820 2703 sit
1860 2657 2238 2720 conversa,
2271 2650 2340 2704 et
2378 2641 2470 2705 ad
2500 2641 3016 2705 institutionem

548 2748 981 2812 christianae
1010 2748 1374 2827 religionis
1402 2747 1926 2827 suscipiendam
1955 2747 2084 2811 fuit
2113 2747 2444 2811 adducta.

678 2854 853 2917 1416.
940 2855 1377 2919 Pervenerat
1428 2855 1659 2919 Goam
1689 2853 1768 2916 23
1810 2852 2243 2934 Septembris
2287 2871 2519 2917 novus
2569 2853 2868 2919 Pro-rex
2917 2854 3009 2917 D.

552 2962 805 3027 Petrus
828 2962 1362 3042 Mascaregna5‚
1392 2963 1512 3042 qui
1534 2962 1711 3026 duos
1732 2980 1821 3025 ex
1849 2962 2110 3024 nostris
2141 2978 2384 3025 secum
2412 2960 2731 3040 adduxit,
2764 2961 3014 3025 Patres

554 3070 881 3134 videlicet
930 3070 987 3133 F
991 3069 1393 3132 ranciscum
1422 3068 1717 3133 Vieram
1754 3078 1825 3131 et
1864 3067 2218 3132 Didacum
2259 3068 2344 3132 de
2385 3067 2690 3133 Soveral
2726 3068 2772 3149 ²,
2815 3078 2883 3133 et
2915 3070 3012 3133 ita

554 3178 861 3259 quinque
900 3177 1309 3240 sacerdotes
1350 3176 1549 3240 Goae
1592 3194 1748 3239 esse
1783 3184 2192 3257 coeperunt,
2231 3192 2401 3240 nam
2438 3185 2585 3240 tres
2612 3183 2890 3240 tantum
2921 3175 3016 3238 ibi

556 3285 755 3365 prius
800 3293 1026 3359 erant,
1074 3293 1143 3346 et
1183 3284 1365 3346 inter
1404 3300 1527 3347 eos
1576 3281 1653 3345 P.
1694 3282 2129 3346 Franciscus
2167 3282 2404 3363 Lopez
2453 3282 3016 3346 valetudinarius

560 3390 961 3466 admodum,
996 3399 1065 3453 et
1094 3402 1331 3453 tamen
1362 3389 1733 3453 dominicis
1764 3390 2016 3453 diebus
2055 3390 2240 3453 ultra
2269 3388 2562 3453 fluvium
2603 3388 2692 3452 ad
2723 3389 3016 3453 Missam

559 3497 937 3578 neophytis
974 3497 1347 3561 dicendam
1383 3498 1753 3561 transibat.
1806 3496 2018 3560 Pater
2065 3495 2328 3560 Paulus
2378 3497 2706 3561 assiduus
2748 3504 2904 3560 erat
2946 3497 3018 3559 in

558 3614 1171 3668 sacramentorum
1220 3622 1363 3667 non
1406 3605 1635 3667 solum
1678 3603 2146 3667 confessionis
2191 3613 2261 3666 et
2299 3604 2852 3683 communioniS,
2896 3604 3020 3668 sed

560 3711 893 3791 baptismi
942 3710 1156 3773 etiam
1206 3709 1943 3791 [administratione].
1999 3712 2136 3791 Qui
2204 3720 2440 3775 autem
2504 3710 2654 3791 J‘am
2697 3720 3017 3789 venerat,

560 3819 637 3882 P.
668 3817 913 3896 Viera,
948 3816 1349 3881 sublevavit
1378 3816 1453 3880 P.
1488 3818 1981 3881 Balthasarem
2013 3836 2228 3882 onere
2279 3818 2750 3883 concionandi
2799 3818 2872 3881 in
2899 3818 3022 3882 ho·

560 3924 823 4006 spitali:
856 3924 1422 3988 confessionibus
1448 3925 1663 3987 etiam
1692 3924 2062 3988 audiendis
2084 3942 2347 4005 magno
2392 3944 2553 3989 cum
2581 3928 2734 3989 zelo
2759 3926 3024 3989 anima·

566 4048 719 4096 rum
751 4031 969 4095 dabat
998 4048 1315 4111 operam.

691 4138 864 4201 1417.
952 4138 1030 4201 In
1061 4136 1380 4216 Collegio
1412 4145 1649 4200 autem
1679 4138 1990 4219 quotidie
2021 4140 2416 4203 christiana
2455 4140 2780 4203 doctrina
2808 4140 3024 4220 expli-

562 4246 862 4311 cabatur
912 4244 1226 4309 externis
1273 4244 1533 4323 pueriS,
1576 4261 1753 4324 quos
1802 4246 1992 4309 ultra
2039 4255 2398 4310 trecentos
2445 4246 2670 4311 frater
2711 4246 3024 4327 quidam,

562 4353 835 4417 scilicet
882 4351 1130 4414 Petrus
1180 4348 1267 4414 de
1315 4348 1666 4428 Almeida,
1723 4360 2064 4417 evocatos
2114 4354 2206 4416 ad
2247 4352 2702 4417 tintinnabuli
2747 4355 3030 4433 pulsum

649 4558 664 4590 ¹
723 4556 780 4601 P.
802 4557 997 4601 Paulus
1018 4556 1253 4601 Camers.

645 4629 668 4660 ²
724 4628 820 4673 Hic
842 4628 927 4673 ille
950 4628 1173 4673 Didacus
1193 4634 1291 4683 est,
1308 4628 1395 4682 qui
1414 4627 1636 4671 nondum
1656 4626 1920 4682 sacerdos,
1936 4627 2046 4683 jam
2061 4639 2274 4683 operam
2289 4639 2450 4685 regno
2467 4627 2630 4683 Congl
2647 4628 3034 4673 navarat.Vlde

560 4706 605 4745 t.
628 4711 659 4753 1,
680 4712 801 4755 pag.
817 4700 913 4754 253,
935 4706 986 4743 et
1007 4699 1103 4753 331,
1127 4711 1175 4743 11.
1196 4700 1291 4752 291,
1311 4706 1363 4743 et
1385 4705 1422 4745 t.
1444 4710 1517 4754 111,
1539 4710 1660 4754 pag.
1680 4698 1777 4753 450,
1800 4706 1977 4743 annot.
2000 4700 2022 4743 1
2043 4700 2110 4743 ad
2129 4711 2178 4744 11.
2200 4700 2295 4745 983.
