3742 5392
784 415 887 473 194
1694 414 1948 477 Canon.
1991 414 2144 476 Soc.
2187 416 2326 489 Jsss.

898 561 1041 624 415.
1128 560 1637 625 Monasterium
1691 561 1861 625 illud
1893 562 2390 641 AscensioniS,
2435 563 2520 627 de
2553 562 2756 644 cujus
2793 566 3252 631 inchoatione

776 688 964 733 anno
994 670 1379 751 praeterito
1410 686 1555 732 non
1584 685 1814 749 pauca
1843 669 2039 733 dicta
2069 681 2233 733 sunt
2268 668 2318 747 ¹,
2353 671 2488 734 hoc
2520 671 2669 735 fere
2697 690 2885 736 anno
2929 684 3079 738 toto
3119 676 3248 739 sub

772 794 950 840 cura
980 775 1357 840 Societatis
1385 776 1513 839 fuit
1533 825 1548 853 ,
1583 788 1651 839 et
1682 776 1950 857 aliquot
1981 776 2341 841 mensibus
2372 794 2532 841 eam
2559 777 2636 842 P.
2672 779 3028 843 Antonius
3076 780 3249 845 Vin·

774 884 977 951 chius
1005 884 1245 947 debuit
1276 884 1675 963 suscipere,
1718 884 1838 963 qui
1861 883 2074 947 etiam
2099 900 2344 947 curam
2391 885 2842 965 impendebat
2885 888 3092 951 alteri
3130 889 3247 969 pio

774 995 994 1074 operi,
1016 992 1264 1057 eodem
1281 990 1735 1071 praecedenti
1751 1008 1939 1053 anno
1957 991 2313 1070 inchoat0,
2334 993 2930 1072 muliercularum,
2949 995 3242 1073 scilicet,

774 1119 956 1183 quae
986 1118 1028 1163 a
1058 1098 1249 1179 turpi
1277 1098 1429 1161 vita
1460 1096 1551 1160 ad
1579 1097 1956 1161 honestam
1987 1098 2576 1177 traducebantur,
2610 1110 2684 1163 ut
2707 1100 2964 1163 ibidem
2996 1102 3246 1181 proba-

770 1217 1048 1286 rentur,
1081 1206 1308 1269 donec
1340 1206 1413 1268 in
1443 1221 1958 1277 conversarum
1983 1205 2493 1269 monasterium
2518 1206 3082 1287 ingrederentur,
3129 1212 3242 1271 vel

771 1318 1145 1379 honestam
1176 1313 1389 1375 aliam
1417 1313 1610 1375 vitae
1642 1312 1992 1375 rationem
2021 1312 2484 1393 susciperent.
2519 1310 2597 1375 In
2628 1314 2866 1393 priore
2894 1326 3244 1379 monaste-

773 1424 878 1486 rio
910 1423 1156 1486 decem
1188 1428 1257 1483 et
1286 1429 1556 1499 septem
1584 1419 1908 1497 virgines
1938 1428 2142 1482 erant
2161 1468 2176 1497 ,
2212 1436 2391 1500 quae
2423 1420 2678 1483 mirum
2707 1419 3003 1485 odorem
3033 1439 3238 1502 ange·

772 1532 953 1593 licae
984 1526 1353 1606 cujusdam
1380 1526 1574 1589 vitae
1602 1526 1837 1605 potius
1868 1542 2083 1606 quam
2114 1525 2468 1589 humanae
2506 1542 2635 1607 per
2675 1527 2920 1591 urbem
2961 1544 3244 1609 sparse-

772 1646 969 1715 rant,
1002 1652 1134 1697 nec
1165 1650 1435 1714 paucas
1464 1649 1637 1695 suae
1666 1632 2068 1695 sanctitatis
2108 1632 2298 1695 fama
2346 1632 2435 1695 ad
2479 1650 2685 1696 suum
2731 1636 3242 1699 monasterium

772 1742 1155 1819 invitabat;
1194 1740 1319 1803 sed
1348 1757 1433 1803 eo
1465 1750 1781 1819 tempore
1811 1740 2203 1803 consultius
2226 1739 2604 1803 videbatur
2628 1740 2806 1803 alias
2831 1758 2971 1805 non
2995 1743 3238 1806 admit-

772 1863 958 1923 tere;
994 1864 1113 1911 res
1142 1848 1331 1911 enim
1361 1863 1607 1911 earum
1638 1848 2067 1928 temporales
2110 1864 2363 1927 parum
2399 1846 2693 1911 firmiter
2733 1861 2938 1912 erant
2983 1853 3236 1915 consti—

771 1968 989 2033 tutae,
1024 1973 1154 2018 nec
1186 1964 1340 2019 erat
1369 1952 1753 2017 admodum
1782 1953 1919 2017 illis
1947 1970 2219 2034 aequus
2260 1952 2658 2018 Cardinalis
2688 1954 3168 2021 Messanensis
3210 1958 3231 1988 ²

770 2080 983 2145 quam
1020 2061 1217 2127 initio
1245 2061 1400 2139 fuit;
1424 2060 1716 2141 aequior
1738 2069 1978 2123 tamen
2011 2059 2265 2123 deinde
2289 2059 2580 2124 effectus
2609 2070 2738 2141 est,
2765 2074 2835 2125 et
2858 2063 3077 2143 ipsius
3100 2064 3234 2127 fra-

768 2183 902 2248 ter,
936 2170 1059 2251 qui
1087 2187 1130 2232 a
1158 2167 1499 2247 Pro-rege
1529 2168 1600 2230 in
1630 2168 1921 2231 vincula
1951 2166 2352 2247 conjectus,
2381 2169 2698 2233 animum
2727 2167 3042 2250 ejusdem
3069 2170 3234 2235 Car·

770 2276 1027 2341 dinalis
1070 2276 1510 2351 irritaverat,
1558 2274 2224 2351 deinde'liberatuS‚
2267 2276 2340 2338 in
2386 2274 2594 2356 hujus
2623 2278 2794 2341 novi
2823 2281 3238 2343 monasterii

768 2381 1459 2448 commendationem
1488 2381 1761 2445 litteras
1790 2380 1996 2445 sratri
2026 2381 2392 2447 Cardinali
2422 2383 2730 2463 scripsit.

886 2491 1027 2553 416.
1118 2490 1301 2569 Quia
1329 2506 1501 2552 vero
1532 2506 1677 2551 non
1704 2488 2033 2568 placebat
2063 2488 2139 2551 P.
2172 2488 2450 2569 Ignatio
2469 2499 2547 2553 ut
2569 2492 2796 2555 nostri
2818 2492 3090 2557 tamdiu
3119 2511 3234 2556 cu-

765 2616 919 2663 ram
950 2598 1122 2661 novi
1147 2596 1563 2660 monasterii
1584 2606 1918 2675 gererent
1941 2594 1995 2673 ³,
2023 2604 2346 2659 curatum
2371 2606 2478 2659 est
2502 2606 2579 2660 ut
2601 2608 2671 2660 et
2694 2595 3027 2663 Summus
3051 2600 3230 2663 Pon·

759 2704 937 2769 tifex
965 2721 1147 2785 quae
1176 2712 1340 2767 acta
1367 2702 1652 2767 fuerant
1682 2701 2164 2779 confirmaret,
2209 2713 2278 2766 et
2318 2712 2394 2765 ut
2439 2702 2726 2783 quidam
2770 2706 2906 2769 viri
2953 2706 3232 2771 honesti

764 2832 849 2875 ac
878 2813 979 2892 pii
1005 2828 1244 2874 rerum
1274 2810 1769 2891 temporalium
1798 2826 2049 2873 curam
2077 2810 2551 2891 susciperent;
2584 2829 2750 2875 nam
2775 2811 2850 2874 P.
2875 2812 3232 2878 Antonius

761 2919 1111 2983 Vinchius
1140 2935 1285 2981 non
1314 2918 1543 2981 solum
1572 2934 1805 2981 rerum
1843 2917 2320 2995 spiritualium
2347 2918 2472 2981 sed
2503 2928 2573 2981 et
2595 2921 3089 2998 temporalium
3114 2938 3228 2985 cu-

761 3044 918 3090 ram
948 3042 1163 3105 agere
1194 3024 1525 3101 debebat,
1560 3024 1789 3087 donec
1820 3024 2097 3087 externi
2129 3023 2228 3086 illi
2256 3024 2393 3087 hoc
2425 3041 2639 3087 onere
2678 3036 2966 3090 nostros
3003 3028 3227 3091 suble·

759 3142 1037 3197 varent.
1072 3130 1212 3197 Sed
1241 3130 1579 3211 quamdiu
1620 3131 1849 3193 nostri
1889 3146 2006 3193 res
2047 3146 2294 3193 earum
2339 3132 2718 3210 curabant,
2764 3132 3051 3197 domum
3089 3135 3227 3198 illis

760 3241 969 3304 valde
998 3238 1443 3303 commodam
1472 3245 1542 3301 et
1569 3237 1644 3301 in
1672 3244 1839 3299 aere
1877 3237 2144 3300 salubri
2189 3235 2715 3318 adjungendam
2759 3252 3220 3319 curaverunt,

756 3357 832 3410 ut
861 3348 1095 3410 minus
1123 3355 1320 3409 arcte
1349 3344 1775 3408 habitarent.
1809 3342 1887 3408 In
1916 3344 2134 3406 alium
2163 3344 2356 3425 pium
2387 3345 2621 3408 locum
2651 3346 3052 3425 quindecim
3083 3365 3222 3411 me-

757 3454 1050 3518 retrices
1079 3470 1157 3516 se
1188 3461 1638 3533 receperant,
1673 3468 1763 3515 ex
1807 3451 2062 3532 quibus
2106 3449 2476 3514 duodecim
2511 3454 3018 3517 monasterium
3062 3473 3222 3518 con·

754 3577 1128 3626 versarum
1154 3558 1431 3639 ing'redi
1460 3561 1836 3621 voluerunt
1866 3556 1912 3615 ⁴.

827 3804 845 3835 ¹
904 3800 1089 3856 snpra,
1112 3807 1149 3844 t.
1170 3809 1244 3852 111,
1262 3809 1383 3853 pag.
1397 3798 1479 3843 226
1498 3805 1549 3842 et
1570 3810 1694 3853 seq..
1710 3810 1793 3843 nn.
1810 3799 1892 3842 497
1909 3808 1958 3841 et
1975 3810 2084 3853 seq.
2102 3798 2236 3842 Vide
2258 3800 2418 3842 etiam
2439 3800 2648 3843 litteras
2663 3810 2694 3843 a
2711 3798 2954 3852 Polanco,
2973 3813 3039 3845 ex
3058 3814 3190 3847 com.
3203 3836 3216 3853 ,

746 3874 899 3917 datas
921 3872 1067 3915 Patri
1090 3870 1404 3925 Hieronymo
1424 3869 1721 3913 Domenech
1744 3870 1793 3912 16
1814 3868 2048 3921 januarii
2075 3869 2200 3913 1554.

830 3945 853 3975 '²
905 3943 1130 3997 joannes
1150 3942 1392 3986 Andreas
1414 3940 1476 3984 de
1498 3940 1766 3985 Mercurio.
1790 3940 1924 3985 Vide
1946 3952 2123 3996 supra,
2145 3950 2182 3985 t.
2206 3952 2280 3992 111,
2303 3952 2422 3995 pag.
2440 3940 2535 3992 228,
2558 3952 2608 3984 n.
2628 3941 2724 3985 501.

824 4018 845 4046 ’ν
900 4015 1043 4068 Quae
1062 4026 1095 4059 a
1114 4025 1165 4058 n.
1184 4014 1261 4057 411
1283 4014 1545 4067 hucusque
1568 4014 1915 4065 continentur,
1937 4012 2208 4067 desumpta
2228 4022 2348 4056 sunt
2369 4023 2432 4055 ex
2455 4013 2668 4061 litteris,
2689 4024 2818 4068 quas
2838 4015 3001 4059 habes
3029 4017 3079 4059 in
3101 4015 3219 4059 Lit-

741 4090 894 4131 terae
915 4086 1375 4140 Quadrimestres,
1398 4092 1433 4129 t.
1456 4096 1507 4139 11,
1528 4095 1650 4139 pag.
1668 4084 1751 4128 528
1771 4084 1868 4137 533,
1892 4092 1945 4128 et
1963 4095 2084 4139 pag.
2107 4083 2312 4128 702-705.

819 4159 843 4189 ⁴
898 4156 1048 4202 Haud
1069 4157 1222 4201 facile
1244 4157 1339 4199 fuit
1370 4154 1623 4200 societati
1652 4156 1788 4199 hane
1818 4166 2000 4199 curam
2021 4162 2294 4208 excutere;
2317 4155 2618 4210 praevaluit
2647 4164 2825 4200 tamen
2845 4156 3038 4211 Ignatii
3059 4156 3214 4203 firma

735 4238 788 4273 et
810 4236 1053 4275 constane
1074 4230 1333 4275 voluntas,
1352 4236 1418 4270 ex
1438 4228 1583 4282 cujus
1602 4237 1751 4277 com„
1774 4226 1905 4270 haee
1926 4226 2183 4271 Polancua
2203 4224 2520 4281 Hieronymo
2543 4226 2839 4271 Domenech
2869 4229 3134 4274 scribebat
3158 4229 3213 4273 25

736 4301 1047 4345 Novembris
1070 4300 1193 4343 1554:
1214 4298 1526 4343 “Continuat
1547 4299 1626 4342 las
1648 4298 1968 4342 confesiones
1988 4298 2050 4342 de
2082 4299 2236 4353 nquel
2264 4298 2596 4350 monasterio,
2618 4298 2788 4354 yendo
2823 4299 3110 4344 solamente
3131 4303 3211 4345 los

733 4374 957 4417 sabados
972 4405 983 4426 ,
1006 4383 1148 4415 como
1170 4370 1234 4413 V.
1256 4368 1317 4413 R.
1340 4370 1566 4423 enci-ive,
1590 4381 1683 4424 por
1714 4370 1975 4413 ordinario
2006 4382 2040 4426 y
2061 4369 2375 4424 predicando
2409 4370 2502 4413 alli
2529 4370 2767 4423 algunos.
2791 4381 2936 4415 como
2967 4383 3032 4416 en
3067 4379 3212 4417 otros

732 4443 1093 4495 monasterios,
1114 4452 1170 4486 se
1190 4442 1354 4497 podra
1376 4442 1553 4493 hacer;
1576 4452 1701 4496 pero
1720 4440 2050 4485 advirtlendo
2072 4451 2170 4495 que
2189 4450 2256 4485 no
2276 4452 2332 4485 es
2352 4452 2475 4486 coen
2497 4450 2596 4495 que
2614 4452 2670 4484 se
2689 4440 2762 4487 ha
2781 4441 2843 4485 de
2863 4450 3149 4497 perpetuat
3173 4456 3208 4500 y

732 4516 1059 4570 procurando
1080 4514 1323 4569 disponer
1343 4514 1535 4568 alguno
1558 4524 1689 4569 para
1710 4525 1806 4568 que
1827 4515 1969 4567 haga
1991 4522 2100 4557 este
2123 4512 2270 4557 oficio
2291 4513 2678 4567 debidamente;
2701 4525 2736 4569 y
2756 4512 2897 4557 seria
2917 4516 3083 4559 bueno
3105 4527 3208 4569 que

730 4588 923 4631 hlciese
944 4588 1092 4637 (unus
1113 4586 1195 4629 hic
1218 4592 1479 4637 externus,
1497 4584 1577 4628 cui
1601 4584 1903 4628 monasterii
1921 4594 2048 4628 cura
2069 4585 2278 4628 tandem
2299 4592 2418 4627 erat
2437 4583 2822 4636 transferenda)
2842 4585 2921 4628 los
2937 4586 3211 4640 ejerciclos

728 4674 763 4716 y
786 4661 987 4704 tuviese
1009 4661 1059 4703 lo
1082 4661 1192 4703 mas
1212 4668 1309 4712 que
1332 4668 1386 4701 se
1406 4656 1618 4712 pudicae
1638 4664 1850 4700 nuestro
1873 4657 2023 4700 modo
2044 4657 2105 4699 de
2127 4656 2430 4711 proceden„
