3742 5392
672 400 781 461 264
1591 401 1847 461 Canon.
1891 400 2048 461 Soc,
2085 402 2228 475 Jas.

676 557 753 611 ut
782 549 854 612 in
884 548 1182 628 singulis
1210 548 1629 613 lectionibus
1659 566 1801 611 non
1829 548 2040 629 pauci
2071 548 2432 613 auditores
2459 558 2695 613 essent
2715 600 2730 629 ,
2761 567 2974 631 posse
2995 550 3144 614 Ma-

670 653 1002 733 jestatem
1029 656 1304 736 regiam
1332 673 1461 737 pro
1492 664 1775 719 centum
1806 656 2254 719 scholasticis
2282 655 2716 721 dotationem
2749 658 3025 737 collegii
3045 658 3143 723 fa·

680 780 873 843 cere,
905 772 983 827 ut
1010 764 1114 827 sic
1144 763 1424 827 demum
1447 781 1537 827 ex
1566 764 1829 828 nostris
1857 764 2180 843 singulae
2211 764 2500 827 scholae
2529 765 2935 843 superiores
2967 766 3143 829 satis

679 872 941 933 multos
964 870 1322 933 auditores
1350 870 1693 935 haberent
1736 869 1775 932 ¹.

798 978 941 1039 567.
1027 976 1168 1041 Sed
1194 994 1490 1058 prorsus
1518 979 1702 1041 male
1730 978 2038 1042 habebat
2067 978 2567 1042 Universitatis
2589 987 2656 1040 et
2677 977 2894 1041 totius
2917 980 3140 1052 eccle-

678 1086 826 1147 siae
857 1094 1083 1148 status
1114 1083 1507 1164 negotium,
1542 1085 1730 1165 quod
1759 1085 1896 1148 hoc
1927 1093 2348 1165 argumento
2385 1083 2819 1147 Labacensis
2856 1084 3142 1165 Episco-

682 1208 815 1270 pus
844 1192 1289 1271 ostendebat,
1324 1191 1514 1272 quod
1542 1192 1775 1255 nullus
1816 1191 2331 1256 Viennensium
2370 1190 2634 1255 civium
2674 1192 2843 1255 totis
2879 1193 3140 1272 viginti

678 1298 886 1361 annis
916 1299 1319 1378 praeteritis
1348 1298 1441 1361 ad
1470 1298 1950 1363 sacerdotium
1989 1297 2395 1379 promoveri
2449 1297 2791 1361 voluisset
2826 1296 2872 1375 ⁸,
2917 1310 2992 1361 ut
3025 1300 3149 1363 mi-

679 1423 814 1469 nus
842 1405 1243 1470 mirandum
1272 1406 1363 1469 sit
1393 1406 1585 1486 quod
1606 1405 1861 1486 aliquis
1887 1424 1976 1469 ex
1999 1406 2265 1468 nostris
2287 1403 2696 1469 doctoribus
2726 1403 3144 1469 Viennensi·

680 1513 811 1576 bus
840 1512 1277 1576 existimaret
1304 1512 1612 1576 fructum
1638 1530 1888 1592 parum
1918 1512 2207 1575 uberem
2235 1512 2331 1575 ibi
2375 1512 2644 1591 colligi,
2679 1522 2748 1575 et
2771 1512 2844 1575 in
2866 1512 3150 1577 missio-

680 1620 885 1685 nibus
944 1638 1068 1700 per
1128 1620 1331 1683 varia
1398 1621 1559 1683 loca
1622 1619 2089 1683 discurrendo
2157 1619 2556 1683 uberiorem
2626 1619 2836 1698 longe
2905 1620 3151 1700 colligi

680 1744 890 1808 posse
930 1725 976 1786 ³.
1073 1780 1098 1789 ,

798 1832 940 1898 568.
1030 1834 1235 1913 Quod
1264 1842 1501 1897 autem
1532 1834 1617 1897 de
1648 1833 2152 1897 reformatione
2181 1832 2544 1913 religionis
2585 1832 3032 1914 quibusdam,
3069 1843 3146 1898 ut

683 1942 1012 2022 superius
1042 1941 1357 2019 memini,
1390 1940 1831 2021 propositum
1860 1940 2116 2019 fuerat,
2149 1939 2355 2003 simui
2387 1956 2550 2003 cum
2579 1938 2708 2003 ΡΡ.
2754 1940 3044 2005 Canisio
3074 1952 3148 2005 et

683 2047 1014 2129 Lanoyo,
1049 2048 1235 2111 lente
1264 2047 1722 2127 procedebat,
1759 2056 1829 2110 et
1860 2064 2042 2127 quae
2079 2048 2306 2111 nostri
2335 2044 2604 2111 Romae
2633 2057 3144 2127 suggesserant

680 2155 777 2219 ad
803 2155 876 2219 id
904 2154 1266 2235 negotium
1294 2154 1891 2235 promovendum,
1925 2154 1996 2217 in
2024 2154 2386 2218 meliorem
2426 2154 2876 2218 occasionem
2919 2172 3143 2218 reser-

680 2264 971 2343 vabant,
1002 2271 1079 2326 ut
1098 2262 1409 2326 fructum
1433 2260 1834 2326 uberiorem
1855 2261 2216 2326 adferrent
2239 2258 2286 2341 ⁴;
2307 2262 2738 2342 suggerebat
2761 2272 3000 2325 autem
3023 2260 3151 2327 Ca-

680 2370 905 2435 nisius
933 2373 1173 2452 plures
1201 2371 1478 2450 legatos
1516 2369 1976 2449 Apostolicos
2014 2369 2087 2432 in
2125 2369 2573 2433 vastissimas
2623 2370 2781 2432 illas
2823 2370 3153 2450 regiones

678 2478 1270 2559 septentrionales
1300 2477 1679 2540 mittendos
1708 2494 1888 2539 esse.

798 2586 941 2649 569.
1028 2584 1208 2648 Cum
1238 2584 1499 2665 optime
1528 2584 1614 2647 de
1644 2582 2000 2647 Societate
2029 2581 2326 2646 meritus
2355 2582 2442 2646 D.
2483 2583 2736 2665 Jonas,
2781 2582 3144 2648 Cancella-
3207 2600 3214 2606 ·

682 2693 853 2771 riuS,
887 2691 1598 2756 communicationem
1626 2691 1975 2755 bonorum
1999 2688 2380 2754 Societatis
2403 2690 2535 2753 sibi
2559 2689 2710 2754 fieri
2731 2690 2990 2755 devote
3025 2708 3146 2772 po-

678 2800 1016 2863 stulasset
1038 2848 1053 2879 ,
1086 2808 1154 2862 et
1184 2798 1468 2879 quidem
1496 2797 1751 2861 litteris
1780 2796 1857 2859 P.
1905 2796 2164 2877 Ignatii
2202 2796 2272 2859 id
2311 2805 2787 2861 contestatum
2823 2806 3137 2879 cuperet,

680 2914 750 2969 et
774 2905 979 2986 juxta
1008 2915 1253 2970 votum
1283 2904 1733 2983 obtinuisset,
1768 2920 2084 2968 summas
2113 2903 2213 2966 illi
2251 2902 2527 2983 gratias
2567 2920 2825 2984 agen5‚
2863 2922 3146 2969 omnem

678 3031 884 3077 suam
914 3030 1206 3093 operam
1235 3010 1573 3075 Societati
1604 3010 2116 3073 officiosissime
2147 3008 2596 3091 impendebat
2645 3008 2690 3071 ⁵.

763 3290 779 3323 ¹
840 3292 982 3343 Quae
1002 3290 1237 3333 breviter
1257 3296 1369 3333 toto
1390 3288 1485 3333 hoc
1508 3298 1646 3332 num.
1664 3288 1747 3331 566
1765 3286 1910 3331 dicta
1928 3292 2048 3331 sunt
2063 3320 2074 3342 ,
2097 3287 2258 3331 fusius
2279 3288 2516 3341 exposita
2535 3289 2866 3343 reperiuntur
2885 3290 2937 3333 in
2957 3289 3156 3335 litteris

680 3376 712 3409 a
734 3364 960 3409 Polanco
977 3396 988 3415 ,
1012 3373 1077 3405 ex
1096 3373 1244 3413 com.,
1268 3360 1413 3404 Patri
1435 3358 1649 3403 Nicolao
1673 3358 1922 3403 Goudano
1943 3359 2080 3403 datis
2099 3358 2128 3403 9
2147 3357 2388 3403 Octobris
2411 3359 2531 3403 1554.

761 3438 785 3471 Ω
868 3436 960 3480 His
979 3434 1170 3483 verbis,
1184 3444 1317 3488 quae
1335 3443 1521 3487 parum
1538 3431 1811 3475 immutata
1832 3430 1885 3475 in
1904 3442 2052 3474 suam
2069 3430 2277 3475 canisii
2301 3429 2479 3474 Vitam
2497 3432 2828 3486 transcripsit
2847 3432 3152 3485 Saccumum.

681 3522 732 3565 p.
761 3509 841 3561 9⁶,
863 3508 1007 3552 addit
1042 3506 1480 3549 Eunomianam:
1502 3502 1607 3547 “Ac
1630 3502 1958 3547 Fredert'cus
1977 3502 2196 3559 Nausea
2217 3503 2487 3557 episcopus
2505 3503 2802 3547 viennensis
2834 3501 2970 3547 haud
2993 3507 3154 3549 multo

684 3588 805 3627 ante
838 3584 1149 3633 conquestus
1183 3582 1327 3619 erat:
1361 3574 1691 3619 «paucissimi
1727 3574 1888 3625 enim,
1923 3572 2013 3617 vix
2043 3584 2175 3617 unus
2207 3582 2298 3618 aut
2330 3574 2468 3617 alter
2501 3584 2530 3617 e
2563 3574 2756 3619 scholis
2781 3574 3157 3621 Viennensibus

682 3654 941 3700 interdum
968 3650 1223 3705 prodeunt
1244 3646 1460 3699 Clerici,
1483 3654 1536 3689 et
1558 3652 1733 3690 tamen
1764 3645 1814 3689 in
1836 3644 2066 3689 civitate
2087 3644 2370 3691 Viennensi
2400 3645 2515 3699 plns
2538 3646 2704 3690 minus
2737 3652 3011 3692 sexcentos
3039 3658 3160 3691 con·

683 3732 792 3771 stat
813 3736 927 3768 esse
949 3722 1227 3767 scholares
1246 3726 1298 3763 et
1320 3719 1621 3763 studiosos.»
1642 3718 2006 3773 (Episcopatus
2022 3716 2330 3762 Viennensis
2349 3718 2592 3761 Austriae
2609 3718 2932 3763 Gravamina
2953 3720 3016 3763 ed
3034 3719 3159 3763 Seb-

684 3799 943 3843 Brunner
984 3795 1037 3838 in
1075 3792 1325 3837 “Studien
1365 3790 1467 3835 und
1500 3790 1892 3843 Mittheilungen
1931 3800 2027 3834 aus
2066 3789 2181 3833 dem
2221 3788 2589 3835 Benediktiner
2624 3791 2727 3834 und
2762 3790 3158 3835 Cisterzienser.

682 3871 901 3915 Orden...
938 3868 981 3912 4.
1015 3866 1189 3918 iahrg.
1221 3862 1287 3909 11.
1320 3862 1806 3917 [wurzburg-Vvlen
1840 3862 1990 3915 18831,
2017 3862 2271 3915 162-164.).„
2303 3860 2511 3905 Canisii
2530 3861 2816 3917 Epistulae
2851 3865 2902 3906 et
2922 3863 3076 3915 Acta,
3110 3862 3150 3913 1.

685 3954 807 3999 pag.
826 3942 923 3993 444,
946 3944 1122 3983 annot.
1148 3934 1375 3980 l.-Vide
1396 3946 1573 3990 supra,
1597 3947 1643 3978 n.
1661 3934 1759 3978 556.

764 4014 787 4045 ³
846 4014 893 4057 is
922 4020 1037 4055 erat
1062 4010 1116 4053 P.
1140 4009 1385 4053 Nicolaus
1405 4006 1711 4059 Gondanus,
1733 4014 1789 4050 ut
1818 4018 1886 4049 ex
1907 4005 2116 4051 Polsnci
2136 4005 2331 4049 litteris
2351 4004 2569 4057 eruitur,
2591 4005 2776 4061 quibus
2797 4006 2910 4060 ejus
2931 4006 3160 4051 animum

685 4085 993 4141 quandoque
1014 4082 1187 4135 erigit.
1210 4078 1342 4123 Vide
1367 4090 1525 4133 supra
1542 4111 1553 4131 ,
1576 4090 1625 4121 n.
1647 4078 1743 4121 ὄπ.

768 4158 791 4190 ⁴
844 4156 979 4200 Vide
998 4164 1173 4208 supra.
1194 4163 1314 4207 pag.
1336 4150 1433 4204 259,
1455 4162 1501 4195 n.
1520 4150 2051 4204 558.-“Expectamus
2081 4148 2344 4192 meliorem
2375 4148 2699 4193 occasionem
2715 4182 2726 4202 ,
2747 4156 2803 4193 ut
2823 4160 2955 4204 quse
2977 4149 3043 4193 sd
3064 4148 3163 4192 Re-

683 4229 1011 4275 formandum
1044 4226 1128 4269 hic
1159 4224 1443 4279 Religionis
1476 4229 1673 4267 statum
1708 4221 2324 4277 proposuistis.fructum
2357 4222 2582 4275 aliquem
2615 4220 3162 4281 adferant,⁴CHRisto

685 4302 946 4355 largiente
968 4331 992 4351 ,,
1013 4297 1250 4342 canisius
1274 4296 1495 4340 Poianco
1518 4296 1569 4338 16
1588 4293 1827 4338 Octobris
1848 4292 1970 4336 155³.
1993 4293 2421 4341 Bsausssncsa.
2437 4293 2472 4338 l.
2493 4304 2556 4341 c..
2577 4304 2696 4347 pag.
2717 4293 2816 4337 502.

773 4372 795 4406 ³
852 4372 977 4425 “Qui
1015 4371 1061 4415 si
1098 4370 1349 4414 mandera
1386 4368 1559 4423 quella
1594 4365 2054 4411 communicatione
2092 4365 2226 4408 delle
2261 4364 2432 4419 gratie
2471 4365 2610 4409 della
2649 4364 2970 4421 Compagnis
3004 4376 3098 4420 per
3127 4365 3158 4407 il

687 4445 963 4503 magnifico
986 4442 1315 4489 cancellario
1350 4438 1543 4493 Giona,
1563 4438 1601 4482 il
1632 4439 1783 4492 quale
1818 4438 2056 4481 salutata
2092 4436 2489 4481 officiosamente
2529 4438 2582 4480 la
2617 4436 2674 4481 R.
2697 4436 2764 4480 V.
2785 4448 2878 4492 per
2911 4442 3063 4492 parte
3097 4437 3162 4479 de

688 4519 882 4563 Nostro
912 4516 1121 4571 Padre.„
1142 4515 1413 4565 Polancus.
1436 4523 1503 4557 ex
1530 4524 1680 4562 com..
1704 4510 1847 4554 Patri
1880 4508 2088 4554 Canislo
2119 4508 2170 4552 10
2204 4508 2524 4564 Septembris
2545 4508 2666 4553 155⁴.
2687 4508 2854 4564 Prius,
2875 4520 2966 4563 sc„
2988 4508 3041 4551 16
3057 4508 3162 4551 Au·

693 4592 834 4645 gusti
868 4590 1153 4645 scripserat
1186 4586 1413 4630 Polanco
1452 4582 1713 4629 canisius:
1742 4581 2032 4634 “Quoniam
2063 4592 2190 4625 vero
2224 4580 2276 4624 in
2315 4579 2625 4635 cancellari]
2656 4580 2969 4625 mentionem
3001 4579 3157 4623 incidi

688 4661 772 4715 (D.
796 4660 1073 4706 Doctorem
1094 4658 1344 4713 jacobum
1364 4656 1548 4711 jonam
1570 4667 1683 4699 eum
1706 4654 1921 4703 vocant)
1935 4685 1946 4705 ,
1967 4652 2064 4697 hoc
2083 4652 2217 4697 sciat
2237 4652 2396 4697 veiim
2413 4652 2690 4707 prudentia
2710 4656 2802 4697 tua
2817 4684 2828 4704 ‚
2850 4652 3022 4697 virum
3049 4661 3164 4695 esse
