3742 5392
1633 473 1759 532 ΑΝ.
1809 475 1947 534 1554
2925 475 3035 533 499

563 627 688 690 tali
739 625 860 705 qui
900 623 1050 703 Jam
1089 632 1515 698 recesserat,
1556 632 1935 703 propterea
1978 623 2165 704 quod
2215 623 2557 705 scriptum
2602 623 2836 688 suerat
2877 641 3023 703 eoS,

557 733 686 814 qui
715 733 933 795 semel
959 728 1170 810 ejecti
1197 738 1456 809 essent,
1490 729 1549 793 si
1581 731 1840 794 iterum
1866 731 2089 810 recipi
2119 747 2197 793 se
2221 731 2701 812 postularent,
2726 729 3027 795 Romam

567 840 914 904 venirent.
947 837 1148 900 Haec
1177 838 1333 918 ipsa
1363 855 1526 917 spes
1556 837 2089 918 qualiscumque
2128 837 2397 901 laetitia
2438 837 2771 902 affectum
2809 839 3030 902 homi-

559 963 730 1011 nem
756 964 900 1011 non
930 943 1268 1008 mediocri
1296 944 1686 1020 recreavit,
1721 952 1790 1007 et
1819 945 1956 1007 hoc
1985 945 2312 1008 miraculi
2342 948 2500 1009 loco
2530 945 2850 1010 habitum
2872 945 3027 1025 fuit,

557 1053 756 1135 quod
785 1062 1162 1132 postquam
1191 1052 1306 1115 ille
1333 1049 1662 1115 Rectoris
1689 1052 2025 1132 potestati
2055 1068 2132 1114 se
2161 1050 2460 1132 subJecit
2478 1101 2493 1132 ,
2536 1053 2867 1132 quamvis
2903 1069 3033 1133 pes

567 1161 779 1226 fuerit
825 1161 891 1224 ei
938 1158 1336 1234 abscissus,
1385 1159 1682 1222 ulterius
1731 1159 2034 1238 putredo
2074 1151 2461 1238 progressa
2502 1176 2649 1223 non
2690 1161 2815 1238 sit,
2862 1177 3029 1223 nam

571 1267 830 1334 medici
857 1267 1053 1330 iilum
1081 1283 1239 1329 esse
1267 1263 1775 1345 amputandum
1806 1265 2169 1344 dicebant,
2209 1283 2342 1329 nec
2385 1266 2603 1330 ullam
2648 1267 2748 1330 illi
2785 1267 3033 1331 morbo

571 1375 998 1440 medicinam
1027 1389 1238 1454 posse
1268 1371 1598 1452 reperiri:
1633 1373 1922 1451 rogavit
1962 1383 2201 1437 autem
2244 1373 2359 1437 ille
2400 1383 2479 1437 ut
2518 1374 2739 1455 aliqui
2780 1392 2873 1437 ex
2912 1391 3035 1438 no·

565 1477 741 1547 'stris
770 1481 1104 1545 adessent
1131 1478 1300 1543 dum
1336 1496 1464 1559 pes
1507 1478 2078 1558 abscinderetur3
2126 1481 2324 1544 missi
2366 1480 2652 1544 fuerunt
2694 1480 2769 1543 P.
2814 1481 3033 1545 Fran·

573 1592 810 1654 ciscus
838 1588 1242 1667 Henriquez
1269 1603 1432 1650 cum
1461 1585 1539 1649 P.
1573 1585 1780 1649 Cotta
1801 1635 1816 1665 ,
1849 1600 1919 1649 et
1947 1603 2107 1650 cum
2138 1605 2394 1651 nomen
2422 1587 2593 1670 Jesu
2622 1588 2907 1668 saepius
2938 1589 3036 1652 illi

575 1698 917 1760 iterarent
945 1695 1114 1758 dum
1151 1711 1277 1774 pes
1317 1691 1889 1772 abscinderetur,
1925 1703 2197 1757 tantum
2240 1695 2515 1758 roboris
2557 1695 2671 1758 ille
2710 1696 3032 1775 sumpsit,

579 1814 654 1866 ut
685 1801 1143 1867 abscissionis
1172 1800 1488 1864 dolorem
1519 1800 1773 1876 ullum,
1815 1808 1893 1863 ut
1922 1801 2073 1880 ipse
2114 1799 2506 1879 fatebatur,
2550 1803 2679 1865 vix
2716 1803 3034 1866 sentiret.

703 1908 878 1974 1054.
964 1907 1376 1972 Invisebant
1402 1918 1643 1970 autem
1671 1926 1834 1971 eum
1861 1907 2079 1988 aliqui
2118 1909 2376 1985 nostri,
2421 1927 2599 1988 quos
2638 1910 2753 1972 ille
2790 1911 3039 1974 beatos

581 2027 792 2099 atque
819 2016 1092 2096 felices,
1135 2014 1728 2095 quandocumque
1769 2014 2090 2094 videbat,
2139 2017 2287 2079 alta
2324 2034 2504 2080 voce
2548 2017 2947 2097 appellabat
2994 2015 3033 2081 ¹.

571 2121 1192 2205 Quemadmodum
1225 2130 1462 2186 autem
1492 2122 1643 2202 ipse
1673 2121 1920 2184 scribit
1950 2119 2026 2184 P·.
2066 2122 2346 2201 Ignatio
2384 2140 2626 2187 mense
2665 2123 2878 2206 Junio
2917 2124 3041 2188 hu-

582 2233 698 2312 jus
727 2231 894 2295 anni
915 2278 930 2309 ,
963 2229 1212 2293 eodem
1241 2238 1592 2309 tempore,
1627 2245 1766 2309 quo
1794 2227 2047 2308 pedem
2076 2230 2635 2295 abscindendum
2681 2231 2894 2312 dedit,
2939 2242 3043 2296 to·

585 2351 732 2402 tum
761 2354 1022 2418 corpus
1051 2345 1122 2400 et
1151 2335 1464 2400 animam
1492 2335 1939 2399 obedientiae
1968 2353 2059 2400 ex
2098 2337 2335 2401 animo
2379 2340 2776 2418 resignavit
2797 2387 2811 2414 ,
2858 2351 2930 2403 et
2968 2351 3041 2402 ut

584 2447 801 2511 filium
830 2444 1210 2526 prodigum
1239 2460 1318 2506 se
1345 2442 1567 2522 recipi
1594 2444 1929 2523 postulat.
1962 2443 2049 2506 Et
2080 2445 2445 2508 convaluit
2474 2446 2677 2509 brevi
2715 2463 2807 2509 ex
2845 2446 3045 2527 pedis

585 2553 867 2632 morb0,
902 2560 972 2615 et
1009 2551 1298 2614 innixus
1337 2549 1615 2613 duobus
1655 2549 1930 2613 baculis
1972 2550 2337 2614 ambulare
2378 2553 2641 2631 coepit,
2684 2561 2755 2615 et
2800 2553 3045 2616 scribit

589 2663 1136 2723 instrumentum
1165 2657 1524 2738 quoddam
1553 2656 1686 2720 sibi
1716 2657 1971 2721 confici
2020 2675 2161 2738 quo
2208 2667 2451 2736 posset
2487 2660 2875 2723 ambulare.
2914 2658 3049 2723 Fa-

587 2776 779 2830 tetur
808 2766 1054 2844 etiam‚
1087 2781 1250 2828 cum
1276 2781 1404 2845 pes
1431 2764 1532 2827 illi
1560 2764 1923 2828 abscissus
1952 2763 2115 2842 fuit,
2149 2773 2512 2845 tamquam
2554 2765 2643 2829 de
2680 2766 2966 2830 inimico
3006 2784 3049 2828 a

581 2892 664 2937 se
694 2882 1029 2954 separato
1054 2873 1396 2936 laetatum
1423 2869 1672 2951 fuisse,
1705 2881 1776 2934 et
1803 2888 2069 2951 magna
2100 2871 2419 2935 interiori
2447 2873 2931 2936 consolatione
2960 2891 3052 2936 ex

591 2998 717 3063 spe
748 2981 999 3045 salutis
1027 2996 1199 3044 suae
1229 2990 1516 3043 eternae
1543 2977 1908 3060 perfusum
1936 2979 2175 3044 fuisse.
2218 2979 2399 3042 Cum
2436 2988 2673 3044 autem
2716 2979 3051 3061 expedire

591 3089 825 3152 visum
866 3105 1014 3151 non
1053 3086 1303 3151 fuisset
1339 3093 1418 3148 ut
1451 3086 1529 3149 in
1569 3083 2002 3150 Societatem
2043 3087 2106 3149 is
2150 3087 2678 3166 admitteretur,
2725 3089 3053 3168 quamvis

588 3213 752 3260 cum
781 3195 960 3276 pede
989 3195 1257 3274 ligneo,
1287 3192 1535 3257 utilem
1563 3203 1802 3257 tamen
1832 3209 2123 3272 operam
2164 3193 2708 3259 conimbricensi
2746 3193 3053 3260 dioecesi

585 3303 889 3367 navavit
909 3352 924 3381 ,
957 3318 1124 3365 nam
1154 3301 1450 3365 liberum
1473 3299 1622 3380 jam
1651 3301 1740 3362 ab
1771 3300 2225 3380 obligatione,
2253 3317 2468 3382 quam
2490 3302 2797 3368 habebat
2820 3302 3054 3368 Socie-

591 3412 756 3490 tati,
809 3410 1209 3490 Episcopus
1264 3406 1288 3439 ⁸
1345 3425 1506 3472 eum
1563 3407 1848 3470 admisit
1898 3416 1968 3470 et
2017 3406 2169 3488 ejus
2218 3425 2435 3488 opera
2485 3409 2577 3472 ad
2623 3426 2743 3473 res
2796 3412 3057 3474 multas

591 3533 763 3579 usus
793 3526 923 3580 est.

719 3623 894 3688 1055.
979 3622 1413 3688 Excesserat
1435 3639 1527 3686 ex
1555 3621 1742 3686 vivis
1771 3620 2061 3702 quidam
2089 3622 2311 3686 frater
2332 3631 2574 3687 noster
2598 3622 3013 3706 Alphonsus
3040 3627 3061 3654 ⁵

593 3733 915 3809 nomine,
947 3730 1036 3794 de
1067 3727 1269 3810 cujus
1297 3729 1448 3792 vita
1491 3745 1654 3792 cum
1695 3728 1955 3792 medici
1996 3729 2530 3810 desperassent,
2575 3739 2647 3795 et
2692 3733 3063 3797 vehemen-

593 3839 887 3904 tissimis
915 3837 1229 3901 febribus
1259 3845 1668 3915 urgeretur,
1702 3834 1979 3899 duabus
2006 3844 2246 3901 tamen
2275 3837 2579 3918 integris
2608 3839 2805 3903 horis
2842 3844 3065 3922 quoti-

592 3947 743 4024 die,
778 3955 853 4010 ut
881 3954 1129 4026 postea
1159 3944 1592 4006 intellectum
1628 3950 1770 4020 est,
1804 3943 2385 4024 contemplationi
2423 3946 2737 4010 vacabat
2750 3991 2766 4024 ,
2807 3957 2879 4012 et
2919 3949 3067 4029 pia-

683 4151 700 4184 1
760 4151 901 4205 Quae
922 4161 955 4194 a
975 4160 1024 4193 n.
1049 4148 1151 4192 1051
1173 4148 1437 4201 hucusque
1467 4147 1678 4202 scripsit
1700 4145 1974 4202 Polaticus,
2006 4156 2353 4195 enarraverat
2368 4183 2379 4204 ,
2404 4161 2683 4207 suppresso
2716 4154 2870 4210 hujus
2895 4165 3069 4200 sacer-

592 4224 736 4270 dotis
753 4221 958 4266 nomine
976 4253 989 4271 .
1008 4220 1075 4265 fr.
1097 4219 1341 4264 Nicotaus
1361 4218 1593 4263 Gracida
1613 4219 1824 4272 litteris,
1843 4231 1974 4274 quas
2003 4231 2071 4265 ex
2098 4223 2478 4267 commissione
2503 4224 2675 4270 Patris
2694 4226 2884 4271 Leonis
2918 4226 3073 4273 Enri-

597 4307 725 4351 quez
745 4295 886 4338 dedit
907 4293 973 4338 ad
992 4292 1256 4346 Ignatinm
1273 4292 1330 4334 29
1350 4291 1648 4335 Decembris
1669 4291 1939 4344 1553(vide
1957 4291 2201 4338 Litterae
2220 4293 2681 4348 Quadrimestres,
2696 4303 2735 4342 t.
2756 4308 2809 4352 n,
2830 4309 2952 4353 pag.
2970 4299 3073 4342 ⁴82-

597 4367 720 4420 487„
739 4366 853 4410 ideo
874 4364 940 4409 ad
964 4363 1361 4418 praecedentem
1384 4374 1574 4408 annum
1595 4374 1718 4407 vere
1737 4365 2019 4418 pertinent.
2040 4364 2189 4410 Hau-¹
2213 4372 2391 4412 tamen
2409 4367 2593 4413 inscite
2614 4369 2666 4413 in
2686 4369 2768 4414 his
2788 4377 2841 4413 et
2862 4380 3075 4424 sequen-

596 4440 739 4483 tibus
756 4437 826 4482 ad
847 4449 896 4480 n.
915 4446 1076 4492 usque
1101 4435 1206 4478 1055
1226 4441 1340 4478 tota
1361 4446 1445 4479 res
1461 4443 1541 4479 est
1565 4446 1598 4478 a
1617 4434 1844 4480 Polanco
1865 4436 2015 4480 unico
2035 4438 2201 4481 veluti
2221 4444 2398 4483 tractu
2418 4439 2699 4495 descripta.

681 4510 705 4542 ²
757 4508 984 4563 Joannes
1005 4505 1212 4557 Sontes,
1233 4505 1293 4550 0.
1315 4505 1368 4549 S.
1390 4507 1457 4550 A.

679 4583 704 4614 8
757 4579 1143 4624 “Conimbricae
1173 4578 1204 4621 9
1234 4577 1544 4623 Novembris
1563 4579 1728 4623 vitam
1765 4579 1957 4626 clausit
1985 4579 2286 4634 Alphonsus
2319 4582 2743 4636 Vasaeus(Va=)
2772 4586 3075 4632 Portuensis

596 4652 992 4706 scholasticus„
1022 4648 1260 4702 Fusco,
1295 4652 1326 4696 l.
1349 4661 1412 4705 ο..
1436 4651 1536 4695 An.
1559 4651 1681 4706 1553,
1713 4664 1762 4696 n.
1791 4651 1836 4695 8.
1862 4651 2018 4697 Recte
2036 4653 2200 4708 igum-
2230 4655 2412 4700 scribit
2441 4657 2713 4704 Potncus
2746 4663 3073 4710 excesserat,

601 4727 834 4772 Pertinet
857 4735 1078 4779 namque
1099 4723 1165 4768 ad
1186 4735 1375 4768 annum
1394 4725 1808 4778 praecedentem.
1823 4724 1960 4768 Vide
1976 4725 2220 4769 Liuerae
2235 4726 2695 4782 ,Quadrima-seres,
2717 4738 2753 4776 t.
2768 4741 2823 4786 n,
2838 4742 2959 4788 pag.
2976 4733 3075 4776 483·
