3742 5392
735 521 846 579 516
1658 519 1917 580 Canon.
1956 521 2111 580 Soc,
2150 521 2293 593 με.

739 667 1064 744 trabant3
1109 676 1182 730 et
1231 683 1394 729 cum
1444 684 1531 730 ea
1581 666 1842 729 civitas
1880 665 2065 729 odiis
2100 675 2173 729 et
2216 666 2873 730 concertationibus
2918 677 3213 732 assueta

735 783 950 851 esset,
982 775 1424 837 elaboratum
1451 782 1564 836 est
1589 784 1668 836 ut
1697 790 1950 837 omnes
1987 774 2079 837 ad
2122 773 2585 837 concordiam
2619 783 2691 838 et
2727 783 3049 838 mutuam
3085 792 3211 855 pa-

737 899 896 946 cem
943 879 1466 944 adducerentur
1485 929 1500 959 ,
1553 889 1626 943 et
1678 881 1776 944 ita
1815 898 1981 944 cum
2022 881 2243 961 aliqui
2282 899 2327 944 a
2356 899 2436 944 se
2476 881 2789 944 invicem
2830 881 3211 946 dissentire

739 988 1215 1052 cernebantur
1235 1037 1250 1058 .
1297 997 1366 1051 et
1393 1006 1438 1050 a
1468 988 1734 1052 mutuis
1769 988 2145 1068 colloquiis
2186 987 2577 1066 abstinere,
2620 988 2847 1051 nostri
2886 1005 3205 1052 accerse-

739 1096 1020 1173 bantur,
1046 1105 1126 1158 ut
1153 1112 1280 1158 eos
1301 1094 1486 1158 inter
1515 1111 1592 1158 se
1620 1094 2121 1173 conciliarent;
2154 1103 2224 1158 et
2252 1104 2557 1158 conatus
2592 1105 3003 1160 nostrorum
3030 1095 3207 1158 divi-

737 1220 834 1266 na
862 1202 1158 1266 Bonitas
1193 1201 1300 1264 sic
1337 1200 1650 1280 fovebat,
1685 1211 1760 1264 ut
1789 1201 1981 1282 quod
2008 1202 2273 1265 vellent
2303 1202 2393 1264 ab
2422 1203 2526 1264 eis
2557 1201 2960 1265 hominibus
2990 1202 3207 1282 impe-

737 1319 1038 1386 trarent;
1069 1318 1142 1372 et
1171 1309 1554 1388 stupebant
1582 1308 1870 1388 ipsimet
1896 1308 2095 1370 cives
2122 1325 2287 1372 cum
2324 1317 2472 1373 tam
2500 1308 2877 1388 pacificam
2905 1324 3067 1372 eam
3096 1327 3199 1372 ur-

735 1416 898 1480 bem
924 1415 1275 1493 viderent,
1306 1433 1492 1497 quae
1519 1415 1903 1496 aliquando
1942 1414 2278 1479 vindictis
2320 1431 2759 1495 magnopere
2802 1416 3201 1492 studuerat,

733 1531 808 1587 et
830 1522 982 1603 jam
1019 1541 1164 1586 non
1210 1524 1477 1588 malum
1505 1541 1636 1603 pro
1673 1523 1898 1600 malO,
1938 1522 2065 1586 sed
2097 1522 2325 1603 potius
2371 1540 2501 1602 pro
2530 1525 2718 1585 malo
2756 1524 3019 1587 bonum
3052 1523 3207 1587 red-

735 1630 1035 1710 debant;
1065 1639 1134 1694 et
1164 1631 1406 1712 aliqui,
1440 1648 1604 1694 cum
1641 1628 2109 1693 dissensionis
2158 1630 2449 1694 occasio
2498 1647 2576 1692 se
2627 1630 2998 1694 obtulisset
3022 1679 3037 1708 ,
3085 1648 3207 1693 no-

736 1748 928 1802 stros
972 1738 1438 1802 consulebant
1480 1737 1651 1817 quid
1689 1737 1951 1800 facturi
1989 1746 2259 1814 essent,
2302 1747 2373 1799 et
2412 1737 2549 1800 hoc
2590 1737 2727 1800 illis
2769 1736 3047 1800 consilii
3087 1737 3206 1801 da-

736 1845 908 1909 bant
929 1895 944 1924 ,
978 1853 1054 1908 ut
1083 1845 1202 1907 via
1226 1844 1428 1925 juriS,
1459 1863 1604 1907 non
1635 1845 1853 1908 armis
1874 1893 1888 1921 ,
1922 1845 2112 1925 quod
2162 1844 2485 1923 aequitas
2524 1845 2813 1907 volebat
2852 1853 3200 1924 peterent,

735 1970 990 2035 pacem
1026 1953 1310 2016 interim
1348 1962 1418 2016 et
1458 1953 1764 2033 quietem
1808 1952 1883 2015 in
1912 1951 2060 2014 suis
2096 1951 2359 2014 animis
2394 1951 2800 2015 retinentes.
2834 1951 2963 2016 Est
2993 1969 3077 2015 ea
3109 1953 3205 2015 ci·

734 2060 926 2124 vitas
951 2059 1026 2123 in
1063 2059 1458 2123 confinibus
1494 2059 1979 2138 Portugalliae
2020 2067 2092 2121 et
2130 2059 2518 2136 Castellae,
2550 2075 2733 2138 quae
2762 2059 3101 2122 vicinitas
3130 2060 3201 2122 in

732 2183 956 2230 causa
984 2175 1141 2230 erat
1167 2177 1244 2229 ut
1273 2166 1392 2246 qui
1424 2165 1689 2246 aliquid
1729 2166 1899 2229 mali
1927 2175 2439 2246 perpetrasset,
2474 2164 2683 2228 facile
2722 2164 3037 2244 effugere
3078 2165 3200 2229 mi-

734 2275 1126 2337 nistrorum
1147 2271 1464 2352 justitiae
1493 2290 1749 2336 manus
1780 2282 2045 2353 posset.

862 2380 1038 2444 1092.
1123 2380 1508 2461 Postquam
1550 2380 1622 2444 in
1665 2378 2233 2460 Quadragesima
2280 2381 2433 2445 suis
2470 2381 2935 2444 concionibus
2964 2380 3037 2444 in
3070 2381 3203 2443 Ca·

731 2489 1035 2552 thedrali
1065 2487 1369 2552 ecclesia
1403 2487 1418 2518 ¹
1450 2487 1864 2568 perfunctus
1894 2496 2000 2550 est
2032 2486 2107 2551 P.
2142 2489 2563 2552 Emmanuel
2592 2487 3011 2562 Fernandez
3032 2535 3047 2566 ,
3080 2488 3199 2552 do-

733 2597 1014 2661 minicis
1055 2606 1127 2660 et
1163 2595 1364 2660 festis
1404 2596 1652 2660 diebus
1689 2595 1762 2659 in
1800 2596 2051 2660 eodem
2089 2613 2379 2660 munere
2418 2613 2756 2676 pergens,
2800 2613 2943 2660 non
2971 2598 3203 2660 solum

727 2705 1064 2768 sustinuit
1095 2722 1183 2768 ac
1213 2705 1674 2768 conservavit
1704 2705 2109 2769 auditorum
2140 2705 2711 2783 expectationem
2742 2713 2812 2766 et
2841 2704 3201 2767 existima·

729 2811 1018 2890 tionem,
1051 2811 1178 2875 sed
1207 2821 1278 2874 et
1305 2811 1504 2890 vicit,
1536 2823 1604 2875 et
1637 2813 2061 2892 praesertim
2088 2812 2161 2874 in
2192 2811 2306 2875 die
2336 2811 2799 2876 Ascensionis
2828 2813 2932 2874 sic
2956 2828 3205 2875 omnes

729 2920 1124 2984 commovit
1153 2928 1223 2983 et
1253 2919 1346 2984 ad
1377 2919 1832 2983 devotionem
1861 2917 2213 2996 accendit,
2246 2929 2322 2982 ut
2352 2919 2491 2982 alia
2523 2919 2609 2982 de
2647 2936 2727 2983 re
2770 2936 2917 2983 non
2956 2935 3202 2998 agere-

728 3036 846 3090 tur
873 3026 1423 3108 quodammodO,
1458 3043 1672 3107 quam
1702 3026 1790 3089 de
1820 3025 2045 3106 ipsius
2070 3027 2438 3102 concione,
2466 3035 2535 3089 et
2565 3026 2735 3091 illud
2758 3043 2849 3088 ex
2870 3026 3199 3106 Evange-

729 3133 824 3196 lio
853 3134 1326 3214 usurpabant:
1363 3150 1755 3214 numquam
1783 3133 1889 3196 sic
1914 3133 2265 3213 loquutus
2290 3137 2403 3195 est
2430 3133 2639 3196 homo
2650 3149 2683 3211 ,·
2712 3143 2783 3196 et
2812 3150 2975 3196 cum
3020 3133 3201 3196 duas

727 3240 946 3304 horas
973 3241 1392 3322 aliquando,
1435 3251 1506 3304 et
1535 3258 1750 3304 unam
1791 3259 1955 3304 cum
1993 3240 2285 3305 dimidia
2315 3250 2385 3304 et
2414 3242 2717 3321 amplius
2760 3241 3015 3304 crebro
3059 3258 3201 3304 ser-

727 3363 1010 3411 monem
1041 3348 1484 3427 extraheret,
1516 3348 1758 3412 brevis
1786 3348 1891 3410 eis
1940 3348 2345 3428 videbatur;
2380 3349 2627 3413 diebus
2666 3349 2884 3412 etiam
2912 3348 3201 3412 veneris

725 3464 890 3536 post
936 3454 1304 3519 meridiem
1342 3473 1426 3518 ea
1477 3455 1549 3517 in
1603 3455 1908 3518 ecclesia
1937 3455 2520 3534 concionabatur,
2568 3455 2688 3519 ubi
2716 3455 3204 3519 confessiones

723 3579 891 3628 cum
919 3563 1114 3626 socio
1145 3561 1392 3625 audire
1433 3563 1686 3626 solitus
1714 3571 1903 3641 erat;
1945 3571 2016 3626 et
2045 3563 2374 3643 quamvis
2405 3562 2559 3626 dies
2586 3561 2957 3643 operarius
2984 3571 3199 3640 esset,

727 3685 900 3749 prae
929 3668 1087 3748 ipsa
1109 3667 1458 3732 ecclesiae
1487 3678 1698 3749 porta
1719 3669 2134 3733 concionari
2164 3670 2297 3734 deb
2306 3669 2425 3748 uit,
2461 3670 2651 3750 quod
2672 3671 2915 3750 plures
2938 3678 3197 3745 essent,

723 3776 849 3855 qui
891 3785 1101 3839 extra
1144 3776 1484 3855 templum
1521 3792 1684 3840 eum
1729 3777 2041 3840 audituri
2070 3786 2579 3855 convenerant,
2625 3793 2839 3857 quam
2868 3776 2975 3856 hi,
3019 3793 3203 3856 quos

723 3884 1068 3964 templum
1109 3882 1460 3963 capiebat.
1502 3881 1809 3962 Insignis
1853 3892 2091 3947 tamen
2137 3883 2568 3963 emendatiO,
2614 3891 2691 3947 ut
2733 3883 2933 3962 prius
2973 3882 3203 3963 tetigi-

727 4007 912 4070 muS,
943 3990 1136 4054 circa
1159 3987 1564 4069 juramenta
1594 3991 1754 4053 visa
1783 3988 1936 4070 fuit,
1972 4000 2040 4053 et
2064 3990 2392 4055 infantuli
2421 4000 2725 4071 quatuor
2746 3992 2863 4056 vel
2891 3991 3203 4073 quinque

727 4113 1103 4177 annorum,
1137 4097 1200 4160 si
1227 4096 1511 4177 quando
1541 4107 1808 4161 matres
1829 4096 2152 4177 jurantes
2180 4098 2578 4174 audissent,
2612 4098 2975 4163 dicebant:
3012 4100 3042 4129 “
3060 4097 3199 4163 Do-

731 4205 922 4270 mina
951 4213 1202 4283 mater,
1237 4205 1564 4268 osculare
1593 4217 1885 4285 terram,
1919 4206 2085 4287 quia
2111 4205 2405 4286 jurasti;
2438 4207 2542 4270 sic
2572 4207 2761 4270 enim
2800 4223 2931 4270 nos
2960 4205 3202 4270 docuit

730 4313 1072 4394 magister
1101 4323 1410 4390 noster„
1443 4320 1513 4375 et
1542 4330 1626 4376 eo
1655 4330 1774 4376 res
1796 4313 2027 4392 rediit,
2059 4323 2135 4377 ut
2159 4314 2659 4378 erubescerent
2678 4314 2937 4395 quibus
2959 4311 3203 4394 jurare

723 4420 1133 4499 accidisset;
1167 4430 1236 4484 et
1267 4437 1426 4484 cum
1461 4420 1657 4499 prius
1685 4421 1895 4484 virile
1926 4421 2099 4501 quid
2128 4438 2287 4486 esse
2318 4422 2643 4486 homines
2671 4421 3202 4487 existimassent

806 4628 825 4660 ¹
883 4625 1163 4672 Elvennem
1190 4627 1426 4682 intellige
1459 4626 1688 4672 Sanctae
1722 4626 1920 4672 Mariae
1951 4627 2259 4681 primariam
2290 4628 2571 4673 ecclesiam
2584 4661 2597 4683 ,
2618 4640 2750 4684 quae
2770 4631 2994 4674 nondum
3028 4637 3202 4674 tamen

727 4701 780 4744 in
800 4698 1158 4744 cathedralem
1173 4732 1185 4754 ,
1205 4711 1297 4744 seu
1317 4699 1562 4755 Episcopi
1583 4700 1785 4754 eedem,
1808 4705 1990 4745 erecta
2008 4706 2144 4745 erat.
2166 4699 2291 4744 Fuit
2320 4707 2498 4745 autem
2530 4711 2665 4746 anno
2688 4701 3039 4755 1570.-Quare
3060 4709 3203 4747 recte

723 4771 923 4825 iglesia
947 4783 1136 4828 mayor
1158 4783 1258 4817 non
1279 4783 1406 4817 vero
1428 4771 1676 4818 catedra!
1695 4783 1812 4818 eam
1829 4773 2064 4828 appellat
2086 4773 2195 4828 ipse
2218 4772 2274 4818 P.
2294 4771 2461 4818 Santa
2481 4774 2617 4819 Cruz
2634 4807 2647 4829 ,
2666 4775 2702 4818 l.
2722 4774 2859 4820 inira
2878 4786 2941 4828 c..
2960 4786 3083 4830 pag.
3102 4775 3203 4819 617.
