3742 5392
1622 488 1750 547 An.
1795 486 1941 547 1554
2924 488 3027 546 441

561 634 867 700 Nuntius
897 632 973 698 P.
1005 634 1246 699 Araoz
1278 635 1466 715 quod
1494 633 1608 699 die
1637 634 1962 715 sequenti
1990 634 2083 697 ad
2112 650 2275 699 eum
2316 634 2526 697 vellet
2566 633 2909 698 accedere
2957 644 3029 698 et

563 743 920 825 quaedam
947 742 1083 823 ipsi
1111 742 1400 822 negotia
1431 742 1678 822 magni
1704 742 2046 805 momenti
2076 740 2641 820 communicare;
2674 741 2801 805 sed
2829 758 3031 823 prae-

573 850 766 913 venit
807 866 970 913 eum
999 849 1076 913 P.
1120 848 1364 913 Araoz
1399 847 1440 908 ¹.
1474 848 1738 913 Missus
1764 848 1896 913 fuit
1934 858 2172 913 autem
2223 848 2513 913 nuntius
2563 848 2851 929 quidam
2902 864 3035 928 per

561 973 790 1037 equos
817 955 1198 1037 dispositos
1229 957 1322 1021 ad
1351 956 1859 1038 Imperatorem
1888 972 1975 1019 ea
2006 956 2093 1019 de
2122 969 2231 1031 re;
2266 966 2337 1019 et
2366 956 2550 1019 sicut
2588 955 2667 1019 P.
2706 954 3033 1035 Ignatius

568 1064 832 1128 nostris
862 1080 948 1127 ac
977 1064 1423 1145 potissimum
1461 1062 1656 1127 Patri
1685 1064 1927 1127 Araoz
1970 1063 2620 1143 commendaverat,
2659 1078 2865 1127 omne
2888 1072 3030 1125 stu-

569 1171 763 1235 dium
811 1170 1240 1235 adhibebant
1282 1179 1359 1234 ut
1399 1186 1581 1251 quae
1618 1168 1954 1235 Summus
1996 1169 2325 1235 Pontifex
2363 1178 2733 1247 statueret,
2779 1168 2918 1233 illis
2957 1170 3029 1232 in

570 1278 836 1357 regniS,
869 1288 946 1342 ut
974 1294 1108 1358 par
1135 1287 1312 1356 erat,
1347 1277 1913 1341 admitterentur.

690 1384 832 1449 946.
919 1384 1028 1449 De
1059 1384 1367 1449 Domino
1397 1384 1711 1450 Hem-ico
1741 1384 1927 1448 dela
1970 1383 2216 1449 Cueva
2256 1383 2623 1449 admonuit
2662 1382 2739 1447 P.
2791 1382 3037 1447 Araoz

571 1493 646 1557 P.
679 1492 1034 1573 ignatium
1062 1492 1272 1572 quod,
1306 1492 1636 1573 quamvis
1663 1491 1920 1555 doctus
1948 1500 2018 1555 et
2040 1491 2307 1573 optimo
2346 1490 2633 1570 ingenio
2672 1490 3040 1573 praeditus

571 1608 782 1677 esset,
813 1600 1003 1680 quod
1031 1610 1271 1663 tamen
1300 1597 1708 1663 valetudine
1735 1599 2063 1679 corporis
2091 1607 2278 1663 esset
2308 1598 2683 1674 imbecilla,
2730 1614 2875 1662 non
2917 1597 3036 1662 ad-

571 1707 858 1771 modum
887 1716 1097 1787 aptus
1127 1706 1218 1769 ad
1247 1704 1624 1769 Societatis
1656 1706 2055 1770 institutum
2084 1705 2494 1785 videbatur3
2536 1714 2607 1769 et
2648 1706 2817 1786 quia
2856 1703 3037 1769 Con-

571 1815 806 1879 silium
843 1813 1324 1894 Inquisitionis
1361 1814 1434 1877 in
1473 1813 1826 1894 quaedam
1871 1813 2097 1895 ipsius
2135 1811 2327 1877 facta
2378 1812 2641 1893 inquiri
2684 1813 3037 1891 voluerat,

573 1922 740 1986 dum
769 1930 956 1985 esset
987 1921 1412 1985 conchensis
1437 1904 1819 2001 Inquisitor
1863 1937 1951 1984 ac
1993 1920 2370 1999 Visitator,
2414 1930 2485 1985 et
2522 1939 2567 1983 a
2613 1918 3037 2001 quibusdam

572 2047 825 2112 parum
855 2038 1194 2093 constans
1222 2028 1625 2106 haberetur,
1659 2045 1803 2092 non
1832 2029 1923 2093 ad
1953 2027 2519 2093 aedificationem
2541 2029 2857 2093 futurum
2880 2044 3042 2092 esse

575 2136 912 2201 censebat
939 2137 1002 2200 si
1029 2137 1103 2199 in
1131 2135 1557 2200 Societatem
1589 2134 2083 2201 admitteretur
2112 2134 2157 2198 ².

692 2242 834 2307 947.
920 2243 1094 2307 Cum
1148 2260 1238 2307 ex
1277 2242 1660 2307 Provincia
1705 2240 2059 2307 Castellae
2098 2253 2245 2307 tres
2283 2243 2517 2307 socios
2561 2242 2720 2307 dari
2758 2240 2837 2307 P.
2891 2240 3035 2307 An·

571 2350 788 2414 dreae
837 2350 926 2414 de
983 2348 1284 2425 Ovied0‚
1327 2349 1420 2413 ad
1447 2350 1863 2414 missionem
1886 2348 2412 2431 Aethiopicam,
2438 2349 2514 2413 P.
2542 2348 2865 2429 Ignatius
2894 2348 3037 2430 jus·

571 2457 805 2535 sisset,
835 2456 937 2520 ini
974 2457 1382 2539 praeparati
1419 2454 1728 2534 fuerunt,
1771 2465 1840 2520 et
1880 2457 1953 2520 in
2002 2456 2308 2521 transitu
2358 2472 2613 2521 versus
2665 2453 3037 2537 Portugal-

573 2564 742 2628 liam
772 2564 840 2627 ei
868 2562 1182 2643 adjuncti
1213 2562 1258 2628 ⁸.

692 2670 784 2735 Et
812 2670 990 2735 haec
1020 2670 1108 2735 de
1138 2670 1214 2733 P.
1247 2670 1511 2750 Ara02,
1546 2668 1979 2734 Provinciali
2010 2670 2388 2735 Castellae.

573 2914 720 2958 Pauli
740 2912 815 2957 1v
849 2912 1160 2957 Pontificatu
1193 2918 1586 2957 controversum
1618 2912 1756 2966 apud
1780 2910 2115 2966 jurisperitos
2144 2912 2303 2955 fuisse
2338 2920 2407 2956 au
2440 2916 2741 2957 tenerentur
2774 2910 3047 2966 Principes

569 2986 782 3031 obedire
799 2985 866 3030 iis
883 2984 1188 3029 Pontificum
1203 2984 1518 3039 jussionibus
1535 3016 1546 3037 ,
1567 2992 1700 3039 quae
1722 2982 1940 3027 Couciiii
1973 2984 2201 3038 decretis
2230 2982 2507 3029 adversari
2538 2983 2869 3029 videbuntur.
2885 2982 3039 3037 Vide,

571 3068 653 3102 ex.
674 3068 774 3111 gr..
791 3056 929 3101 iuter
955 3057 1062 3101 alia
1083 3057 1144 3100 de
1173 3056 1272 3101 huc
1293 3067 1350 3099 re
1380 3057 1549 3109 plura,
1572 3054 1838 3099 Parescer
1867 3055 1957 3098 del
1976 3055 2172 3099 Ductor
2190 3054 2444 3099 Navarra
2462 3056 2617 3099 sobre
2638 3056 2686 3099 el
2719 3055 2933 3100 decreto
2951 3056 3043 3100 det

579 3126 890 3171 Tridentino
922 3128 1122 3181 quanto
1151 3129 1184 3171 a
1213 3127 1294 3171 Ios
1323 3124 1586 3175 Cabildos,
1604 3124 1740 3181 apud
1762 3126 2005 3180 Anione,
2027 3127 2062 3169 1.
2084 3138 2147 3177 c..
2168 3135 2290 3180 pag.
2310 3124 2407 3170 585.

653 3199 670 3231 ί
730 3198 1145 3245 “inmunitatem
1185 3198 1600 3243 ecelesiasticam
1633 3198 1686 3241 iu
1719 3196 2093 3252 Hispaniarum
2138 3199 2316 3252 reguis
2360 3198 2749 3253 periclitantem
2786 3197 3045 3243 adversus

571 3272 746 3326 regios
767 3272 1092 3315 consiliarios
1112 3270 1296 3314 eximie
1317 3270 1585 3314 sustinuit.
1611 3268 1887 3313 Praelatos
1909 3266 2217 3325 Capitulave
2248 3268 2385 3313 inter
2406 3280 2461 3313 se
2488 3269 2815 3323 dissidentes,
2838 3280 2933 3313 sua
2953 3278 3043 3315 au·

571 3342 822 3389 ctoritate
844 3342 1129 3398 composuit
1151 3343 1379 3397 fecitque
1399 3348 1456 3386 ut
1478 3342 1711 3393 decreta.
1729 3351 1895 3395 nuper
1914 3342 2009 3385 sub
2023 3340 2185 3385 Paulo
2205 3348 2257 3385 et
2277 3340 2413 3395 Julio
2426 3340 2501 3385 111
2516 3340 2567 3386 in
2583 3338 2813 3385 Concilio
2833 3340 3046 3386 Triden-

571 3417 680 3461 tino
699 3416 904 3460 snncita
918 3447 930 3467 .
951 3416 1156 3461 illibata
1171 3420 1558 3467 servarentur...
1579 3412 1817 3457 Ueneni
1830 3444 1842 3463 .
1865 3414 1897 3457 1.
1919 3424 1963 3457 c.

653 3488 676 3521 ²
731 3488 864 3533 Vide
885 3499 1043 3543 supra
1057 3520 1070 3541 ‚
1093 3488 1400 3543 praesertim
1423 3496 1462 3531 t.
1483 3497 1560 3538 m,
1581 3496 1702 3541 pag.
1724 3484 1822 3532 ⁴29.
1839 3497 1887 3529 n.
1906 3485 2003 3539 9⁴9,
2025 3493 2077 3529 et
2097 3483 2289 3530 Canas
2307 3487 2373 3531 de
2394 3486 2507 3531 San
2523 3486 2765 3541 Ignacio,
2783 3494 2820 3531 t.
2841 3498 2898 3530 xv
2919 3493 2971 3530 et
2990 3499 3046 3529 v.

653 3560 678 3591 ὃ
731 3559 864 3604 Vide
889 3560 1080 3603 Canas
1101 3560 1167 3603 de
1189 3559 1300 3603 San
1320 3558 1560 3613 Ignacto,
1580 3565 1617 3602 t.
1641 3570 1692 3609 v,
1713 3558 1927 3612 passim,
1949 3558 2039 3601 sed
2060 3560 2339 3614 praecipue
2360 3568 2481 3614 pag.
2500 3558 2571 3614 ⁸7,
2587 3564 2759 3605 annot.
2783 3558 2827 3603 8.
