3742 5392
707 501 781 558 42
1627 497 1883 558 Cnnow.
1926 496 2083 558 Soc.
2122 498 2263 571 JEs.

713 647 1108 725 Collegium
1137 645 1514 710 Genuense
1544 646 1939 709 destinatus
1969 655 2179 723 esset,
2211 645 2643 722 Florentiae,
2678 662 2769 707 ex
2797 645 3067 722 morbo,
3104 645 3178 707 in

715 771 919 834 quem
954 752 1322 830 inciderat,
1357 753 1445 816 ab
1474 754 1610 816 hac
1641 753 1791 815 vita
1823 752 2159 816 decessit:
2197 751 2480 831 Juvenis
2518 752 2848 815 Messana
2892 751 3174 829 missuS,

713 861 831 924 ubi
882 863 953 924 in
997 861 1248 923 litteris
1291 860 1551 938 latiniS,
1597 860 1883 939 graecis
1926 868 1994 921 et
2038 858 2440 922 haebraicis
2482 859 2693 922 valde
2743 858 3178 938 profecerat,

712 969 835 1030 sed
866 970 1088 1031 multo
1119 968 1350 1045 magis
1382 967 1452 1030 in
1481 966 1860 1029 virtutibus
1890 966 2226 1045 religioso
2258 965 2521 1044 dignis;
2573 967 2697 1029 sed
2727 981 3173 1027 consumma-

711 1081 836 1137 tus
861 1075 939 1136 in
970 1074 1173 1136 brevi
1195 1073 1520 1153 explevit
1547 1079 1873 1153 tempora
1904 1072 2159 1136 multa.
2191 1072 2448 1136 Visum
2470 1083 2575 1136 est
2599 1081 2837 1135 autem
2858 1071 2933 1134 P.
2969 1072 3169 1150 Igna·

712 1182 832 1257 tio,
866 1189 1075 1262 prout
1103 1197 1218 1244 res
1248 1199 1324 1243 se
1362 1181 1750 1259 habebant,
1784 1179 2120 1261 expedire
2166 1189 2243 1242 ut
2282 1179 2356 1242 P.
2400 1179 2758 1243 Antonius
2796 1177 3178 1242 Soldevilla

710 1305 1050 1368 graecam
1076 1287 1453 1350 lectionem
1482 1286 1875 1366 susciperet
1912 1297 1980 1349 et
2009 1287 2199 1365 quod
2228 1304 2404 1367 opus
2444 1296 2630 1349 esset
2674 1305 2763 1349 ex
2804 1284 3185 1348 rhetoricis

713 1395 1190 1477 profiteretur;
1225 1394 1552 1474 quamvis
1582 1393 1936 1456 dubitaret
1977 1392 2054 1456 Ρ.
2105 1393 2395 1472 Laynez
2433 1393 2624 1474 quod
2664 1395 3008 1456 talentum
3037 1392 3176 1455 suf·

713 1503 957 1565 ficiens
986 1502 1077 1564 ad
1107 1501 1238 1564 has
1267 1501 1667 1564 functiones
1706 1501 1999 1563 haberet
2052 1499 2099 1576 ¹3
2136 1501 2261 1564 sed
2300 1517 2463 1563 cum
2500 1509 2570 1562 et
2609 1500 2727 1562 alii
2767 1509 3180 1579 praecepto-

715 1627 832 1673 res
882 1627 970 1671 ex
1020 1607 1178 1671 aliis
1221 1607 1443 1670 variis
1492 1608 1901 1671 nationibus
1950 1617 2211 1684 essent,
2268 1608 2482 1670 etiam
2532 1608 2720 1670 idem
2769 1607 3060 1669 timebat
3090 1623 3181 1669 ne

714 1716 997 1778 italicae
1025 1715 1313 1793 linguae
1342 1712 1657 1777 defectus
1686 1714 1758 1777 in
1788 1714 2109 1777 docendo
2140 1714 2405 1780 scholis
2432 1723 2726 1778 noceret
2754 1713 2799 1776 ².

831 1821 931 1884 64.
1023 1821 1351 1883 Nondum
1401 1820 1688 1883 scholae
1739 1823 2209 1884 concinnatae
2260 1831 2497 1900 erant,
2562 1831 2630 1884 et
2694 1830 2929 1885 tamen
2981 1822 3191 1884 multi.

713 1927 862 2007 jam
892 1928 1301 1991 scholastici
1327 1928 1457 1989 sub
1487 1927 1796 1990 medium
1826 1926 2211 1990 Octobrem
2241 1929 2753 2007 interrogaturi
2795 1929 3179 1992 veniebant

716 2034 804 2097 de
837 2035 1262 2098 ‘scholarum
1311 2035 1536 2096 initi0.
1591 2033 1864 2097 Domus
1914 2035 2371 2110 conductitia,
2424 2052 2638 2114 quam
2684 2037 2911 2114 primo
2952 2037 3177 2098 nostri

717 2141 1150 2219 habitarunt,
1187 2150 1466 2220 praeter
1494 2140 1947 2204 refectorium
1978 2153 2047 2204 et
2087 2142 2428 2218 culinam,
2470 2142 2716 2204 decern
2754 2143 3077 2205 cubicula
3108 2151 3179 2205 et

715 2248 1252 2328 quatuordecim
1279 2249 1502 2310 lectos
1532 2258 1822 2327 paratos
1849 2248 2177 2326 habebat,
2205 2258 2274 2310 et
2305 2249 2693 2311 oratorium
2734 2249 2911 2311 satis
2943 2267 3177 2328 capax

717 2373 879 2418 cum
911 2372 1051 2417 una
1097 2356 1370 2430 schola3
1427 2354 1552 2417 sed
1602 2355 1785 2416 aliae
1835 2355 2146 2434 quinque
2196 2353 2486 2418 scholae
2536 2356 3170 2419 concinnabantur.

715 2463 888 2524 Erat
917 2461 1368 2525 nihilominus
1399 2461 1708 2524 obnoxia
1744 2462 2009 2524 rumori
2040 2462 2259 2524 maris
2303 2471 2371 2524 et
2412 2461 2505 2526 ad
2545 2461 2909 2525 meridiem
2940 2480 3187 2546 versa;·.

715 2577 784 2632 et
814 2569 975 2648 quia
1011 2567 1304 2631 inferius
1331 2569 1592 2648 publici
1621 2569 1807 2630 furni
1848 2568 1941 2630 ad
1980 2585 2239 2648 panem
2286 2568 2800 2632 conficiendum
2843 2580 3071 2647 erant,
3106 2568 3178 2632 in

720 2686 994 2739 aestate
1023 2677 1182 2754 plus
1209 2675 1383 2737 satis
1415 2674 1643 2737 calida
1674 2675 1913 2737 futura
1944 2691 2099 2738 esse
2129 2674 2501 2738 videbatur
2524 2673 2572 2739 ³.

839 2781 940 2845 65.
1028 2780 1171 2845 Sub
1220 2782 1499 2845 initium
1548 2779 1972 2845 Novembris
2022 2780 2245 2844 frater
2292 2791 2535 2844 noster
2583 2781 2999 2845 Fernandez
3050 2780 3076 2813 ⁴
3111 2783 3185 2846 in

721 2889 1121 2953 cathedrali
1148 2889 1482 2966 ecclesia,
1516 2897 1680 2968 post
1709 2889 2191 2967 vespertinum
2236 2887 2373 2951 diei
2402 2889 2799 2952 dominicae
2847 2889 3180 2969 officium,

723 2997 1015 3058 latinam
1047 2995 1444 3059 orationem
1483 2993 1732 3058 habuit
1777 2994 1864 3057 de
1907 2995 2303 3058 studiorum
2344 2995 2644 3058 utilitate
2682 3013 2768 3058 ac
2807 2994 3203 3060 Societatis.

722 3103 1042 3165 instituto
1074 3103 1260 3182 quod
1289 3103 1382 3164 ad
1411 3103 1710 3180 collegia
1744 3103 2027 3180 attinet;
2062 3111 2132 3164 et
2162 3119 2323 3165 cum
2359 3101 2507 3165 sere
2552 3103 2691 3166 duo
2733 3103 2952 3167 millia
2991 3104 3182 3173 audi-

637 3237 642 3242 ·
721 3223 954 3272 torum
984 3209 1366 3287 habuisset,
1397 3209 1582 3272 inter
1610 3225 1787 3288 quos
1815 3209 2231 3271 nobilissimi
2263 3209 2460 3271 cives
2490 3219 2715 3285 erant,
2751 3209 2901 3289 ejus
2939 3221 3181 3273 tamen

725 3325 795 3378 et
825 3316 1046 3392 actio,
1093 3323 1161 3377 et
1199 3315 1716 3394 pronunciandi
1753 3316 2021 3394 gratia,
2068 3324 2138 3377 et
2185 3315 2485 3378 eruditio
2538 3316 2863 3379 omnibus
2904 3317 3181 3380 abunde

723 3422 1086 3486 satisfecit.
1117 3421 1251 3485 Die
1283 3431 1519 3485 autem
1548 3424 1756 3485 lunae
1787 3422 2131 3503 sequenti,
2164 3439 2253 3484 ne
2285 3422 2497 3484 otiosi
2539 3433 2775 3486 essent
2814 3424 3181 3487 scholasti·

723 3530 811 3608 ci,
845 3539 1009 3592 ante
1041 3546 1252 3609 quam
1281 3530 1550 3592 classes
1579 3538 1816 3591 essent
1865 3539 2194 3609 paratae,
2242 3529 2333 3592 ad
2376 3540 2693 3596 nostrum
2736 3531 3127 3594 oratorium
3158 3529 3181 3560 ⁸

803 3806 820 3839 ¹
879 3805 1059 3850 “Circa
1081 3808 1129 3848 el
1149 3808 1308 3850 lettor
1328 3807 1378 3849 dl
1399 3817 1555 3860 greco
1573 3806 1664 3860 gia
1681 3806 1724 3848 si
1747 3808 1776 3850 e
1796 3806 1981 3848 scritto
2002 3806 2069 3848 da
2088 3815 2239 3859 parte
2260 3807 2310 3849 di
2332 3805 2377 3849 N
2382 3812 2477 3849 tro.
2492 3806 2659 3850 Padre
2681 3807 2775 3850 che
2794 3807 2833 3850 ε’
2854 3808 3183 3852 accomodino

721 3883 908 3931 questa
933 3877 1209 3921 invernata
1232 3877 1264 3920 ll
1287 3879 1475 3930 meglio
1497 3877 1592 3920 che
1613 3877 1655 3919 si
1677 3877 1855 3930 petrin
1879 3882 1933 3919 et
1952 3876 1991 3919 il
2012 3875 2067 3918 P.
2090 3875 2374 3921 Soldevilla
2392 3910 2402 3928 .
2442 3877 2701 3921 scaricato
2742 3878 2788 3920 d’
2822 3879 2956 3922 altre
2989 3879 3182 3922 fatiche

719 3948 804 3992 del
818 3959 1050 4003 governo
1070 3960 1097 3991 e
1119 3949 1200 3992 del
1223 3949 1492 4002 predicare
1512 3949 1628 3991 fara
1650 3949 1683 3991 il
1708 3949 1921 4000 bisogno
1941 3980 1952 4001 ,
1974 3959 2001 3990 e
2022 3959 2077 3990 se
2098 3959 2197 3992 non
2218 3951 2372 4003 petra
2393 3950 2604 4003 leggere
2634 3950 2805 3993 autori
2842 3957 3027 4006 troppo
3058 3949 3185 3994 diffi-

721 4020 806 4063 cili
823 4052 834 4073 ,
851 4021 1006 4074 legga
1028 4021 1080 4063 la
1101 4021 1449 4074 grammatica
1479 4030 1641 4072 greca
1657 4031 1684 4062 e
1707 4019 1927 4072 qualche
1960 4027 2145 4063 autore
2170 4020 2257 4074 piu
2286 4020 2466 4071 facile;
2488 4027 2539 4063 et
2560 4031 2615 4063 se
2650 4021 2995 4071 ricercassino
3015 4023 3103 4075 piu
3133 4023 3185 4066 di

723 4093 894 4146 quello
915 4093 1008 4135 che
1031 4093 1100 4136 lui
1123 4095 1222 4145 puo
1242 4093 1368 4135 dare
1384 4125 1394 4144 ,
1417 4092 1632 4134 essendo
1654 4091 1881 4134 auditori
1903 4092 2083 4144 capaci
2102 4123 2113 4144 ,
2134 4091 2177 4134 si
2200 4093 2353 4145 poti-a
2372 4092 2660 4146 provedere
2682 4094 2733 4135 al
2754 4103 2847 4136 suo
2871 4099 3057 4147 tempo,
3080 4095 3186 4147 pol·

720 4165 815 4206 che
837 4163 934 4206 due
951 4164 1094 4207 volte
1115 4163 1309 4217 rompei
1331 4163 1511 4214 (Iddio)
1533 4163 1568 4205 il
1591 4162 1802 4214 disegno
1826 4162 2019 4216 primo,
2043 4163 2351 4216 pigliandosi
2389 4163 2423 4206 il
2465 4163 2674 4207 fratello
2714 4163 2971 4208 Giliberto
3010 4165 3061 4207 dl
3098 4167 3181 4208 bo.

723 4246 851 4288 me...
875 4234 1127 4279 Polaticus
1149 4247 1214 4278 ex
1235 4247 1386 4285 com„
1405 4234 1550 4277 Patri
1571 4233 1780 4289 Laynez
1795 4265 1806 4286 ,
1827 4233 1882 4276 22
1900 4233 2034 4278 Nova

804 4305 827 4338 2
879 4305 1014 4348 Vide
1036 4305 1198 4359 infra,
1219 4317 1268 4349 n.
1293 4304 1386 4348 100.

800 4377 824 4409 ὅ
879 4377 1081 4421 Novum
1103 4379 1199 4422 hoc
1223 4378 1496 4428 collegium
1519 4377 1728 4431 ejusque
1750 4375 2035 4429 primordia
2057 4376 2331 4430 descripsit
2352 4376 2563 4434 Laynez
2596 4378 2791 4423 litteris
2824 4379 2890 4422 ad
2924 4378 3183 4432 Ignatlum

727 4449 868 4492 datis
890 4449 910 4492 1
933 4448 1258 4502 Novembris,
1282 4449 1406 4492 1554.

801 4523 826 4554 ⁸
879 4519 930 4564 Is
946 4533 1059 4564 esse
1079 4521 1291 4565 videtur
1308 4521 1608 4573 Alphonsus
1640 4519 1969 4571 Fernandez,
1992 4520 2202 4562 Artium
2242 4521 2476 4573 auditor.
2502 4533 2634 4566 anno
2670 4521 2999 4576 praecedenti
3040 4519 3185 4564 Com·

721 4592 854 4645 plutl
875 4593 1134 4636 admissus
1155 4599 1207 4636 et
1227 4592 1325 4636 hoc
1345 4603 1478 4635 anno
1498 4591 1715 4635 Romam
1736 4591 1939 4635 missus.

802 4662 824 4694 ³
878 4664 962 4707 Ad
982 4665 1230 4708 sacellum
1251 4675 1341 4708 scu
1361 4675 1582 4718 parvam
1604 4665 1877 4706 ecclesiam
1892 4695 1903 4716 ,
1926 4673 2057 4717 quae
2078 4662 2128 4706 in
2151 4668 2355 4706 nostros
2388 4674 2512 4706 usus
2541 4670 2817 4718 utcumque
2852 4665 2903 4707 in
2940 4665 3181 4710 inferiore

719 4736 1070 4779 conductitiae
1092 4737 1272 4779 domus
1291 4745 1440 4790 parte
1463 4736 1772 4780 concinnata
1793 4741 1927 4778 erat.
