3742 5392
702 465 807 534 186
1612 476 1869 536 Canos.
1911 476 2066 537 Soc·
2105 478 2243 550 JEs.

696 622 1220 687 Professionem
1281 622 1549 688 Romae
1588 624 1859 687 fecerat
1910 624 2044 687 hoc
2097 625 2250 704 ipso
2319 634 2655 687 autumno
2709 625 2778 685 in
2837 624 3166 689 manibus

702 728 775 792 P.
810 730 1097 810 Laynez
1138 729 1179 809 ¹,
1222 743 1297 794 ut
1328 732 1421 795 ad
1453 730 1750 795 Guletae
1793 732 2228 812 praesidium
2269 732 2338 794 in
2373 730 2694 795 Africam
2737 732 3162 811 mitteretur,

696 838 1049 917 quamviS,
1082 854 1169 901 ea
1198 838 1538 903 missione
1568 840 1657 903 ob
1694 856 1936 902 rerum
1979 850 2048 901 et
2079 855 2546 919 personarum
2589 838 3016 901 mutationes
3059 857 3162 902 re·

696 945 887 1023 licta,
914 944 1209 1024 Neapoli
1241 946 1641 1026 complures
1672 962 1899 1009 annos
1921 955 2249 1009 versatus
2279 954 2406 1009 est.
2437 943 2906 1010 Occasionem
2927 956 3164 1010 autem

698 1052 1031 1115 manendi
1060 1050 1250 1115 dedit
1294 1053 1639 1133 magister
1677 1051 1930 1116 domus
1967 1051 2056 1116 D.
2091 1052 2438 1133 Alphonsi
2481 1054 2568 1116 de
2609 1055 2675 1116 la
2722 1052 2998 1131 Cueva,
3041 1056 3164 1134 qui

696 1143 953 1222 Guleta
1006 1159 1408 1237 praefectus
1451 1170 1604 1223 erat
1656 1158 1701 1237 ²,
1746 1171 1813 1222 et
1863 1160 2044 1223 duos
2091 1158 2533 1233 sacerdoteS,
2567 1160 2688 1240 qui
2733 1161 2947 1239 paulo
2998 1176 3164 1224 ante

696 1266 1014 1329 habiturn
1072 1266 1484 1346 religiosum
1536 1266 1998 1347 reliquerant,
2053 1268 2354 1329 alterum
2403 1267 2495 1330 ad
2553 1267 3156 1342 concionandum,

696 1374 997 1437 alterum
1026 1373 1118 1438 ad
1147 1372 1633 1437 confessiones
1672 1373 2066 1437 audiendas
2096 1372 2445 1437 deducere
2487 1373 2580 1437 ad
2619 1372 2920 1437 Guletae
2961 1391 3160 1454 prae-

694 1480 953 1543 sidium
983 1482 1304 1559 volebat,
1338 1481 1666 1560 quamvis
1696 1490 1946 1543 contra
1979 1489 2286 1544 mentem
2317 1479 2408 1543 D.
2440 1480 2790 1559 Alphonsi
2821 1491 2889 1545 et
2919 1479 3160 1544 Cardi-

694 1588 882 1650 nalis
917 1587 1004 1651 de
1054 1589 1122 1650 la
1162 1587 1404 1651 Cueva
1450 1585 1472 1616 ³
1509 1588 1581 1649 id
1626 1604 1781 1651 esse
1826 1586 2203 1650 diceretur.
2248 1585 2388 1649 Res
2418 1588 2760 1651 tamenin
2789 1588 3162 1652 utilitatem

702 1693 1002 1773 Collegii
1032 1692 1483 1774 Neapolitani
1514 1695 1749 1758 cessit.

816 1800 961 1863 397.
1048 1800 1237 1864 Inter
1268 1818 1425 1878 θος,
1458 1801 1579 1881 qui
1608 1800 1906 1882 Neapoli
1947 1802 2262 1865 animum
2291 1800 2382 1865 ad
2421 1800 2852 1866 Societatem
2891 1800 3160 1883 adjece-

694 1917 896 1987 runt,
926 1909 1057 1971 fuit
1086 1908 1355 1973 Marius
1396 1908 1941 1989 Beringucciu5‚
1995 1909 2177 1972 filius
2207 1908 2295 1972 D.
2331 1908 2644 1973 Marcelli
2675 1910 3154 1990 Beringuccii,

690 2016 815 2094 qui
850 2014 1151 2095 Neapoli
1187 2016 1511 2096 publicus
1543 2015 1724 2096 juris
1754 2016 1989 2079 civilis
2031 2020 2254 2081 lector
2291 2026 2476 2095 erat;
2509 2025 2580 2080 et
2616 2033 2780 2080 cum
2817 2017 3158 2081 exercitia

694 2123 1091 2203 spiritualia
1120 2140 1282 2187 cum
1312 2123 1546 2187 fructu
1580 2125 2032 2204 suscepisset,
2059 2134 2260 2205 patre
2287 2134 2358 2187 et
2387 2124 2555 2203 suiS,
2581 2125 2700 2203 qui
2732 2124 2924 2188 haud
2949 2124 3160 2188 dubie

692 2246 856 2293 eum
899 2229 1302 2309 impedituri
1355 2231 1813 2307 videbantur,
1860 2232 2295 2311 insalutatiS,
2336 2229 2638 2295 Romam
2683 2248 2844 2295 cum
2884 2231 3158 2315 Jacobo

692 2334 1075 2399 Calamaza
1118 2338 1342 2414 venit,
1388 2338 1503 2401 ubi
1546 2348 1841 2419 uterque
1891 2338 2242 2402 admissus
2286 2348 2425 2402 est:
2467 2336 2750 2417 juvenis
2791 2349 2959 2401 tunc
3002 2350 3158 2402 erat

690 2442 960 2506 Marius
991 2444 1235 2507 decem
1267 2456 1333 2506 et
1366 2456 1527 2507 octo
1558 2462 1937 2525 annorum,
1972 2455 2042 2509 et
2071 2444 2220 2525 ejns
2247 2444 2469 2509 frater
2494 2443 2582 2508 D.
2617 2444 2890 2508 Marius
2916 2445 3155 2509 Berin-

692 2550 986 2628 guccius
1014 2552 1089 2614 in
1127 2553 1685 2631 congregatione
1737 2552 1960 2616 SSmi.
2003 2550 2448 2617 Sacramenti
2494 2570 2668 2633 prae
2729 2552 3033 2615 caeteris
3079 2570 3156 2616 se

689 2658 985 2737 gerebat
1014 2657 1059 2717 ⁴.

806 2763 949 2829 398.
1036 2764 1433 2846 Episcopus
1470 2767 2004 2831 Castellamaris
2044 2766 2515 2832 contendebat
2543 2785 2667 2849 per
2705 2769 2978 2831 litteras
3018 2768 3154 2829 hoc

690 2889 876 2935 anno
906 2888 949 2934 a
981 2871 1055 2936 P.
1092 2872 1371 2953 Ignatio
1401 2874 1715 2937 obtinere
1745 2885 1819 2936 ut
1849 2874 2226 2937 lectionem
2255 2874 2691 2939 ordinariam
2723 2874 3146 2953 theologiae,

688 2975 892 3058 quus
920 2977 1281 3044 facultatis
1310 2996 1557 3043 curam
1590 2982 1739 3059 ipse
1768 2981 2087 3059 gerebat,
2121 2979 2196 3043 P.
2231 2979 2599 3046 Salmeron
2627 2982 3052 3061 susciperet,
3086 2990 3154 3043 et

686 3093 767 3147 ut
795 3087 1163 3165 octoginta
1192 3087 1491 3150 ducatos
1522 3087 1596 3149 in
1634 3087 2166 3166 eleemosynam
2197 3088 2498 3168 singulis
2526 3088 2732 3151 annis
2763 3087 3160 3166 Collegium

696 3192 1071 3271 reciperet;
1108 3194 1233 3257 sed
1264 3195 1454 3257 nullo
1485 3194 1695 3257 modo
1723 3194 1789 3256 ei
1820 3193 2152 3257 satisfieri
2181 3194 2449 3273 debuit,
2497 3195 2827 3275 quamvis
2865 3194 3160 3272 Collegii

692 3316 809 3361 res
840 3302 1268 3379 temporales
1298 3310 1647 3379 angustae
1673 3301 2054 3364 admodum
2083 3310 2318 3364 essent
2349 3299 2392 3363 ⁵.

774 3649 789 3680 ⁸
850 3646 979 3692 Vide
1000 3658 1174 3703 supra,
1196 3659 1316 3703 pag.
1339 3650 1380 3699 8,
1404 3659 1451 3693 ιι.
1470 3650 1511 3692 7.

770 3720 793 3751 ⁸
849 3720 925 3772 1⁸,
954 3721 1171 3773 scilicet.
1195 3720 1491 3775 Alphonnus
1522 3721 1584 3765 de
1618 3722 1670 3765 la
1706 3720 1884 3765 Cueva
1900 3754 1910 3774 ,
1931 3730 2206 3775 postquam
2238 3722 2414 3776 plures
2441 3731 2601 3765 annos
2637 3720 2900 3775 praesidio
2935 3721 3150 3765 Goletae

690 3792 943 3846 praefuit,
966 3792 1238 3836 Generalis
1271 3792 1491 3835 militum
1512 3790 1627 3835 Dux
1660 3792 1710 3836 in
1744 3793 1870 3835 urbe
1892 3791 2034 3836 Oran
2053 3798 2264 3836 creatus
2286 3799 2380 3836 est.
2403 3792 2618 3836 “Senalo
2638 3792 2936 3847 (Philippus
2956 3792 3033 3843 ΙΙ)
3065 3803 3157 3846 por

684 3864 901 3919 capitati
920 3866 1131 3915 general
1152 3864 1215 3907 de
1238 3862 1375 3907 Oran
1400 3868 1431 3907 a
1454 3862 1567 3907 Don
1584 3864 1777 3907 Alonso
1798 3864 1859 3906 de
1885 3866 1936 3907 la
1957 3862 2149 3915 Cueva.
2168 3874 2265 3919 que
2286 3875 2379 3908 era
2399 3864 2614 3918 capitan
2633 3866 2666 3907 a
2689 3873 2883 3919 guerra
2904 3864 2964 3908 de
2986 3864 3039 3908 la
3060 3862 3160 3907 Go-

691 3938 823 3989 leta‚
844 3948 879 3992 y
900 3947 961 3979 en
996 3948 1054 3980 su
1084 3936 1237 3989 lugat
1271 3937 1484 3979 nembro
1506 3939 1537 3979 a
1572 3934 1634 3979 D.
1657 3936 1853 3979 Alonso
1877 3935 2154 3989 Pimentel,
2177 3935 2378 3980 alcadde
2412 3936 2494 3980 del
2525 3936 2732 3979 catillo
2752 3936 2815 3979 de
2836 3935 3038 3989 ullam„
3058 3935 3156 3979 CA-

690 4018 861 4051 Βιιειυι
880 4040 892 4061 ,
907 4006 1154 4050 Historia
1175 4008 1240 4052 de
1264 4006 1451 4062 Felipe
1471 4005 1547 4057 II,
1568 4008 1683 4062 Rey
1704 4008 1771 4050 de
1792 4006 2037 4062 Espatia,
2055 4006 2144 4051 lib.
2167 4018 2238 4060 vx,
2261 4017 2375 4061 cap.
2399 4008 2464 4051 13.

768 4078 791 4110 ³
846 4078 1279 4124 Bartholomaeus
1298 4079 1359 4123 de
1396 4080 1447 4123 la
1469 4078 1673 4132 Cueva,
1696 4078 1977 4133 Beltrami,
1999 4078 2074 4122 111
2095 4078 2254 4123 Ducis
2273 4080 2336 4123 de
2357 4080 2755 4134 Albus-querque
2771 4111 2782 4130 ,
2803 4079 2972 4124 frater
2993 4087 3044 4122 et
3069 4080 3158 4122 Al·

690 4150 875 4204 phonsl
895 4152 1323 4206 consanguineus.
1347 4149 1481 4196 Vide
1502 4161 1680 4206 supra,
1702 4161 1807 4206 pag
1838 4151 1882 4202 9.
1903 4162 1954 4194 n.
1973 4150 2017 4193 8.

770 4225 797 4257 ⁴
848 4222 1068 4276 “jacobo
1091 4222 1370 4269 Calamaza
1389 4237 1426 4280 y
1445 4222 1612 4268 Mario
1630 4222 1980 4277 Veringuccio
2003 4223 2184 4267 fuerou
2205 4224 2486 4268 reseibidos
2507 4236 2542 4280 y
2563 4224 2726 4267 bacen
2747 4226 2916 4268 buena
2943 4225 3157 4278 praebe.

688 4298 828 4351 Aqui
848 4296 1097 4349 escriben,
1119 4297 1168 4340 el
1187 4306 1287 4339 uno
1307 4297 1361 4339 al
1380 4296 1543 4349 padre
1558 4328 1569 4349 ,
1592 4297 1641 4339 el
1662 4302 1779 4341 otro
1798 4295 1850 4338 al
1874 4296 2140 4339 hermano.
2159 4292 2220 4338 El
2241 4295 2506 4341 enviarlos
2526 4296 2694 4340 ahora
2714 4297 2747 4339 a
2767 4294 3009 4348 Napoles,
3029 4294 3160 4338 sien·

686 4370 753 4412 do
774 4370 985 4423 plantas
1004 4374 1095 4412 tan
1129 4378 1328 4411 nuevas
1349 4380 1413 4411 en
1441 4370 1494 4412 la
1529 4369 1749 4423 religion
1762 4401 1773 4421 ,
1795 4379 1861 4411 no
1882 4368 2148 4423 conviene,
2170 4380 2366 4423 poi-que
2386 4371 2486 4412 aea
2507 4368 2726 4411 tendi-an
2747 4367 2975 4412 tambien
2995 4368 3156 4421 mejor

688 4440 990 4486 comodidad
1010 4440 1073 4484 de
1094 4441 1481 4495 aprovecharse
1502 4451 1566 4483 en
1596 4441 1817 4495 espiritu
1848 4452 1882 4494 y
1903 4441 2112 4486 letrae...
2135 4440 2389 4485 Polancus
2403 4472 2416 4495 ,
2439 4452 2503 4485 ex
2525 4452 2674 4495 com..
2697 4440 2844 4485 Patri
2869 4438 3155 4490 salmeron,

689 4512 745 4555 28
763 4511 1003 4557 Octobris
1023 4512 1142 4557 1554.
2691 4562 2698 4569 ‚

771 4584 795 4617 ⁸
848 4584 980 4629 Vide
1010 4595 1189 4639 supra,
1208 4592 1247 4629 t.
1270 4596 1347 4639 111,
1368 4594 1486 4640 pag.
1512 4584 1604 4635 180.
1627 4597 1675 4629 n.
1696 4585 1795 4639 378,
1817 4592 1871 4630 et
1895 4585 2086 4640 Ignatii
2106 4586 2172 4630 ad
2195 4586 2523 4641 Episcopum.
2544 4585 2794 4639 joannem
2813 4585 2876 4629 de
2905 4585 3154 4629 Fonseca.

690 4656 897 4700 litteras
914 4657 943 4699 3
962 4660 1041 4707 (et
1062 4668 1163 4701 non
1181 4658 1233 4702 7)
1256 4657 1565 4701 Novembris
1587 4658 1696 4701 155⁴
1714 4658 1896 4711 datu,
1919 4668 2047 4711 quas
2081 4658 2242 4702 habes
2263 4659 2312 4703 in
2337 4658 2528 4701 cartas
2545 4658 2612 4703 de
2634 4658 2746 4701 San
2766 4657 3003 4711 Ignacio,
3023 4666 3060 4700 t.
3083 4667 3158 4706 zv,

690 4738 811 4781 pag.
830 4728 928 4771 361.
