3742 5392
737 478 814 535 44
1658 475 1913 535 Cnaox.
1956 473 2111 534 Soc.
2152 475 2293 547 jes.

743 641 832 687 ex
863 623 1024 687 Stis
1059 623 1512 700 DoctoribuS,
1547 639 1730 702 quae
1761 621 2081 685 dicturus
2112 631 2297 697 erat,
2333 621 2764 698 desumeret‚
2800 630 2874 684 ut
2913 619 3209 682 reddere

742 740 983 810 posset
1011 731 1361 793 rationem
1391 747 1659 805 eorum,
1694 746 1877 809 quae
1908 727 2208 791 dicebat.
2243 727 2507 790 Parum
2530 737 2762 790 tamen
2808 709 3224 807 acquiesce-¹

741 837 864 899 bat
895 837 1010 900 ille
1039 835 1440 917 hujusmodi
1471 835 1789 899 consiliis
1816 845 1887 898 et
1918 835 2152 897 studia
2184 835 2470 898 omnino
2503 833 2902 914 expetebat,
2934 833 3099 896 licet
3128 850 3205 896 se

741 943 1189 1006 obediturum
1219 943 1503 1006 tandem
1535 942 1919 1005 affirmaret
1953 941 1993 1004 ¹.

859 1049 962 1112 69.
1047 1048 1628 1113 confessionibus
1655 1049 1868 1112 etiam
1892 1065 2109 1129 opera
2134 1049 2458 1127 dabatur,
2486 1048 2813 1128 quamvis
2842 1045 3209 1127 proprium

739 1159 1079 1236 templum
1110 1156 1201 1220 ad
1228 1157 1407 1219 haec
1435 1155 1677 1219 munia
1707 1156 2031 1219 obeunda
2064 1172 2316 1235 parum
2348 1154 2679 1218 idoneum
2709 1164 2926 1230 esset;
2962 1171 3210 1218 omnes

745 1274 986 1328 tamen
1019 1263 1431 1327 scholastici
1469 1261 1494 1293 ¹
1523 1272 1820 1343 peccata
1861 1263 2174 1326 confessi
2214 1271 2415 1341 sunt,
2460 1271 2531 1325 et
2568 1262 2759 1325 bona
2806 1260 3093 1341 ingenia
3140 1271 3211 1324 et

744 1371 979 1434 minus
1009 1387 1223 1450 quam
1253 1370 1418 1434 alibi
1449 1370 1759 1433 obnoxia
1798 1370 2203 1433 carnalibus
2235 1369 2553 1451 peccatis
2592 1368 3084 1432 cernebantur.

865 1477 965 1540 70.
1057 1474 1460 1558 Scripserat
1476 1475 1902 1557 Respublica
1919 1476 2322 1540 Marchioni
2336 1475 2424 1540 de
2448 1475 2689 1540 Massa
2704 1473 2748 1556 ³,
2769 1493 2985 1556 penes
3000 1493 3210 1556 quem

745 1595 939 1664 erat,
987 1593 1062 1648 ut
1100 1583 1510 1662 videbatur,
1560 1582 1865 1646 facultas
1907 1583 2330 1662 disponendi
2370 1583 2457 1646 de
2502 1583 2804 1646 ecclesia
2849 1581 2976 1646 Sti.
3019 1581 3207 1674 Syri3

745 1692 1075 1773 quamvis
1113 1690 1300 1754 enim
1342 1689 1742 1754 Cardinalis
1791 1689 2273 1754 Ferrariensis
2327 1687 2349 1720 ⁴
2395 1691 2679 1753 titulum
2718 1690 3044 1768 haberet,
3078 1707 3208 1770 pro

745 1799 934 1862 illius
958 1799 1298 1879 temporis
1319 1807 1608 1878 recepto
1633 1815 1852 1877 more,
1881 1798 1955 1861 in
1976 1798 2280 1861 aliorum
2304 1798 2621 1876 gratiam
2650 1796 2921 1860 fructus
2952 1797 3114 1876 capi
3142 1806 3212 1860 et

742 1907 983 1970 omnia
1023 1909 1494 1969 emolumenta
1538 1905 2008 1985 permittebat.
2066 1905 2201 1997 Hic
2256 1913 2493 1968 autem
2543 1915 2699 1967 erat
2750 1904 3073 1967 Marchio
3123 1903 3210 1966 de

749 2013 1012 2092 Massa,
1047 2012 1137 2076 ad
1168 2029 1377 2092 quem
1405 2013 1558 2093 ipse
1587 2013 1662 2076 P.
1697 2013 2019 2092 Baptista
2050 2012 2263 2076 Viola
2294 2029 2455 2075 cum
2477 2011 2730 2075 litteris
2753 2011 3210 2092 Reipublicae

749 2130 819 2183 et
853 2119 1254 2183 Cardinalis
1281 2118 1505 2183 Doria
1535 2118 1580 2182 ³.
1615 2119 1737 2182 Ille
1786 2130 2022 2183 autem
2063 2118 2425 2200 respondit
2464 2128 2873 2198 promptum
2918 2135 3074 2180 esse
3119 2117 3211 2182 ad

752 2243 962 2290 suum
991 2243 1416 2290 consensum
1454 2226 1937 2305 praebendum
1979 2235 2053 2290 ut
2091 2228 2294 2289 locus
2332 2227 2446 2289 ille
2486 2226 2790 2305 collegio
2829 2224 3209 2309 Societatis

756 2334 1263 2413 applicaretur;
1296 2333 1421 2396 sed
1460 2334 1808 2413 reliquum
1847 2342 2000 2397 erat
2044 2351 2085 2395 a
2128 2332 2505 2397 Cardinale
2548 2333 2683 2396 hoc
2724 2333 2955 2414 ipsum
2994 2333 3206 2411 impe·

753 2450 968 2504 trare.
1001 2439 1162 2504 Non
1193 2452 1432 2503 tamen
1471 2457 1716 2503 omnes
1766 2441 1965 2503 cives
2013 2438 2164 2518 ejus
2207 2439 2593 2519 parochiae
2643 2438 2956 2519 ejusdem
3005 2448 3209 2502 erant

757 2548 1177 2625 sententiae;
1212 2557 1281 2609 et
1311 2547 1409 2609 ita
1440 2563 1558 2609 res
1583 2547 1925 2627 impedita
1958 2545 2092 2610 fuit
2140 2564 2271 2609 nec
2324 2563 2529 2610 suum
2580 2546 2907 2609 effectum
2956 2545 3208 2609 sortita

747 2664 878 2717 est.
908 2653 1114 2718 Alius
1140 2653 1352 2716 etiam
1377 2654 1578 2716 locus
1607 2653 1677 2715 in
1701 2653 1933 2716 medio
1957 2654 2155 2718 urbis
2176 2654 2677 2735 quaerebatur,
2704 2653 2829 2716 sed
2854 2671 2942 2716 ne
2971 2653 3032 2716 is
3062 2652 3208 2732 qui·

749 2762 911 2825 dem
950 2761 1021 2824 id
1060 2762 1400 2840 temporis
1443 2761 1812 2840 maturuit;
1855 2762 2094 2842 itaque
2132 2762 2205 2824 in
2247 2761 2456 2825 domo
2503 2761 2934 2825 conductitia
2974 2777 3205 2840 perse·

749 2877 1116 2946 vetarunt,
1143 2867 1494 2948 adjunctis
1523 2867 1946 2948 quibusdam
1966 2868 2231 2932 scholis
2260 2868 2537 2948 quibuS,
2564 2877 2847 2949 praeter
2870 2867 3210 2930 lectiones
3304 2913 3311 2920 .

749 2975 1142 3038 litterarum
1172 2975 1700 3052 humaniorum,
1734 2975 1885 3055 ipse
1916 2975 2130 3038 etiam
2169 2973 2241 3038 P.
2286 2975 2575 3055 Laynez
2617 2974 2984 3038 doctrinae
3028 2974 3207 3036 chri·
3299 3019 3305 3024 .

747 3082 1024 3144 stianae
1053 3081 1424 3145 lectionem
1457 3081 1702 3144 diebus
1732 3081 2017 3144 veneris
2045 3081 2474 3161 explicabat.

867 3189 968 3252 71.
1057 3188 1434 3252 Mediolani
1479 3189 1786 3268 syndici,
1820 3189 1943 3270 qui
1981 3197 2149 3252 tunc
2188 3199 2393 3252 erant
2420 3188 2771 3253 Dominus
2800 3188 3209 3252 Bernardus

747 3297 838 3359 de
867 3295 1040 3360 Olea
1072 3306 1142 3359 et
1170 3295 1516 3359 Dominus
1544 3294 1602 3358 F
1603 3296 1973 3360 ranciscus
2018 3295 2444 3373 PaciechuS,
2487 3305 2737 3376 postea
2779 3295 3205 3373 CardinaliS,

749 3415 822 3465 et
852 3404 1204 3484 quaedam
1234 3403 1806 3482 confraternitaS,
1842 3420 2028 3483 quae
2058 3403 2391 3483 operibus
2417 3403 2553 3482 piis
2582 3403 2923 3481 vacabat,
2963 3419 3210 3465 secun-

837 3645 852 3674 ¹
910 3644 1092 3687 Verba
1111 3643 1244 3688 haec
1259 3677 1270 3696 ,
1294 3646 1344 3686 et
1365 3645 1550 3686 stuata
1573 3645 1790 3687 omnino
1810 3645 2123 3698 expetebat,
2142 3643 2265 3687 ticet
2286 3653 2345 3686 se
2365 3643 2705 3686 obediturum
2729 3644 2948 3686 tandem
2980 3643 3217 3698 affirma·

753 3719 858 3767 ret,
878 3715 1078 3759 addidit
1097 3715 1308 3769 propria
1325 3726 1480 3758 manu
1501 3715 1771 3759 Polancus.
1788 3716 1967 3758 “Mn-o.
1988 3715 2208 3764 Manuel.
2226 3715 2487 3758 scribebat
2509 3715 2615 3767 ipse
2634 3714 2905 3764 Polancus.
2926 3726 2993 3758 ex
3008 3725 3217 3764 comm„

755 3787 901 3831 Patri
921 3786 1160 3843 Laynez,
1181 3786 1404 3836 22Nov..
1427 3794 1620 3840 quanto
1641 3795 1824 3830 manco
1863 3785 2147 3840 predicassi
2167 3818 2177 3836 .
2209 3786 2296 3839 piu
2330 3787 2504 3840 potria
2538 3787 2781 3830 attendet
2815 3787 2918 3830 alio
2956 3786 3150 3841 studio,
3187 3799 3215 3829 e

749 3869 876 3913 pare
896 3860 1037 3903 saria
1060 3860 1183 3902 utile
1205 3869 1298 3912 per
1319 3859 1388 3902 lui
1411 3859 1505 3902 che
1525 3859 1564 3902 s'
1584 3858 1908 3902 essercitassi
1928 3859 2147 3912 qualche
2166 3866 2337 3912 tempo
2354 3859 2484 3901 nelle
2504 3859 2686 3901 lettere
2708 3859 2757 3901 di
2776 3859 3070 3912 humanita,
3092 3859 3213 3902 ben·

753 3932 849 3974 che
883 3933 936 3975 la
971 3932 1202 3975 dottrina
1237 3931 1525 3975 christiana
1557 3931 1817 3975 crediamo
1852 3932 2027 3984 potria
2060 3932 2355 3976 dichiarare
2391 3942 2487 3974 con
2522 3941 2652 3986 poca
2690 3942 2785 3974 sua
2820 3932 3156 3975 distractione
3188 3943 3215 3974 e

753 4014 848 4046 con
870 4003 1035 4046 frutto
1057 4013 1154 4046 non
1175 4013 1302 4056 poco
1325 4002 1445 4046 delli
1467 4002 1739 4054 scholari.„

835 4073 858 4104 ¹
911 4073 967 4118 Id
990 4081 1094 4128 est,
1115 4085 1290 4117 omnes
1307 4074 1601 4118 scholarum
1622 4081 1921 4117 nostrarum
1942 4074 2152 4118 alumni.

837 4145 860 4175 ³
913 4145 966 4190 ls
987 4153 1102 4189 erat
1125 4147 1400 4190 Aibericus
1421 4145 1548 4190 Cibo
1565 4177 1576 4198 ,
1597 4151 1778 4200 postea
1811 4145 2057 4200 Princeps
2089 4146 2150 4189 de
2182 4145 2355 4189 Massa
2376 4145 2557 4189 dictus.
2591 4145 2861 4196 Cnrusonn,
2902 4145 3219 4199 Genealogie

755 4217 896 4260 delle
921 4228 1044 4260 case
1059 4217 1160 4271 pia
1182 4217 1390 4260 illustri
1409 4217 1498 4260 del
1521 4217 1724 4260 mondo.

837 4291 862 4322 ⁸
919 4288 1232 4344 Hippolytus
1253 4290 1315 4332 de
1335 4289 1480 4334 Este.
1513 4289 1703 4332 Sensus
1721 4293 1802 4332 est
1823 4289 2099 4332 ecclesiam
2119 4287 2300 4333 Sancti
2321 4287 2441 4342 syri
2470 4291 2520 4332 in
2542 4291 2668 4332 urbe
2690 4290 2935 4343 genuensi
2956 4287 3140 4342 sitam,
3164 4295 3218 4332 et

755 4361 960 4416 quidem
981 4373 1134 4404 unam
1156 4373 1220 4404 ex
1240 4361 1351 4415 ejus
1372 4361 1513 4403 urbis
1544 4360 1806 4414 primariis
1826 4392 1836 4413 ,
1871 4361 1926 4404 vi
1961 4360 2099 4404 tituli
2138 4372 2228 4404 seu
2263 4361 2556 4405 collationis
2592 4363 2871 4404 canonicae
2906 4361 3063 4403 fuisse
3097 4365 3218 4403 tune

757 4443 1046 4486 possessam
1069 4444 1100 4476 a
1123 4431 1385 4476 cardinali
1409 4431 1758 4483 Ferrariensi;
1778 4431 1866 4473 sed
1888 4432 2087 4474 fructus
2107 4439 2159 4474 et
2182 4434 2527 4476 emolumenta
2548 4435 2634 4477 vel
2662 4438 2817 4486 pacto
2837 4439 2889 4475 et
2922 4433 3217 4476 conventio-

761 4515 822 4546 ne
843 4514 958 4547 cum
981 4503 1283 4556 cardinale,
1306 4504 1391 4546 vel
1413 4503 1520 4546 alia
1538 4503 1756 4554 ratione,
1777 4513 1931 4556 quam
1950 4513 2073 4546 usus
2102 4509 2155 4546 et
2182 4503 2266 4557 J'us
2300 4509 2422 4547 tunc
2458 4505 2706 4558 temporis
2737 4504 3025 4557 legitimam
3058 4501 3217 4547 habe·

755 4577 882 4619 bant
897 4607 907 4624 .
929 4587 1028 4619 non
1050 4575 1315 4619 Cardinaii
1337 4575 1469 4618 solvi
1490 4574 1580 4618 sed
1601 4573 1885 4618 Marchioni
1908 4573 1969 4616 de
1990 4573 2181 4618 Massa.

837 4644 860 4678 ⁸
913 4645 1255 4690 Desideratur
1270 4646 1352 4689 hic
1367 4647 1585 4689 verbum
1605 4645 1809 4698 aliquod
1823 4678 1834 4696 ,
1856 4654 1982 4700 puta
2000 4649 2297 4701 scripserat
2316 4649 2402 4691 vei
2423 4645 3097 4692 accesseram-cardinalis
3110 4649 3216 4693 Do-

759 4719 840 4761 ria
861 4724 938 4762 est
957 4717 1305 4775 Hieronymus
1324 4718 1386 4761 de
1409 4718 1600 4771 Auria,
1625 4719 1711 4760 vel
1732 4717 1921 4784 Dor-ia,
1942 4718 2233 4772 genuensis.
