3742 5392
699 472 810 530 302
1624 466 1879 528 Canon.
1922 468 2075 527 Soc,
2116 468 2258 541 JES.

699 634 792 680 ne
820 614 1109 679 Domini
1137 614 1554 677 concionem
1583 612 2003 693 protrahere
2032 613 2369 693 potuerit,
2403 629 2567 675 cum
2598 612 2879 691 magnis
2901 612 3169 675 audito·

701 740 860 786 rum
891 722 1200 801 fletibus„
1241 738 1542 801 quorum
1583 719 1866 799 plurimi
1906 720 1996 782 ab
2034 737 2208 798 una,
2243 719 2518 782 duabus
2570 727 2640 781 et
2682 720 2908 782 tribus
2951 720 3173 782 leucis

707 830 1039 894 audiendi
1067 830 1304 909 gratia
1346 828 1744 891 veniebant.
1787 826 2119 907 Rogante
2162 836 2399 889 autem
2440 827 2757 907 parocho
2800 826 3171 907 cujusdam

703 938 1052 1002 ecclesiae
1112 937 1424 1015 vicinae,
1481 952 1664 1015 quae
1709 934 1860 997 BA·e
1912 934 2197 1013 Virgini
2253 950 2463 997 sacra
2520 941 2676 997 erat
2746 932 2787 1011 ¹,
2846 934 3000 1014 ipso
3059 934 3171 997 die

703 1044 1304 1109 Annunciationis
1325 1060 1488 1105 cum
1509 1041 1865 1105 auditorio
1883 1051 2031 1104 tam
2052 1046 2433 1104 numeroso
2456 1041 2919 1104 concionatus
2941 1051 3072 1114 est,
3092 1048 3172 1103 ut

709 1154 899 1216 intra
929 1152 1305 1215 ecclesiam
1335 1148 1553 1230 aliqui
1592 1148 1974 1228 deliquium
2012 1148 2210 1229 passi
2242 1148 2537 1224 fuerint,
2587 1155 2657 1211 et
2693 1150 2933 1228 plures
2968 1156 3173 1211 erant

705 1269 913 1323 extra
944 1258 1317 1337 templum,
1351 1257 1472 1336 qui
1497 1255 1905 1320 nitebantur
1944 1254 2256 1335 ingredi,
2302 1272 2516 1335 quam
2553 1256 2740 1318 intra
2781 1255 2985 1319 illud:
3026 1255 3172 1335 qui-

707 1366 874 1429 dam
903 1365 1280 1445 religiosus
1319 1362 1441 1429 S.ti
1475 1362 1835 1427 Dominici
1876 1360 2366 1443 [concionem]
2412 1363 2816 1442 habituruS,
2850 1372 3167 1439 venerat,

702 1473 831 1536 sed
883 1471 1242 1553 parochus
1296 1488 1457 1535 eum
1505 1487 1648 1534 non
1697 1469 2117 1549 admiserat;
2178 1454 2309 1532 sed
2360 1487 2523 1533 cum
2580 1469 2715 1533 hoc
2772 1470 3173 1549 ignorasset

705 1579 780 1643 P.
817 1579 1252 1655 BernarduS‚
1282 1578 1544 1658 populo
1573 1576 2055 1656 praedicavit;
2088 1585 2335 1656 postea
2380 1577 2450 1639 id
2491 1578 2886 1639 resciscens
2926 1576 3169 1653 doluit;

703 1686 1064 1767 parochus
1110 1696 1348 1749 tamen
1391 1685 1493 1747 illi
1535 1684 1870 1763 religioso
1914 1684 2291 1764 pecuniam
2335 1685 2528 1747 illam
2572 1684 2824 1747 donari
2866 1684 3173 1755 curavit.

704 1812 892 1874 quae
919 1791 1412 1856 concionatori
1441 1791 1596 1854 dari
1625 1791 1928 1869 solebat,
1962 1799 2033 1853 et
2072 1790 2143 1853 id
2185 1792 2400 1854 etiam
2441 1790 2842 1854 inconsulto
2882 1790 2960 1853 P.
3007 1789 3171 1854 Ber-

705 1901 934 1964 nardo
963 1899 1162 1977 fecit,
1196 1909 1268 1961 et
1297 1900 1395 1962 ita
1425 1896 1756 1961 satisfieri
1783 1898 2010 1977 potuit
2032 1898 2407 1960 monacho.
2436 1896 3050 1961 contradictiones
3072 1906 3173 1959 ta-

707 2024 869 2071 men
900 2005 1324 2087 expectabat
1353 2004 1428 2068 P.
1476 2004 1884 2068 Bernardus
1928 2005 2016 2067 ab
2056 2005 2159 2067 eis
2202 2004 2589 2085 profectaS‚
2636 2005 2755 2084 qui
2800 2005 3173 2085 displicere

711 2114 846 2178 sibi
875 2123 1280 2178 nostrorum
1311 2113 1696 2176 adventum
1727 2111 1968 2174 verbis
1996 2122 2067 2175 et
2096 2110 2304 2174 factis
2332 2127 2503 2191 prae
2534 2128 2610 2175 se
2638 2111 2983 2175 serebant.

825 2220 968 2283 646.
1055 2219 1198 2285 Sub
1230 2219 1441 2283 finem
1471 2235 1644 2298 ergo
1674 2218 1944 2299 Aprilis
1980 2218 2382 2282 Lovanium
2412 2236 2489 2281 se
2519 2219 2845 2297 contulit,
2890 2230 2963 2282 et
3004 2219 3171 2281 Bru-

705 2329 963 2407 xellas,
1016 2337 1092 2391 ut
1131 2328 1435 2406 litteraS,
1483 2325 1569 2389 de
1615 2327 1870 2407 quibus
1918 2327 2245 2406 superius
2292 2327 2555 2389 mentio
2598 2326 2789 2388 facta
2832 2337 2940 2389 est
2980 2326 3031 2403 ²¹,
3081 2326 3173 2388 ad

704 2436 1097 2516 Episcopos
1128 2434 1656 2497 Tornacensem
1687 2444 1758 2496 et
1788 2433 2379 2497 Cameracensem
2412 2450 2453 2495 a
2483 2432 2757 2511 Legato
2798 2434 3166 2511 obtineret,

703 2544 854 2605 sine
884 2558 1188 2623 quorum
1217 2558 1556 2622 expresso
1589 2557 1939 2603 consensu
1973 2550 2138 2604 ante
2167 2540 2239 2603 id
2281 2550 2560 2618 tempus
2598 2539 2826 2604 officio
2857 2557 2985 2603 suo
3022 2538 3171 2603 fun-

703 2660 861 2712 ctus
890 2648 1120 2713 fuerat
1148 2648 1626 2730 parochorum
1653 2648 2097 2728 beneplacito
2144 2655 2557 2725 contentus;
2600 2646 2723 2709 sed
2766 2648 3171 2727 prohibitio-

702 2774 894 2835 nem,
941 2774 1122 2837 quae
1167 2766 1411 2837 postea
1455 2765 1754 2836 sequuta
1795 2764 1934 2832 est,
1976 2756 2195 2835 aliqui
2239 2755 2305 2817 ei
2340 2755 2847 2834 praedicebant
2884 2756 3170 2819 nomine

701 2864 1035 2944 Episcopi
1067 2862 1638 2943 CameracensiS,
1673 2861 1762 2926 ad
1793 2880 2002 2943 quem
2032 2863 2287 2943 aliquis
2316 2863 2653 2925 retulerat
2679 2863 2869 2942 quod
2898 2861 2973 2925 P.
3010 2864 3171 2926 Ber-

702 2970 970 3032 nardus
999 2979 1249 3033 contra
1282 2970 1512 3050 ipsum
1541 2969 1771 3033 fuerat
1801 2970 2269 3033 concionatus
2288 3018 2302 3046 ,
2329 2970 2517 3048 quod
2540 2978 2781 3032 tamen
2802 2970 2995 3033 nullo
3025 2987 3170 3033 mo-

701 3076 795 3138 do
823 3093 1070 3139 verum
1101 3085 1256 3140 erat
1284 3075 1329 3140 ³.
1361 3076 1693 3139 Invectus
1723 3075 2007 3156 quidem
2037 3075 2269 3138 suerat
2299 3085 2550 3138 contra
2579 3075 2967 3155 libidinem,
3004 3094 3169 3139 ava-

703 3184 972 3261 ritiam,
998 3184 1242 3258 gulam
1265 3193 1332 3245 et
1355 3183 1790 3262 ebrietatem,
1819 3200 2003 3263 quae
2028 3184 2205 3245 vitia
2228 3200 2313 3245 ea
2337 3184 2409 3246 in
2436 3184 2807 3263 provincia
2831 3184 3171 3246 latissime

704 3284 1080 3370 patebant,
1115 3299 1262 3353 tam
1291 3291 1473 3353 inter
1495 3290 2020 3353 ecclesiasticos
2044 3306 2260 3370 quam
2284 3291 2467 3353 inter
2489 3291 2745 3369 laicos;
2771 3292 3172 3370 complures

702 3399 891 3460 enim
921 3397 1244 3460 canonici
1275 3398 1388 3459 vel
1417 3406 1741 3477 pastores
1767 3396 1960 3460 domi
2004 3414 2175 3460 suae
2221 3410 2288 3460 et
2335 3398 2770 3461 concubinas
2810 3407 2879 3461 et
2925 3415 3171 3460 earum

787 3637 804 3669 ί
860 3638 934 3681 “le
960 3638 1078 3692 jour
1099 3638 1160 3681 de
1190 3638 1620 3689 l'Annonciation,
1647 3639 1680 3681 il
1702 3638 1899 3691 precha
1920 3650 2107 3683 encore
2129 3639 2257 3683 dans
2288 3640 2483 3694 l’eglise
2506 3639 2569 3682 de
2600 3638 2759 3682 Notre
2780 3638 2946 3683 Dame
2978 3640 3041 3682 de
3064 3639 3171 3683 Bon

709 3708 974 3761 Secours.„
996 3708 1291 3763 Dssm’mica,
1314 3711 1346 3753 1.
1369 3722 1430 3763 c.,
1451 3720 1572 3763 pag.
1591 3710 1688 3753 310.

789 3780 811 3812 ¹
865 3780 1048 3835 Supra,
1072 3793 1191 3836 pag.
1213 3782 1306 3831 292,
1327 3792 1376 3824 n.
1395 3782 1630 3824 624.—De
1664 3782 1743 3833 iis,
1776 3793 1909 3837 quae
1940 3781 2199 3826 Brueris
2229 3782 2490 3827 oliverius
2528 3794 2661 3826 nunc
2693 3783 2874 3836 gessit,
2908 3784 2953 3825 ei
2984 3784 3169 3826 rescri-

707 3853 850 3904 bens,
873 3863 938 3895 ex
958 3864 1116 3903 com„
1138 3854 1405 3906 Polancus,
1429 3854 1558 3897 haec
1580 3854 1679 3897 ait:
1703 3854 1774 3897 “11
1793 3854 1985 3897 visitat
2004 3854 2041 3897 li
2064 3853 2147 3897 doi
2178 3853 2445 3899 cardinali
2476 3854 2678 3908 (Polum
2699 3860 2751 3898 et
2778 3854 3115 3908 But-gensem)
3144 3856 3171 3897 ὲ

705 3928 848 3967 stato
869 3924 1027 3968 molto
1044 3926 1189 3979 bene,
1213 3934 1265 3969 et
1286 3926 1441 3969 credo
1461 3926 1511 3969 in
1529 3926 1700 3979 quello
1719 3924 1988 3969 accadessi
2004 3926 2293 3969 sarebbono
2304 3928 2464 3970 molto
2484 3925 2795 3975 ravon-evoli.
2817 3936 2960 3969 come
2982 3928 3025 3969 si
3046 3937 3174 3971 sono

707 3994 898 4048 offerti;
924 4000 974 4038 et
996 4006 1245 4050 appresso
1267 3997 1302 4039 li
1326 3995 1553 4040 Vescovl
1573 3998 1623 4040 di
1647 3996 1895 4041 cambrai
1926 4002 1979 4039 et
2007 3996 2199 4040 Tornai
2233 3998 2268 4040 il
2290 3998 2442 4041 favor
2472 3999 2583 4041 loro
2615 4003 2666 4040 et
2703 3996 2786 4041 del
2808 3997 2953 4041 Rmo.
2976 3997 3173 4041 Nuncio

707 4066 861 4109 credo
883 4068 1100 4110 sarebbe
1133 4068 1271 4111 assai
1297 4068 1628 4121 importante.
1649 4067 1692 4111 11
1714 4069 1991 4112 medeslmo
2011 4068 2126 4111 dico
2147 4068 2286 4122 degli
2316 4070 2442 4113 altri
2478 4069 2692 4122 Prelati,
2719 4069 2769 4111 in
2794 4070 2875 4112 cui
2906 4070 3100 4112 diocesi
3131 4070 3173 4112 si

707 4139 1102 4183 essercitassino
1122 4140 1246 4183 nelli
1277 4140 1418 4183 offitii
1449 4140 1588 4183 della
1611 4138 1932 4194 eompagnia
1962 4144 2015 4183 et
2050 4142 2271 4183 sarebbe
2302 4140 2443 4184 assai
2476 4140 2814 4185 conveniente
2847 4151 2990 4184 esser
3014 4143 3173 4185 molto

707 4210 846 4253 nella
867 4211 1046 4263 gratia
1077 4211 1206 4265 loro,
1237 4210 1546 4255 offerendosi
1569 4223 1663 4266 per
1683 4213 1794 4256 suoi
1824 4212 2049 4256 ministri
2080 4214 2166 4255 nel
2199 4212 2375 4256 divino
2406 4212 2627 4256 servitio
2656 4218 2709 4255 et
2744 4213 3101 4257 domandando
3123 4214 3175 4256 la

707 4284 818 4326 loro
838 4282 1170 4326 benedizione
1191 4292 1242 4327 et
1257 4284 1505 4337 autorita,
1527 4291 1860 4339 quantunque
1882 4296 1983 4328 non
2000 4284 2297 4328 havessimo
2320 4284 2383 4327 de
2402 4284 2635 4338 bisogno,
2653 4286 2793 4329 ultra
2818 4288 2867 4329 la
2886 4287 3038 4339 quase
3060 4297 3175 4339 pos·

709 4355 870 4397 siamo
891 4365 1045 4398 usare
1065 4356 1196 4398 delle
1217 4361 1394 4400 nostre
1415 4356 1628 4411 facult&
1651 4356 1947 4401 finalmente
1970 4366 2025 4400 se
2046 4358 2243 4411 potessi
2266 4356 2393 4399 sarsi
2416 4357 2513 4400 che
2545 4357 2580 4400 li
2610 4356 2804 4400 Prelati
2840 4366 3106 4402 tenessero
3141 4358 3175 4401 li

709 4426 870 4468 nostri
893 4437 986 4479 per
1013 4436 1132 4469 cosa
1153 4438 1264 4490 sna,
1281 4428 1325 4471 si
1347 4428 1695 4471 levarebbono
1715 4428 1763 4471 le
1784 4427 2045 4472 occasioni
2068 4426 2119 4470 di
2140 4427 2287 4470 molti
2310 4426 2532 4471 disturbl
2554 4434 2607 4471 et
2627 4428 2671 4470 si
2688 4430 2861 4481 potria
2880 4430 3042 4473 molto
3064 4440 3171 4473 ser-

707 4497 822 4541 vire
843 4496 985 4541 Iddio
1006 4496 1198 4542 Nostro
1221 4498 1492 4551 Simon-c.„
1511 4499 1567 4543 23
1589 4498 1710 4555 Majl
1737 4500 1856 4543 155⁴.

789 4568 812 4601 ⁸
865 4570 988 4623 “par
1006 4570 1254 4623 bonheur,
1275 4571 1352 4613 les
1371 4570 1506 4615 deux
1525 4571 1588 4615 de
1605 4569 1759 4627 Croy,
1782 4583 1881 4626 que
1912 4570 2311 4623 charles—Quint
2342 4570 2401 4614 fit
2428 4572 2759 4625 promouvoir
2782 4574 2813 4615 a
2835 4573 2867 4615 l’
2886 4574 3172 4628 episcopat,

703 4640 920 4693 etaient,
943 4641 1115 4685 disens
1135 4642 1324 4697 mieux,
1347 4643 1620 4687 deviarent
1641 4644 1822 4698 dignes
1851 4644 1999 4687 d’une
2020 4644 2063 4687 si
2104 4644 2418 4697 importante
2450 4642 2693 4697 charge.„
2726 4642 3018 4695 Dant-naeu,
3052 4646 3085 4688 l.
3114 4658 3173 4699 c.,

709 4722 827 4765 pag.
846 4710 942 4753 267.
