3742 5392
668 495 774 553 49⁴⁸
1587 496 1844 556 Canos.
1890 495 2042 555 Soc.
2082 495 2221 569 Jes.

669 643 896 706 dacus
943 640 1034 705 de
1079 641 1414 705 Corduba
1464 641 1642 705 dixit
1683 640 1760 706 P.
1799 641 2040 705 Natali
2078 659 2157 705 se
2196 641 2333 721 ipsi
2367 639 2703 706 'daturum
2734 641 3135 723 h'uJ'usmodi

672 752 864 827 loca,
895 760 972 813 ut
1003 749 1614 830 Romae'imprimi
1641 750 1956 814 secundo
2000 766 2419 814 curaremus
2458 750 2707 814 eadem
2747 751 3130 832 Exercitia,

671 874 759 920 ea
788 859 943 920 loca
975 858 1474 922 concinnando
1506 858 1622 921 vel
1651 857 2119 938 declarandO,
2152 857 2225 921 in
2255 875 2437 938 quae
2464 857 2727 922 fratres
2756 859 2870 922 vel
2901 861 3136 940 quivis

673 964 856 1028 alius
886 963 1277 1044 impingere
1317 981 1528 1043 posse
1561 963 2014 1042 videbantur,
2058 980 2193 1028 nec
2234 965 2376 1028 alia
2414 982 2495 1027 re
2543 983 2723 1046 opus
2770 965 2957 1044 fore;
3010 969 3136 1030 sed

672 1070 750 1134 Ρ.
781 1070 1058 1135 Natalis
1087 1071 1266 1135 dixit
1295 1072 1492 1152 prius
1534 1089 1611 1135 se
1654 1069 1957 1135 Romam
1999 1082 2379 1136 venturum
2420 1083 2497 1135 ut
2534 1070 2741 1152 hujus
2781 1074 2886 1137 rei
2924 1075 3134 1138 ratio-

675 1195 837 1242 nem
865 1179 1066 1259 prius
1093 1177 1170 1240 P.
1204 1177 1480 1258 Ignatio
1510 1179 1878 1256 redderet;
1912 1190 1981 1242 et
2012 1178 2392 1243 videbatur
2420 1178 2649 1242 eidem
2690 1180 3138 1245 dissimulan—

675 1286 842 1350 dum
871 1303 1066 1366 esse,
1099 1303 1230 1349 nec
1260 1289 1417 1350 loca
1455 1285 1576 1349 illa
1613 1294 1858 1365 notata
1900 1285 2205 1367 petenda
2228 1331 2243 1362 ,
2290 1304 2379 1349 ne
2426 1297 2860 1365 cogerentur
2908 1290 3133 1352 nostri

675 1394 780 1457 eis
829 1394 1260 1475 respondere
1297 1403 1368 1457 et
1409 1393 1482 1457 id
1531 1393 1770 1456 facere
1819 1394 2007 1474 quod
2040 1393 2265 1456 Dnus,
2315 1392 2641 1457 Didacus
2678 1395 2765 1458 de
2804 1394 3136 1459 Corduba

675 1501 954 1564 dicebat
1013 1498 1055 1565 ¹.
1115 1499 1359 1564 Nostri
1413 1510 1653 1564 tamen
1703 1499 1851 1579 jam
1908 1499 2311 1574 huiusmodi
2366 1502 2867 1565 annotationes
2923 1503 3143 1566 habe-

677 1608 873 1672 bant.

802 1713 977 1778 1044.
1065 1714 1243 1779 Cum
1273 1714 1348 1778 P.
1383 1713 1660 1778 Natalis
1699 1715 1791 1778 ad
1829 1715 2345 1796 prosectionem
2384 1716 2455 1779 in
2496 1717 2774 1781 Italiam
2812 1735 2890 1780 se
2934 1736 3135 1799 para-

677 1831 786 1886 ret
813 1821 837 1852 ’
868 1872 884 1903 ,
928 1833 999 1886 et
1037 1822 1354 1902 Collegia
1395 1822 1773 1886 Valentiae
1809 1832 1883 1885 et
1926 1821 2253 1886 Gandiae
2294 1825 2690 1902 invisisset,
2736 1826 3139 1904 alloquutus

677 1939 786 1993 est
807 1947 969 1993 cum
998 1929 1075 1994 P.
1110 1930 1433 2010 Baptista
1471 1931 1558 1993 de
1597 1929 1863 1993 Barma
1910 1929 2459 2009 Segurbiensem
2508 1932 2961 2012 Episcopum,
3015 1934 3137 2014 qui

677 2037 1125 2101 necessarios
1151 2047 1475 2117 sumptus
1514 2038 1607 2100 ad
1645 2038 2159 2101 absolvendam
2202 2040 2577 2103 ecclesiam
2614 2039 3139 2104 Barchinonen·

677 2161 828 2206 sem
848 2192 862 2219 ,
890 2153 966 2206 ut
989 2145 1318 2223 superius
1339 2145 1705 2223 tetigimus
1728 2146 1776 2222 ⁸,
1810 2145 2085 2218 obtulit,
2112 2154 2181 2210 et
2211 2146 2771 2226 quadringentos
2797 2149 2913 2210 vel
2940 2149 3140 2226 quin·

675 2261 934 2330 gentos
963 2269 1220 2314 aureos
1249 2252 1468 2315 annui
1497 2252 1798 2330 redituS,
1835 2269 2014 2332 quos
2044 2253 2381 2330 habebat,
2416 2254 2487 2316 in
2516 2271 2647 2316 sua
2688 2255 3004 2318 dioecesi
3045 2258 3145 2319 al-

680 2359 1128 2423 barecinensi
1155 2357 1212 2438 ⁴,
1247 2360 1339 2423 ad
1367 2358 1665 2438 Collegii
1702 2358 2365 2439 Caesaraugustam
2395 2361 2863 2441 dotationem;
2896 2372 2966 2425 et
2996 2381 3138 2426 mo-

677 2466 829 2530 nuit
857 2477 934 2530 ut
963 2468 1056 2530 ad
1088 2466 1496 2547 Pro-regem
1523 2469 1548 2502 ⁸
1577 2468 1969 2530 scriberent
2010 2468 2307 2544 (scilicet
2334 2468 2425 2531 ad
2456 2467 2801 2532 Comitem
2828 2469 3137 2534 Meliten-

676 2574 864 2652 sem)
894 2584 969 2636 ut
998 2575 1285 2637 domum
1317 2575 1468 2655 ipse
1509 2575 1952 2655 prospiceret
1982 2574 2341 2654 Collegio;
2374 2592 2451 2638 se
2481 2586 2721 2639 autem
2751 2576 3020 2640 reditus
3048 2579 3141 2640 ei-

675 2680 838 2745 dem
868 2691 1430 2762 prospecturum.

801 2788 980 2852 1045.
1067 2787 1176 2851 De
1203 2790 1450 2870 galero
1479 2790 1694 2853 rubro
1727 2789 2021 2852 timebat
2050 2790 2241 2868 quod
2270 2789 2340 2852 P.
2372 2789 2802 2854 Franciscus
2830 2791 3001 2856 illud
3022 2792 3139 2854 ad-

677 2896 954 2959 mittere
985 2906 1361 2976 cogeretur
1391 2898 1507 2960 vel
1535 2894 1626 2960 ad
1655 2897 1729 2961 id
1759 2896 2236 2960 adduceretur
2264 2893 2319 2975 ⁶,
2355 2897 2479 2959 sed
2508 2897 2713 2960 aliter
2742 2899 2953 2977 longe
2983 2916 3143 2961 eve-

678 3003 810 3080 nit3
865 3021 1030 3066 nam
1083 3005 1364 3068 curavit
1408 3005 1706 3083 ipsemet
1748 3004 1826 3068 P.
1874 3005 2305 3069 Franciscus
2353 3015 2427 3068 ut
2476 3004 2817 3085 Princeps
2863 3005 3139 3088 Joanna

675 3110 1019 3175 scriberet
1045 3129 1136 3174 ne
1169 3111 1471 3192 amplius
1497 3129 1583 3174 ea
1616 3111 1703 3175 de
1732 3129 1810 3174 re
1841 3111 2181 3191 Princeps
2209 3111 2576 3192 Philippus
2607 3122 2877 3192 ageret,
2904 3113 3021 3175 vel
3050 3114 3141 3175 ab

755 3381 772 3412 ¹
829 3378 1060 3424 “Cuanto
1081 3383 1113 3422 a
1133 3381 1212 3424 los
1231 3379 1519 3435 EJercicios
1540 3380 1646 3424 alla
1669 3391 1768 3424 ves
1790 3381 1855 3423 V.
1880 3380 1940 3423 R.
1962 3380 2007 3422 si
2026 3383 2145 3423 sera
2167 3381 2282 3424 bien
2304 3380 2483 3433 seguir
2502 3382 2549 3424 el
2570 3381 2779 3434 consejo
2800 3381 2864 3424 de
2888 3381 2997 3425 Don
3020 3381 3139 3426 Die·

671 3463 741 3506 go
759 3452 823 3496 de
843 3451 1082 3496 cordoba
1101 3456 1131 3496 6
1151 3464 1233 3504 no.
1262 3459 1453 3497 cuanto
1485 3453 1538 3496 al
1567 3453 2055 3506 &tampsi-lesbiae
2086 3451 2310 3496 Nuestro
2343 3451 2511 3495 Padi-e
2542 3463 2607 3496 no
2638 3453 2705 3497 ha
2742 3453 2957 3507 querido
2979 3453 3141 3498 baeer

674 3535 796 3568 caso
816 3524 966 3568 desta
985 3535 1108 3568 cosa
1151 3523 1203 3568 Si
1221 3525 1436 3580 Juzgase
1457 3524 1522 3568 V.
1548 3524 1608 3567 R.
1630 3535 1726 3579 que
1748 3526 2001 3568 conviene
2024 3525 2429 3568 resolutamente
2451 3524 2611 3568 hacer
2630 3527 2824 3570 alzona
2843 3524 3137 3578 diligencia,

674 3598 772 3640 aea
790 3607 884 3640 nos
903 3596 1050 3640 avise
1073 3609 1106 3652 y
1123 3608 1180 3640 se
1203 3597 1379 3650 haram
1405 3596 1673 3648 Polaticus,
1695 3606 1762 3638 ex
1781 3606 1934 3646 com„
1955 3595 2101 3638 Patri
2122 3593 2439 3652 Hieronymo
2464 3596 2648 3644 Nadal.
2667 3596 2715 3638 21
2740 3596 2879 3649 Junii
2904 3597 3020 3641 1554.

755 3668 779 3700 ¹
835 3669 1078 3712 Pervenit
1099 3669 1334 3712 Genuam
1354 3668 1413 3711 P.
1433 3667 1636 3712 Natali*
1655 3667 1836 3722 primis
1857 3667 2048 3711 mensis
2069 3666 2307 3712 Octobris
2329 3668 2509 3711 diebus
2528 3666 2682 3710 (Vide
2714 3678 2869 3722 supra
2892 3701 2905 3722 ,
2926 3678 3045 3724 pag.
3068 3669 3145 3720 41.

671 3753 722 3785 n.
739 3741 814 3793 61)
833 3746 885 3784 et
905 3743 1085 3795 paucis
1103 3749 1226 3784 ante
1245 3741 1382 3784 ’ἕλκω
1401 3740 1630 3795 eJusdem
1651 3739 1840 3784 mensis
1863 3738 2079 3782 Romam
2102 3739 2320 3794 appulit.
2339 3739 2361 3781 1
2374 3744 2429 3782 ta
2451 3751 2515 3782 ex
2536 3739 2751 3783 Polanci
2768 3771 2781 3794 ,
2803 3751 2871 3782 ex
2890 3751 3036 3786 com..
3058 3741 3142 3784 lit-

672 3813 800 3857 teris
819 3813 886 3856 ad
913 3815 962 3855 θ’.
986 3811 1320 3856 Franciscum
1345 3812 1536 3866 Bor-gia
1559 3811 1614 3855 29
1638 3810 1901 3855 Octobris.

751 3883 775 3913 ³
827 3883 960 3927 Vide
981 3894 1140 3936 supra
1155 3916 1166 3936 ,
1189 3896 1306 3938 pag.
1328 3883 1426 3934 312.
1449 3896 1498 3927 n.
1518 3883 1615 3934 730,
1636 3891 1689 3926 et
1711 3895 1832 3938 pag.
1852 3883 1951 3932 354.
1974 3895 2022 3926 n.
2044 3883 2141 3924 756.

752 3956 775 3987 δ
829 3955 964 3999 Vide
983 3967 1166 4009 supra.
1187 3967 1308 4009 pag.
1323 3955 1421 4004 371.
1443 3966 1492 3998 n.
1512 3955 1609 4006 793.
1633 3959 1684 3998 et
1704 3955 1909 4009 corrige
1928 3962 2101 3998 annot.
2118 3955 2160 4004 2:
2178 3965 2279 3998 non
2294 3955 2431 3998 enim
2447 3963 2527 3999 est
2542 3956 2869 4000 scribendum
2888 3964 3014 4011 pag.
3032 3957 3137 4000 367

675 4029 767 4072 sed
797 4027 920 4072 3⁶8.

754 4099 778 4133 ⁸
835 4100 1161 4151 Aragoniae.

751 4172 778 4206 Β
829 4171 1004 4216 Timor
1027 4173 1125 4223 hic,
1148 4183 1208 4215 ne
1233 4170 1282 4215 P.
1305 4171 1617 4216 Franciscus
1652 4171 1844 4225 norgia
1865 4171 2213 4215 adluceretur
2245 4171 2453 4215 tandem
2482 4177 2540 4215 ut
2570 4173 2874 4216 admitteret
2908 4174 3145 4224 galerum

669 4246 910 4298 rubrum,
931 4255 1030 4287 non
1055 4245 1105 4287 in
1140 4243 1388 4297 His-panis
1407 4245 1570 4288 solum
1590 4243 1682 4286 sed
1703 4243 1862 4286 etiam
1898 4242 2089 4286 Romae
2122 4243 2441 4297 praevaluit.
2467 4243 2593 4287 “Del
2618 4243 2669 4285 Ρ.
2696 4241 2974 4288 Francisco
3004 4245 3143 4288 ands

673 4317 856 4361 mucho
878 4327 1049 4360 rumor
1068 4327 1164 4370 por
1183 4319 1282 4359 aea
1302 4326 1400 4370 que
1420 4317 1468 4359 le
1491 4315 1591 4358 han
1613 4315 1675 4358 de
1695 4313 1854 4358 hacer
1871 4311 2129 4358 Cardenal
2149 4327 2184 4370 y
2204 4325 2301 4368 que
2326 4315 2373 4358 el
2398 4321 2585 4369 acepta
2606 4316 2655 4358 el
2672 4313 2884 4369 Capeto.
2908 4313 2985 4358 La
3008 4325 3145 4359 men-

675 4395 722 4432 te
743 4389 805 4432 de
828 4391 878 4432 la
900 4387 1186 4442 eompania
1207 4399 1301 4441 por
1321 4393 1464 4430 estas
1485 4393 1688 4439 partes.
1711 4396 1744 4428 a
1764 4385 1936 4439 capite
1970 4387 2125 4429 hasta
2160 4386 2308 4429 todos
2338 4388 2417 4430 los
2448 4387 2627 4429 demas
2644 4419 2655 4440 ,
2688 4397 2743 4430 es
2773 4397 2872 4440 qne
2906 4387 2949 4430 si
2970 4397 3036 4430 no
3064 4397 3144 4429 re-

672 4461 800 4505 siste
819 4467 1011 4504 cuanto
1040 4461 1206 4514 puede
1221 4491 1234 4512 ,
1261 4459 1360 4502 fue·
1374 4468 1407 4501 a
1427 4458 1490 4501 de
1520 4457 1714 4511 peeado
1735 4457 1927 4500 mortni
1945 4489 1956 4508 .
1977 4458 2107 4500 hace
2128 4467 2249 4512 muy
2270 4459 2374 4501 mal
2407 4470 2440 4513 y
2462 4458 2707 4513 destruye
2730 4465 2919 4501 cuanto
2950 4459 3019 4501 ha
3040 4457 3145 4501 edi·

675 4531 838 4577 fiendo
866 4543 928 4576 en
953 4532 1100 4586 dejar
1129 4533 1178 4575 el
1211 4531 1394 4573 estado
1428 4541 1461 4586 y
1483 4540 1549 4573 en
1581 4529 1822 4582 predicar
1842 4541 1877 4585 y
1898 4539 1961 4572 en
1995 4529 2115 4572 todo
2135 4529 2183 4572 el
2219 4529 2440 4584 ejemplo
2459 4539 2557 4584 que
2590 4530 2643 4572 al
2678 4530 2865 4572 mundo
2896 4530 2965 4573 ha
2983 4529 3141 4573 dado.

674 4602 859 4648 Pienso
890 4604 1094 4650 escribii
1113 4605 1156 4646 le
1179 4613 1280 4646 uns
1303 4603 1436 4644 letra
1459 4611 1552 4644 con
1574 4601 1624 4644 el
1647 4601 1889 4654 primero,
1910 4611 1975 4642 en
1995 4611 2093 4654 que
2116 4601 2163 4643 ie
2185 4600 2309 4655 diga
2331 4601 2379 4644 lo
2401 4611 2499 4654 que
2528 4601 2695 4644 siento
2720 4612 2757 4657 y
2776 4601 2977 4644 sienten
2998 4600 3149 4645 todos

673 4685 794 4730 muy
816 4676 877 4718 de
901 4687 1071 4718 verns.
1094 4673 1162 4717 V.
1187 4673 1246 4716 R.
1268 4684 1360 4727 por
1389 4673 1497 4716 alla
1531 4682 1597 4715 no
1619 4671 1754 4714 dudo
1783 4672 1917 4714 hara
1946 4673 1991 4714 c!
2016 4671 2164 4715 oficio
2194 4673 2357 4726 mejor
2377 4685 2475 4727 que
2498 4673 2756 4726 pudiere.„
2775 4672 3060 4720 Polancus.
3080 4683 3146 4715 ex

675 4757 826 4796 com„
848 4746 992 4790 Patri
1019 4745 1337 4800 Hieronymo
1360 4745 1544 4794 Natini,
1573 4743 1622 4786 15
1641 4743 1764 4798 Maji
1789 4745 1913 4787 ¹55³.
