3742 5392
1643 480 1771 541 ΑΝ.
1818 482 1958 541 1554
2932 484 3051 543 319

565 626 862 689 missum
899 624 1157 705 fuerat;
1191 626 1432 706 itaque
1462 627 1860 706 spiritualia
1891 628 2237 691 exercitia
2280 628 2803 707 quodammodo
2851 631 3045 693 inter

567 732 805 795 omnia
835 740 1078 795 nostra
1111 732 1504 795 ministeria
1535 718 1752 796 libere
1782 732 2079 796 Parisiis
2109 735 2431 797 exerceri
2461 745 2808 814 poterant.

685 836 826 902 682.
912 837 1118 903 Initio
1151 837 1360 919 hujus
1398 838 1569 901 anni
1598 839 1711 902 vir
1750 839 2040 919 quidam
2070 841 2347 920 nobiliS,
2394 839 2796 920 hujusmodi
2838 860 3033 905 exer·

569 946 752 1009 citiis
805 945 1190 1023 institutuS,
1247 962 1386 1009 non
1430 962 1684 1025 parum
1723 946 2054 1026 profecit;
2098 948 2299 1026 alter,
2342 948 2461 1028 qui
2502 949 2841 1011 sacerdos
2880 950 3039 1027 fuit,

565 1051 798 1131 patria
837 1052 1304 1115 Bituricensis
1346 1050 1388 1131 ¹,
1432 1062 1593 1133 post
1639 1052 1889 1115 eadem
1934 1054 2281 1131 confecta,
2326 1053 2665 1117 Societati
2706 1073 2781 1118 se
2812 1064 3041 1119 totum

567 1160 848 1223 tradere
879 1159 1220 1237 decrevit,
1254 1169 1324 1222 et
1353 1178 1496 1223 non
1527 1161 1753 1223 solum
1792 1160 1944 1223 suis
1985 1161 2337 1239 precibuS,
2384 1162 2509 1225 sed
2540 1162 2755 1225 etiam
2786 1162 3029 1226 Cardi-

566 1265 749 1329 nalis
780 1265 932 1329 Poli
960 1266 1236 1347 Legati,
1269 1266 1388 1347 qui
1419 1266 1512 1329 ad
1553 1265 1824 1345 Regem
1863 1267 2140 1331 Galliae
2178 1279 2511 1347 venerat,
2557 1270 2745 1349 apud
2782 1268 2859 1332 P.
2910 1269 3041 1333 Pa—

573 1372 936 1436 schasium
969 1373 1040 1435 id
1072 1372 1372 1435 obtinuit
1401 1372 1444 1431 ⁸.
1477 1372 1656 1437 Tres
1683 1372 1803 1435 alii
1825 1373 2313 1437 adolescentes
2338 1375 2428 1438 ad
2451 1374 2876 1439 Societatem
2896 1377 3036 1439 ani-

567 1496 760 1543 mum
803 1477 1236 1558 adJecerant,
1283 1496 1584 1559 quorum
1626 1496 1840 1543 unum
1887 1490 2261 1558 parentum
2304 1483 2704 1546 exhortatio
2760 1484 2850 1545 ab
2896 1484 3039 1545 hoc

568 1584 824 1649 affectu
862 1586 1258 1661 revocavit,
1301 1584 1442 1649 duo
1481 1586 1734 1665 reliqui
1771 1586 2069 1650 admissi
2110 1598 2297 1663 sunt;
2346 1588 2537 1651 haud
2568 1587 2775 1651 dubie
2817 1590 3040 1651 multo

568 1694 804 1773 plures
835 1695 1197 1757 accessuri
1227 1693 1673 1773 videbantur,
1707 1694 1768 1757 si
1798 1694 2139 1774 templum
2167 1696 2394 1757 nostri
2424 1695 2869 1775 habuissent,
2918 1705 3039 1758 aut

569 1800 821 1863 saltem
851 1800 913 1863 si
961 1817 1104 1863 non
1157 1800 1796 1864 contradictionum
1834 1800 2165 1865 fluctibus
2206 1810 2575 1882 tantopere
2607 1802 2907 1866 fuissent
2939 1801 3035 1882 J'a·

570 1907 768 1970 etati.

687 2013 830 2077 683.
915 2012 1241 2077 Fratrem
1270 2022 1594 2077 nostrum
1632 2014 1984 2097 Jacobum
2022 2014 2395 2078 Morellum
2431 2014 2525 2079 ad
2566 2032 2816 2079 sacros
2855 2016 3040 2080 ordi-

569 2139 696 2185 nes
736 2119 812 2183 P.
859 2120 1289 2185 Paschasius
1330 2121 1895 2201 promovendum
1947 2121 2231 2201 obtulit;
2288 2122 2415 2185 sed
2462 2122 2629 2202 quia
2674 2122 3037 2203 professus

568 2246 712 2291 non
740 2238 917 2307 erat,
949 2228 1184 2291 nullus
1213 2245 1374 2291 eum
1403 2228 1627 2291 voluit
1654 2244 2103 2308 promovere:
2141 2228 2315 2292 itum
2342 2238 2448 2293 est
2479 2230 2568 2293 ad
2600 2229 3037 2311 Episcopum

569 2334 1074 2414 parisiensem,
1108 2344 1176 2398 et
1207 2334 1588 2397 Societatis
1631 2344 1922 2398 nostrae
1951 2335 2329 2415 privilegia
2372 2336 2803 2415 significavit
2831 2336 2879 2417 3;
2914 2340 3039 2402 sed

571 2442 685 2504 ille
729 2459 870 2505 non
910 2457 1068 2505 esse
1107 2441 1180 2504 in
1225 2440 1460 2505 Gallia
1503 2450 1824 2505 nostram
1861 2441 2295 2507 Societatem
2333 2443 2801 2523 approbatam
2842 2446 3043 2508 clare

569 2548 959 2629 respondit,
996 2558 1064 2612 et
1093 2547 1156 2611 si
1183 2564 1331 2611 non
1355 2557 1542 2611 esset
1570 2548 1935 2629 professus
1959 2549 2117 2629 quis
2140 2550 2208 2612 in
2232 2550 2627 2630 approbato
2654 2550 2901 2614 ordine
2926 2554 3041 2615 vel

571 2655 910 2719 beneficio
941 2655 1430 2719 ecclesiastico
1461 2656 1850 2736 praedituS,
1884 2674 1962 2719 se
1991 2674 2135 2719 non
2166 2664 2657 2737 promoturum
2680 2674 2836 2721 esse
2862 2658 3045 2722 affir—

571 2764 816 2827 mavit.

688 2868 830 2934 684.
918 2870 1308 2934 Censuram
1339 2871 1880 2934 annotationum
1907 2869 2206 2935 Roberti
2232 2870 2575 2953 Stephani
2596 2889 2638 2934 a
2662 2870 2719 2934 F
2722 2874 3033 2936 acuitate

567 2977 1002 3059 Theologica
1045 2977 1430 3041 Parisiensi
1473 2977 1761 3055 factam,
1795 2976 2105 3055 tandem,
2133 2979 2602 3059 quorumdam
2643 2979 3037 3043 amicorum

569 3102 813 3167 opera,
847 3084 924 3148 P.
961 3083 1392 3148 Paschasius
1423 3084 1744 3161 obtinuit,
1787 3102 1875 3147 ac
1915 3084 2216 3148 Romam
2255 3086 2346 3149 ad
2386 3085 2690 3150 officium
2730 3084 2897 3149 S.tae
2936 3086 3038 3151 In-

647 3293 666 3326 !
724 3293 875 3336 “ante
897 3302 1086 3335 annum
1105 3290 1352 3345 Episcopi
1375 3290 1764 3346 Myrapicensls‚
1795 3290 2024 3335 oratoris
2046 3289 2207 3344 Regis
2236 3290 2525 3335 Galliarum
2552 3294 2689 3348 apud
2715 3294 3039 3347 Pontificem,

567 3363 884 3409 domesticus
912 3363 1161 3415 famulus,
1194 3361 1415 3416 triginta
1444 3362 1664 3417 quinque
1695 3373 1948 3406 annorum
1979 3367 2211 3406 aetatem
2240 3373 2539 3418 superans...
2569 3364 2828 3410 Robertus
2862 3365 3042 3423 Clays·

565 3436 758 3489 eonius,
791 3434 986 3479 litteris
1005 3434 1074 3477 ad
1103 3433 1366 3487 Ignatium
1397 3433 1534 3477 datis
1567 3432 1596 3475 8
1627 3432 1750 3488 Μι]ἰ
1781 3433 1937 3488 hujus
1966 3433 2108 3477 anni.
2136 3432 2271 3477 Vide
2306 3433 2551 3479 Litterae
2577 3436 3046 3488 Qteadrimestres,

569 3514 606 3549 t.
627 3517 683 3558 11,
704 3517 828 3561 pag.
849 3505 946 3549 663.

646 3579 670 3610 ἵ
723 3577 856 3621 “Nec
884 3588 1068 3632 parum
1101 3576 1266 3630 ipsum
1283 3576 1424 3631 juvit
1445 3576 1582 3630 quod
1603 3575 1660 3619 P.
1689 3582 1868 3619 noster
1904 3576 2216 3621 Paschasius
2236 3577 2499 3622 Bononiae
2526 3578 2622 3632 ipsi
2654 3591 2685 3621 a
2716 3579 3037 3623 confessione

567 3650 722 3693 fuerit
747 3650 981 3703 quodque
1007 3648 1240 3693 Romano
1261 3646 1494 3702 Collegit>
1514 3647 1950 3692 familiarissimus
1970 3648 2223 3703 extiterit,
2240 3656 2297 3694 ut
2314 3650 2423 3703 ipse
2438 3651 2571 3694 bona
2588 3651 2922 3705 legitimaque
2940 3650 3037 3696 fide

567 3726 842 3773 testatur...
863 3720 1212 3774 Clayssonius.
1233 3722 1266 3763 1.
1297 3731 1342 3764 e.

646 3794 670 3825 ³
724 3792 953 3845 “Quanto
973 3794 1084 3837 alla
1102 3791 1426 3847 promotione
1446 3792 1497 3835 di
1521 3790 1673 3837 Mtro.
1702 3790 1899 3843 jacobo
1926 3791 2143 3836 Morello
2172 3792 2265 3837 alli
2294 3790 2463 3838 ordini
2492 3793 2646 3847 sacri,
2680 3805 2777 3837 non
2799 3794 2843 3837 c’
2862 3798 2889 3839 e
2912 3795 3041 3839 diffi-

565 3866 710 3909 culta
727 3865 933 3919 alcuna,
955 3864 1148 3919 perche
1169 3864 1240 3908 lui
1263 3868 1290 3908 e
1312 3874 1344 3908 a
1365 3863 1661 3908 obedientia
1683 3863 1824 3907 della
1844 3863 2167 3919 Compagnla
2202 3870 2255 3909 et
2287 3876 2383 3909 con
2405 3870 2550 3918 voto,
2572 3873 2625 3909 et
2646 3877 2747 3909 non
2768 3866 2814 3910 si
2835 3868 3041 3911 ricerca

567 3937 619 3981 la
639 3936 958 3991 professione
981 3936 1118 3979 nella
1141 3934 1463 3990 Compagnla
1484 3946 1578 3990 per
1599 3934 1682 3979 far
1705 3945 2014 3989 promovere
2047 3937 2098 3979 al
2119 3937 2416 3981 sacerdotio
2438 3936 2473 3980 li
2495 3935 2743 3987 Religiosi
2766 3936 2816 3981 di
2846 3939 3045 3992 quella,

565 4008 924 4053 conciosiache
953 4007 1008 4050 la
1035 4006 1238 4051 decima
1271 4012 1425 4061 parte
1457 4007 1582 4051 delli
1612 4004 1860 4061 Religiosi
1892 4018 1992 4050 non
2022 4018 2151 4051 sono
2178 4008 2425 4063 professi,
2454 4016 2506 4051 et
2536 4018 2679 4051 come
2713 4009 2755 4052 si
2794 4010 2921 4052 vede
2954 4012 3038 4053 nel

565 4080 734 4125 Breve
756 4080 880 4124 delli
899 4079 1210 4133 coadjutori,
1235 4080 1388 4123 basta
1407 4079 1502 4122 che
1521 4079 1670 4122 siano
1689 4078 1983 4133 coadJutori
2004 4089 2099 4131 per
2120 4081 2441 4132 promoversi
2460 4080 2510 4125 al
2534 4079 2856 4134 Sacerdotio;
2872 4080 3033 4125 etiam

565 4154 604 4195 si
631 4151 765 4195 vecla
785 4152 922 4195 nella
945 4150 1096 4195 Boua
1115 4149 1502 4195 confirmatoria
1523 4151 1574 4194 di
1595 4150 1730 4202 Julio
1753 4150 1825 4193 111
1845 4152 1942 4194 che
1972 4151 2025 4195 la
2046 4151 2368 4206 campagnia
2388 4164 2449 4195 ne
2473 4152 2611 4195 tiene
2632 4160 2712 4196 tre
2744 4154 2902 4207 parti,
2926 4154 3036 4197 cioe

563 4223 802 4278 professi,
823 4222 1128 4277 coadjutori,
1146 4222 1392 4275 scholari,
1415 4230 1466 4265 et
1488 4232 1588 4266 non
1609 4224 1897 4266 solamente
1915 4223 1949 4267 ll
1972 4223 2207 4277 professi.
2225 4234 2308 4267 ma
2329 4225 2365 4266 li
2387 4224 2678 4278 coadjutori
2700 4230 2755 4268 et
2786 4224 3037 4277 scholari,

562 4294 604 4338 si
627 4295 782 4339 fanno
803 4304 1110 4349 promovere
1130 4294 1183 4337 al
1204 4292 1509 4338 Sacerdotio
1531 4306 1673 4337 come
1697 4294 1947 4347 Rellziosi
1970 4294 2021 4339 iu
2042 4296 2165 4339 tutti
2188 4297 2223 4339 li
2245 4296 2421 4345 luozhi
2436 4296 2530 4339 che
2552 4296 2833 4339 habbiamo
2856 4296 2907 4340 in
2928 4295 3033 4339 Ita-

565 4369 654 4421 lia,
679 4366 862 4411 Sicilia
885 4372 936 4409 et
964 4366 1100 4409 altre
1124 4365 1308 4419 bande,
1329 4372 1383 4409 et
1405 4372 1490 4409 tra
1509 4367 1556 4409 le
1576 4366 1748 4420 gratie
1769 4373 1947 4411 nostre
1978 4368 2195 4410 trovera
2224 4366 2291 4410 V.
2321 4365 2383 4410 R.
2412 4378 2554 4411 esser
2584 4373 2771 4421 questa
2804 4368 2855 4410 di
2887 4374 3037 4421 poter

563 4444 846 4493 presentat
866 4436 904 4481 li
925 4436 1118 4481 sudditi
1136 4448 1230 4491 per
1251 4438 1284 4481 li
1308 4436 1474 4481 ordini
1495 4438 1632 4481 sacri
1657 4444 1710 4482 et
1739 4438 1834 4481 che
1853 4438 1899 4482 si
1920 4449 2139 4492 possono
2160 4449 2505 4493 promuovere
2534 4450 2564 4482 a
2597 4438 2781 4492 quovis
2812 4438 3037 4483 Antisti·

565 4517 636 4563 te,
660 4516 784 4563 etc„
805 4516 858 4552 et
877 4520 978 4553 non
998 4508 1068 4551 ha
1087 4514 1241 4552 usato
1263 4507 1344 4552 fin’
1375 4510 1558 4552 adesso
1579 4510 1718 4553 altro
1739 4510 1891 4554 modo
1912 4520 2069 4553 senon
2092 4510 2126 4553 il
2149 4510 2417 4562 significar
2438 4512 2490 4553 la
2511 4511 2731 4553 volunta
2764 4510 2847 4552 del
2883 4508 3042 4562 supe-

563 4582 704 4627 riore
727 4582 890 4626 verbo
903 4581 993 4624 vel
1007 4580 1218 4635 script03
1241 4586 1294 4625 et
1314 4586 1496 4634 questo
1516 4585 1616 4635 puo
1637 4580 1897 4625 certificat
1920 4580 1986 4624 V.
2009 4580 2070 4625 R.
2089 4584 2141 4625 al
2162 4582 2404 4626 Vescovo
2422 4582 2520 4625 che
2543 4584 2590 4625 lo
2611 4581 2745 4625 deva
2765 4592 3033 4635 promove-

563 4664 668 4707 re.„
688 4653 961 4706 Polnncus,
993 4662 1060 4696 ex
1089 4662 1240 4703 com„
1271 4650 1418 4696 Patri
1444 4652 1724 4697 Paschasio
1747 4652 1901 4697 Broet
1932 4652 1987 4697 ω
2017 4652 2253 4706 januarii
2279 4652 2677 4697 last-Similia
2708 4653 2817 4696 fere
2838 4652 3038 4697 iteran-

568 4733 654 4770 tur
672 4726 700 4769 8
719 4724 858 4778 Maii.
2826 4719 2849 4747 0
