3742 5392
725 453 835 513 288
1645 454 1878 515 Canos
1942 455 2097 514 Soc.
2136 456 2277 529 Jas.

725 599 1070 681 Cupie'bat
1091 600 1373 682 quidem
1395 600 1473 665 P.
1493 602 1854 667 Adrianus
1878 619 2018 666 non
2040 612 2317 667 tantum
2333 620 2461 683 pro
2488 603 2713 666 tribus
2734 604 2897 681 illis,
2918 604 3043 667 sed
3065 621 3197 684 pro

725 709 1035 789 quolibet
1065 710 1152 772 de
1182 707 1561 789 Societate,
1595 728 1755 773 eam
1783 710 2193 773 facultatem
2225 710 2574 789 obtinere,
2608 720 2677 773 et
2704 708 2855 790 ejus
2885 712 3195 774 testimo-

726 816 920 879 nium
951 816 1024 879 in
1053 817 1339 897 scriptis
1367 817 1663 896 habere;
1696 818 1821 881 sed
1851 817 2101 881 amicis
2129 817 2505 882 videbatur
2544 817 2879 897 expedire
2915 828 2994 881 ut
3034 836 3195 881 con-

727 940 932 986 cessa
983 921 1131 1002 J‘am
1179 923 1520 987 facultate
1579 925 1806 987 nostri
1862 934 2230 989 uterentur
2251 973 2266 1003 ,
2328 941 2467 1004 qua
2518 925 2931 1005 possesione
2985 934 3196 1003 capta

727 1039 1136 1094 nostrorum
1193 1030 1783 1110 ministeriorum,
1834 1031 2043 1094 facile
2092 1032 2367 1112 reliqua
2417 1032 2669 1095 deinde
2727 1040 3019 1112 possent
3078 1033 3192 1093 ob·

725 1137 956 1200 tineri.

844 1243 985 1305 617.
1073 1244 1501 1325 Alloquutus
1517 1255 1626 1308 est
1641 1255 1711 1308 et
1727 1244 2078 1309 Nuncium
2104 1245 2619 1323 Apostolicnm,
2639 1246 2762 1325 qui
2778 1262 2856 1309 se
2878 1261 3053 1324 erga
3074 1244 3195 1309 So—

723 1352 1050 1413 cietatem
1082 1352 1589 1415 amicissimum
1619 1352 2031 1430 exhibebat,
2066 1361 2135 1415 et
2164 1351 2301 1431 ipsi
2330 1352 2544 1415 etiam
2576 1370 2790 1415 curae
2818 1351 2951 1415 fuit
2976 1362 3053 1415 ut
3084 1369 3201 1416 res

723 1468 1007 1520 nostras
1035 1458 1456 1538 Imperatori
1497 1459 2031 1522 commendaret
2070 1459 2355 1522 nomine
2403 1456 2765 1523 Pontificis
2820 1456 2870 1537 ¹;
2922 1469 2993 1521 et
3038 1476 3197 1521 cum

723 1564 1037 1644 quotidie
1067 1582 1110 1627 a
1139 1565 1474 1643 diversiS,
1511 1565 1629 1645 qui
1659 1564 2088 1629 Societatem
2116 1564 2503 1645 diligebant
2524 1612 2539 1643 ,
2574 1566 2773 1628 curia
2804 1566 2923 1627 illa
2948 1566 3199 1628 melius

722 1672 1248 1749 informaretur,
1276 1672 1679 1735 emolliendi
1702 1671 1991 1735 tandem
2010 1672 2231 1735 animi
2245 1672 2609 1735 hominum
2632 1672 3080 1737 videbantur:
3106 1673 3200 1736 ad

725 1780 1088 1859 negotium
1113 1789 1352 1842 tamen
1378 1778 1677 1857 Collegii
1700 1779 1911 1841 amici
1939 1779 2445 1843 existimabant
2474 1780 2809 1859 expedire
2833 1788 2909 1842 ut
2935 1779 3153 1859 Regis
3174 1778 3199 1809 ²

735 1884 1088 1949 'adventus
1111 1893 1633 1966 expectaretur.
1659 1884 1960 1965 Aliquas
1979 1886 2264 1948 interim
2286 1885 2563 1965 gratias
2583 1886 2989 1967 spirituales
3011 1886 3199 1949 Nun-

723 1994 876 2056 cius
906 1991 982 2055 P.
1021 1992 1343 2055 Adriano
1366 1992 1741 2055 concessit.

839 2098 980 2162 618.
1066 2097 1452 2179 Pergratus
1479 2099 1609 2162 iuit
1651 2100 1915 2163 nostris
1951 2098 2517 2163 Lovaniensibus
2556 2109 2905 2163 tractatus
2948 2101 3063 2163 ille
3110 2099 3197 2163 de

723 2208 1052 2284 ingressu
1085 2205 1505 2285 ReligioniS,
1539 2207 1754 2269 etiam
1788 2224 1931 2269 non
1959 2207 2561 2270 consentientibus
2583 2207 3017 2286 parentibuS,
3053 2208 3197 2287 qui,

723 2311 1022 2393 Neapoli
1063 2330 1104 2374 a
1147 2311 1224 2375 P.
1269 2312 1560 2375 Andrea
1599 2311 1688 2375 de
1735 2310 2011 2375 Oviedo
2062 2312 2431 2377 confectus
2470 2323 2538 2376 et
2578 2312 2847 2377 Romae
2885 2314 3195 2391 limatuS,

727 2418 820 2481 ad
853 2420 1052 2500 ipsos
1084 2420 1345 2483 missus
1374 2418 1628 2496 fuerat,
1664 2420 1780 2499 qui
1811 2420 2262 2499 peculiariter
2294 2438 2377 2483 eo
2408 2419 2727 2499 indigere
2748 2419 3193 2496 videbantur,

726 2536 794 2589 et
823 2526 1025 2589 illum
1052 2525 1361 2606 imprimi
1389 2543 1823 2606 magnopere
1853 2525 1939 2588 P.
1980 2526 2347 2590 Adrianus
2378 2528 2671 2607 optabat
2700 2535 2777 2589 ut
2796 2528 3197 2589 contraria<-

811 2769 830 2801 ί
889 2766 1112 2811 Nuntius
1141 2768 1225 2810 hic
1261 2776 1378 2811 erat
1411 2766 1755 2823 Hieronymus
1790 2764 2081 2811 Muzzarelli
2098 2798 2110 2821 ,
2132 2767 2194 2809 de
2229 2778 2327 2821 quo
2364 2768 2440 2809 ita
2468 2766 2749 2821 Polancus,
2772 2778 2839 2809 ex
2872 2778 3023 2819 com„
3045 2766 3191 2810 Patri

733 2838 1168 2895 AdrianossBene
1188 2843 1362 2881 actum
1385 2844 1463 2880 est
1483 2848 1516 2880 a
1537 2836 1578 2879 R
1614 2836 1678 2881 V.
1700 2839 1832 2893 qnod
1855 2832 1947 2882 eoi
1962 2837 2217 2893 significet
2240 2839 2302 2881 de
2324 2837 2587 2882 societate
2608 2849 2708 2880 non
2724 2849 2855 2890 esse.
2872 2849 2998 2893 quos
3012 2838 3193 2894 Jesuy-

733 2918 815 2955 tas
835 2919 1044 2955 vocant.
1065 2910 1134 2953 Et
1156 2922 1254 2963 ego
1273 2910 1335 2952 de
1357 2921 1419 2954 ea
1441 2916 1492 2953 et
1515 2911 1633 2953 aliis
1661 2911 1837 2953 multis
1867 2913 2021 2954 rebus
2040 2910 2277 2954 admonui
2313 2909 2514 2954 Rmum.
2546 2909 2791 2953 Nuntium
2812 2910 3184 2964 Apostolicum.

729 2982 1190 3037 archiepiscopum
1211 2980 1522 3025 Consensem
1537 3015 1548 3034 ,
1570 2982 1656 3035 qui
1680 2982 1828 3025 hodie
1851 2982 1916 3025 ad
1940 2980 2253 3025 Caesaream
2274 2980 2603 3035 Ma‘jestatem
2626 2980 2790 3024 Roma
2809 2982 3073 3035 profectus
3095 2990 3193 3025 est.

729 3053 824 3097 Est
845 3054 931 3097 vir
950 3053 1250 3098 doctisimns
1269 3061 1321 3096 et
1338 3054 1448 3109 jam
1468 3064 1584 3097 cum
1603 3060 1742 3097 esset
1763 3053 2014 3107 Magister
2034 3052 2183 3098 Sacri
2206 3052 2395 3097 Palatii
2426 3063 2517 3096 nos
2544 3054 2823 3107 plurimum
2855 3054 2905 3096 in
2927 3052 3057 3097 Dno.
3079 3053 3189 3096 dili-

727 3128 912 3180 gebat,
933 3132 986 3169 et
1011 3126 1120 3179 jam
1136 3126 1248 3181 jam
1266 3125 1590 3179 profecturus
1623 3125 1796 3169 omnia
1825 3126 1974 3169 nobis
1998 3127 2259 3180 pollicitus
2278 3132 2371 3177 est,
2389 3136 2520 3179 quae
2542 3132 2815 3179 praestare
2848 3125 2982 3179 apud
3007 3123 3193 3168 Caesa·

729 3208 872 3241 ream
891 3196 1220 3251 Maiestatem
1239 3205 1411 3251 posset
1425 3229 1436 3251 ,
1459 3203 1510 3241 et
1531 3196 1734 3250 quidem
1751 3207 1941 3249 magno
1962 3208 2077 3240 cum
2099 3197 2313 3247 affectu.
2334 3203 2391 3240 ut
2416 3196 2715 3248 videbatur:
2738 3196 2969 3249 proinde,
2990 3198 3037 3240 si
3059 3197 3193 3241 acci—

729 3269 863 3312 derit
885 3270 1089 3313 occasio
1109 3269 1307 3311 curiam
1329 3268 1621 3312 Caesareae
1643 3268 1937 3319 Maiestatis
1966 3270 2200 3318 adeundi.
2221 3267 2287 3313 V.
2310 3267 2371 3311 R.
2393 3279 2509 3311 eum
2530 3266 2755 3311 officiose
2776 3268 2971 3311 saintet
2992 3269 3193 3311 nomine

725 3340 894 3395 patris
913 3340 1076 3384 nostri
1098 3339 1290 3393 Ignatii
1310 3348 1363 3384 et
1385 3341 1545 3384 totius
1563 3341 1766 3393 domus,
1789 3346 1841 3383 et
1862 3342 1907 3383 si
1929 3342 2049 3395 quid
2074 3341 2157 3384 ille
2194 3347 2467 3395 praestare
2498 3340 2691 3393 poterit
2721 3340 3015 3393 gratiarum
3036 3343 3195 3394 <quas

726 3412 1070 3466 amplissimas
1090 3423 1205 3455 eum
1223 3412 1361 3455 serre
1382 3413 1641 3465 existimo)
1661 3414 1745 3456 vel
1766 3412 1982 3462 favoris,
2005 3414 2321 3467 praestabit,
2345 3418 2401 3455 ut
2422 3422 2597 3466 spero,
2618 3422 2809 3465 magna
2828 3422 2945 3456 cum
2964 3412 3191 3455 charita-

727 3492 820 3536 τε...
837 3484 892 3527 23
909 3482 1143 3536 januarii
1165 3484 1282 3527 1551.

807 3554 1126 3600 “anzarelli
1154 3556 1493 3611 (Geronimo),
1514 3557 1757 3611 religioso
1791 3557 2063 3608 dominico,
2098 3557 2307 3600 natural
2340 3556 2401 3599 de
2437 3556 2651 3600 Bolonia
2686 3568 2749 3599 en
2786 3556 2957 3599 Italia.
2980 3554 3195 3600 Cuando

725 3630 965 3671 comenzo
987 3628 1034 3670 el
1068 3626 1295 3671 Concilio
1315 3628 1374 3670 de
1407 3626 1617 3680 Trento,
1639 3628 2017 3681 desempeflaba
2051 3638 2113 3670 en
2148 3638 2209 3671 sn
2238 3628 2412 3679 patria
2448 3628 2499 3671 la
2530 3628 2749 3672 cntedra
2781 3628 2843 3671 de
2878 3629 3105 3680 teologla
3124 3660 3134 3680 ,
3156 3640 3191 3684 y

725 3698 909 3742 asistio
928 3700 960 3741 a
979 3699 1058 3741 las
1075 3698 1330 3751 primeras
1350 3700 1578 3741 sesiones
1599 3698 1659 3741 de
1681 3700 1885 3752 squulla
1906 3704 2059 3741 santa
2079 3699 2362 3742 asamblea.
2384 3698 2464 3741 En
2491 3698 2592 3742 1547
2612 3698 2697 3741 fue
2718 3698 3000 3741 nombrado
3021 3697 3193 3753 Inqui-

725 3769 866 3813 sidor
886 3769 949 3812 de
981 3770 1032 3813 la
1050 3770 1278 3813 refer-ida
1297 3770 1483 3813 cindad
1504 3770 1566 3812 de
1588 3769 1829 3822 Bolonia;
1851 3768 2078 3813 Maestro
2098 3770 2181 3813 del
2212 3770 2371 3813 Sacro
2394 3770 2603 3814 Palacio
2625 3780 2689 3813 en
2712 3769 2830 3819 1550.
2852 3782 2887 3825 y
2906 3770 3191 3823 Arzobispo

729 3851 823 3894 por
851 3841 1030 3884 ultimo
1052 3841 1114 3884 de
1137 3840 1323 3893 Conza,
1345 3852 1408 3884 en
1427 3843 1476 3884 el
1505 3841 1650 3885 reino
1671 3841 1733 3884 de
1766 3840 1994 3895 Napoles
2026 3853 2089 3884 en
2114 3841 2159 3885 11
2184 3840 2245 3885 de
2277 3841 2571 3884 Diciembre
2594 3842 2655 3883 de
2678 3840 2796 3884 1553.
2816 3840 3101 3885 HaUAbase
3124 3853 3193 3895 ya

725 3913 1056 3965 gobernando
1076 3921 1192 3957 esta
1215 3902 1414 3965 ἰαιέείει,
1436 3913 1636 3956 cuando
1657 3912 1740 3957 fue
1761 3912 2044 3957 nombrado
2066 3914 2251 3957 nuncio
2272 3914 2559 3967 apostolico
2589 3924 2743 3957 cerea
2764 3913 2847 3956 del
2867 3912 3193 3967 Emperador

728 3983 912 4028 Carlos
932 3983 997 4029 V.
1019 3983 1180 4028 Murio
1200 3994 1263 4027 en
1285 3982 1458 4028 Conza
1477 3996 1540 4027 en
1562 3984 1683 4035 1561.
1705 3984 1925 4039 deJ‘ando
1958 3984 2179 4027 escritos
2208 3996 2275 4028 un
2308 3984 2537 4028 Tratado
2569 3988 2754 4028 contra
2784 3984 2864 4027 los
2894 3995 3106 4028 errores
3125 3986 3192 4028 de

729 4054 942 4102 Lutero.
960 4068 995 4111 Y
1014 4066 1116 4099 una
1137 4057 1264 4100 obra
1284 4067 1346 4099 en
1369 4056 1580 4100 defensa
1599 4057 1661 4099 de
1696 4057 1748 4099 la
1767 4056 2041 4099 autoridad
2062 4055 2145 4099 del
2177 4054 2319 4109 Papa
2335 4066 2346 4106 ;
2365 4067 2489 4110 pero
2519 4068 2575 4099 se
2609 4056 2793 4110 ignora
2827 4056 2869 4099 si
2901 4056 3136 4110 llegaron
3158 4061 3189 4099 a

727 4138 821 4170 ver
841 4129 894 4171 la
911 4128 992 4171 luz
1013 4126 1344 4181 publica—S.
1367 4127 1452 4181 B.„
1472 4126 1759 4179 Biografia
1781 4127 2117 4171 eclesiastica
2139 4128 2422 4182 completa,
2444 4136 2478 4171 t.
2502 4138 2611 4180 xrv,
2632 4138 2751 4181 pag.
2772 4127 2868 4170 873.

805 4198 829 4229 ⁸
882 4198 1120 4253 Intellige
1143 4198 1451 4253 Philippum,
1474 4197 1842 4252 Hispaniarum
1863 4196 2181 4253 Principem,
2203 4199 2299 4242 hoc
2330 4210 2481 4252 anno,
2512 4211 2573 4242 ex
2596 4200 2925 4242 matrimonio
2946 4210 3062 4242 cum
3082 4198 3189 4242 Ma-

725 4270 820 4323 ria,
843 4270 1068 4323 Angliae
1091 4268 1634 4325 Regem—*Princeps
1659 4269 2098 4324 Hispaniarum·et
2115 4270 2225 4325 jam
2245 4270 2448 4314 futurus
2467 4270 2691 4324 Angliae
2714 4270 2825 4313 Rex
2844 4272 3037 4324 optime
3060 4282 3189 4324 erga

727 4340 1041 4386 Societatem
1070 4350 1299 4385 nostram
1321 4340 1536 4385 affectus
1558 4348 1638 4385 est
1654 4374 1665 4393 ,
1685 4342 1820 4384 sicut
1850 4350 1904 4385 et
1924 4340 2082 4385 Dnus.
2106 4340 2223 4398 Ruy
2243 4341 2433 4385 Gomez
2454 4342 2515 4385 de
2537 4341 2701 4393 Silva,
2723 4343 2808 4395 qui
2838 4342 3032 4396 primas
3051 4343 3188 4395 apud

725 4414 890 4468 ipsum
924 4419 1092 4466 tenet,
1113 4418 1166 4457 et
1201 4412 1360 4457 Dnus.
1389 4412 1740 4457 Gundisalvus
1769 4412 1953 4468 Pet-ez,
1978 4413 2179 4457 Primus
2214 4412 2556 4457 Secretarius.
2581 4413 2891 4458 Aretissime
2922 4414 3057 4457 enim
3076 4414 3189 4457 dili·

722 4492 850 4539 gunt
871 4484 1188 4528 Societatem
1210 4494 1441 4527 nostram
1461 4492 1514 4527 et
1535 4485 1597 4527 de
1627 4494 1692 4527 ea
1711 4484 1903 4538 optime
1934 4485 2186 4535 sentinam
2207 4485 2334 4527 nihil
2364 4495 2488 4539 ergo
2519 4484 2725 4529 difficile
2760 4486 3042 4538 impetratu
3077 4486 3187 4529 sore

721 4556 979 4612 existimo,
1001 4554 1134 4608 quod
1153 4556 1220 4599 ad
1240 4555 1406 4609 ipsum
1428 4555 1709 4610 principem
1729 4554 1990 4609 pertineat
2012 4555 2260 4598 conferre.
2286 4554 2338 4598 ln
2366 4556 2548 4611 primis
2570 4562 2743 4601 tamen
2765 4556 2919 4598 immo
2940 4557 3105 4601 solum
3130 4560 3181 4599 in

727 4626 941 4670 Domino
969 4625 1200 4669 anchora
1233 4627 1343 4680 spei
1364 4633 1573 4669 nostrae
1597 4625 1958 4669 constituenda
1980 4632 2099 4679 est.„
2122 4625 2391 4680 Polaticus,
2415 4637 2479 4669 ex
2512 4638 2661 4679 com„
2682 4626 2829 4670 Patri
2858 4626 3110 4683 Adriano,
3132 4629 3188 4671 23

725 4698 958 4752 januarii
981 4698 1102 4742 155².
