3742 5392
722 464 831 525 55⁴2
1640 462 1897 525 Canon.
1939 464 2094 525 Soc.
2133 464 2278 539 Jsss.

724 609 1003 671 salvum
1033 607 1461 675 conductum
1496 610 1886 689 habebant,
1925 628 2072 674 non
2107 610 2400 674 carebat
2441 611 2576 673 iter
2603 611 2930 675 molestia
2961 622 3030 675 et
3070 628 3188 691 pe·

724 715 953 778 riculo
982 726 1270 797 propter
1298 716 1484 781 bella
1514 715 1557 779 ¹.

844 820 931 885 Et
960 822 1095 885 hoc
1124 840 1315 887 anno
1342 823 1692 888 hactenus
1720 824 1794 887 in
1816 824 2102 905 negotio
2122 823 2546 907 Aethiopiae
2565 842 3028 907 progressum
3049 834 3178 889 cst.

808 1063 823 1095 ¹
884 1063 1235 1117 Quorumdam
1252 1074 1447 1118 eornm,
1468 1066 1557 1119 qui
1578 1066 1630 1108 in
1650 1065 1990 1121 Aethiopiam
2009 1066 2230 1121 profecti
2249 1074 2386 1119 aunt,
2405 1067 2648 1112 dotealta
2661 1066 2912 1111 describit
2931 1065 3188 1111 Ouum·

728 1146 799 1179 xx:
819 1136 845 1157 ⁸
856 1136 1117 1181 Antonius
1134 1134 1395 1188 Quadriua
1413 1142 1631 1191 propter
1650 1136 1906 1191 insignem
1933 1144 1986 1181 et
2014 1139 2288 1183 doctrinae
2309 1144 2364 1182 et
2382 1138 2690 1193 prudentiae
2711 1140 2933 1183 indolem
2948 1150 3063 1182 cum
3081 1138 3185 1193 pie-

733 1212 841 1251 tate
872 1208 1127 1262 singulari
1167 1208 1497 1253 coniunctam
1512 1242 1525 1263 ,
1564 1210 1793 1254 caeteris
1808 1208 1973 1253 Sociis
1993 1210 2346 1265 praetnturna.
2377 1209 2683 1255 Emmanuel
2713 1209 3036 1255 Fernandius
3053 1243 3065 1263 .
3097 1210 3185 1253 vir

727 1280 953 1323 omnium
971 1280 1265 1324 testimonio
1284 1280 1697 1336 probatissimus,
1717 1287 1773 1326 et
1790 1282 1989 1326 rituum
2005 1280 2279 1326 Ecclesiae
2296 1282 2500 1337 peritus
2517 1293 2634 1327 cum
2653 1283 2851 1338 primia,
2869 1282 2968 1326 hac
2988 1282 3188 1337 praeei-

726 1360 823 1404 pue
844 1352 1116 1407 disciplina
1137 1352 1483 1407 Aethiopicae
1502 1352 1771 1397 Ecclesiae
1802 1354 1920 1397 uani
1949 1353 2172 1398 futurus.
2191 1352 2414 1398 Michael
2433 1353 2660 1399 Barnlua
2689 1356 2742 1398 in
2773 1353 3004 1409 Collegio
3032 1354 3188 1399 Peru·

726 1424 839 1468 sino
858 1425 1083 1479 alibique
1104 1424 1173 1470 ad
1198 1424 1486 1469 docendum
1504 1426 1767 1469 exercitua
1784 1459 1796 1479 ‚
1816 1432 1876 1469 ut
1908 1426 2104 1470 scholia
2137 1426 2470 1470 instituendi·
2488 1432 2772 1481 praeeaaet.
2801 1426 2934 1477 Tum
2960 1426 3188 1479 Joannea

730 1496 985 1540 Bocchiua
1004 1494 1185 1551 Belga,
1206 1496 1555 1553 Hieronymus
1576 1495 1805 1551 Concha,
1826 1497 2069 1541 Andreas
2087 1496 2360 1543 &annius
2373 1528 2386 1548 .
2403 1498 2701 1551 Paschalia.
2737 1508 2914 1542 omnes
2945 1498 3188 1542 sacerdo-

728 1568 805 1611 tio
820 1567 1075 1622 praediti,
1095 1576 1149 1611 et
1167 1568 1235 1611 ad
1252 1568 1587 1613 cacerdotum
1602 1568 1757 1612 varia
1778 1568 1954 1613 munia
1973 1568 2268 1623 pei-idonei:
2289 1569 2694 1625 nominatimque
2715 1568 2988 1615 Panchalia
3007 1575 3188 1614 contu-

728 1640 921 1685 bernii·
938 1640 1183 1683 orborum
1214 1640 1497 1685 formandis
1528 1640 1924 1689 destinabatur.
1945 1652 2065 1685 cum
2085 1641 2138 1684 in
2157 1642 2258 1686 hoc
2285 1652 2477 1695 genere
2512 1641 2600 1686 diu
2628 1639 2944 1699 olysippone
2977 1643 3186 1697 plenam

729 1712 955 1756 caritate
974 1712 1328 1767 prudentiam.
1346 1714 1589 1769 piamque
1608 1714 1882 1768 probaaaet
1901 1713 2230 1757 industriam.
2251 1712 2476 1757 Praeter
2493 1714 2590 1758 hoe
2609 1719 2761 1757 erant
2779 1714 2882 1758 duo
2899 1725 3000 1758 non
3015 1724 3188 1757 sacer-

722 1784 873 1827 dotea
891 1784 1139 1828 Alfonaua
1156 1783 1353 1839 Lopiua
1370 1784 1644 1839 Compluto
1676 1786 1865 1829 missua
1881 1817 1894 1839 ,
1911 1785 2096 1829 doctua
2119 1786 2320 1829 inueni:
2338 1786 2550 1840 speique
2571 1796 2794 1840 magnae
2805 1818 2818 1839 ‚
2853 1791 2908 1829 et
2925 1786 3186 1830 Antonius

724 1856 927 1899 Acoeta
944 1854 1199 1900 Nouitiua.
1224 1854 1371 1900 Hunc
1388 1888 1401 1910 ‚
1422 1867 1541 1901 cum
1561 1862 1679 1901 arte
1696 1856 1898 1901 musica
1917 1858 2202 1900 excelleret
2220 1889 2233 1909 ,
2253 1868 2418 1912 eaque
2437 1868 2496 1900 re
2515 1856 2656 1901 inter
2674 1856 2986 1901 domenticoe
3005 1856 3184 1900 Cardi-

722 1926 831 1971 nali
848 1926 1077 1971 ilenrico
1097 1927 1461 1979 famularetur.
1482 1929 1569 1972 ille
1588 1928 1699 1983 ipae
1718 1928 2064 1984 Aethiopicae
2081 1928 2428 1984 expeditionis
2446 1934 2736 1983 apparatu·
2755 1928 2977 1984 impulit,
2997 1928 3110 1973 eiua
3121 1934 3182 1971 vt

720 1999 775 2042 in
792 2004 1001 2053 partem
1016 1999 1197 2043 venire
1216 2003 1543 2053 percuperet.
1564 1995 1749 2053 ltaque
1768 2010 1886 2042 cum
1905 1999 2060 2043 simul
2077 1999 2234 2054 (quod
2253 2004 2412 2054 caput
2430 2000 2531 2052 eat)
2547 2000 2780 2043 moribua
2793 1999 3182 2043 commendare-

720 2076 809 2115 tur
826 2070 1051 2126 optimia,
1072 2072 1125 2114 in
1144 2068 1463 2115 Societatem
1482 2076 1722 2125 receptus
1737 2102 1749 2122 .
1771 2070 1839 2115 ad
1856 2080 2068 2115 aacrum
2086 2072 2366 2127 praecipue
2399 2077 2610 2115 cantum
2627 2070 2968 2115 ordinandum
3001 2081 3186 2123 regen-

720 2144 941 2197 dumque
960 2143 1015 2187 in
1034 2142 1335 2199 Aethiopia,
1350 2142 1685 2197 ducebatur...
1703 2143 1851 2187 Hist.
1873 2142 1984 2188 Soc.
2005 2144 2150 2200 Jes..
2165 2144 2258 2188 lib.
2276 2156 2375 2197 xv,
2398 2155 2448 2188 n.
2473 2143 2564 2187 128.
