3742 5392
728 474 837 531 294
1647 473 1905 534 Canon.
1948 472 2105 533 Soc.
2144 474 2287 548 Jsss.

729 637 890 683 rum
919 630 988 682 et
1017 621 1211 683 vitae
1241 620 1781 685 detestationem
1809 622 2154 701 perducta
2182 632 2315 701 est,
2340 631 2418 685 ut
2444 622 2709 695 statim,
2742 622 3049 701 pessimo
3078 622 3207 685 illo

731 726 1020 791 vivendi
1048 744 1313 807 genere
1333 728 1582 791 relicto
1598 777 1613 806 ,
1649 728 1740 792 ad
1763 746 2046 793 omnem
2078 747 2252 793 suae
2273 729 2739 809 professionis
2763 730 3203 793 constitutio·

731 851 896 899 nem
923 836 1320 900 arctissime
1353 836 1875 899 observandam
1906 854 1986 900 se
2023 846 2245 901 totam
2282 838 2792 918 composuerit;
2832 846 2903 901 et
2928 837 3003 900 in
3032 837 3197 900 mul-

732 944 824 1006 tis
851 943 1192 1023 lacrymis
1221 954 1290 1007 et
1334 948 1617 1008 occulta
1649 946 2085 1025 poenitentia
2128 946 2233 1008 sic
2274 945 2818 1025 perseverabat,
2847 954 2925 1008 ut
2950 943 3205 1007 fraeno

725 1048 874 1129 jam
923 1050 1160 1130 potius
1205 1068 1420 1131 quam
1469 1053 1873 1115 calcaribus
1922 1052 2244 1131 indigere
2294 1052 2679 1116 videretur.
2730 1052 2928 1134 Juvit
2964 1062 3203 1115 autem

733 1160 1014 1236 multOS,
1067 1158 1413 1237 gravibus
1450 1160 1770 1240 peccatis
1808 1160 2177 1237 obnoxios,
2220 1169 2289 1222 et
2318 1160 2409 1223 ad
2439 1160 2787 1222 maturius
2834 1169 2902 1223 et
2950 1157 3203 1237 maJOri

732 1267 1279 1347 compunctione
1309 1266 1786 1331 confitendum
1817 1268 2156 1347 compulit
2185 1277 2609 1331 terremotus
2640 1267 2950 1346 quidam,
2982 1266 3103 1347 qui
3132 1266 3206 1329 in

733 1373 890 1453 ipso
919 1372 1033 1436 die
1063 1390 1329 1436 coenae
1361 1372 1652 1437 Domini
1687 1386 1834 1437 tam
1859 1375 2098 1438 valide
2119 1374 2523 1437 Lovanium
2544 1384 2613 1436 et
2640 1384 2787 1437 tam
2808 1392 3023 1455 saepe
3042 1390 3201 1437 con-

734 1480 954 1543 cussit
971 1528 987 1559 ,
1019 1490 1096 1543 ut
1123 1490 1286 1560 post
1306 1480 1674 1544 hominum
1697 1481 2118 1545 memoriam
2141 1484 2283 1544 tale
2306 1481 2475 1561 quid
2498 1480 2784 1561 quidam
2808 1482 3042 1544 visum
3064 1498 3209 1544 non

731 1587 958 1651 fuisse
989 1586 1444 1651 affirmarent.

853 1692 994 1757 628.
1083 1694 1412 1759 Accessit
1471 1711 1646 1774 ergo
1709 1695 1726 1725 ¹
1789 1695 1883 1759 ad
1941 1696 2479 1759 venerationem
2524 1693 2727 1759 SS.m¹
2776 1696 3210 1759 sacramenti

735 1799 1258 1881 Eucharistiae,
1285 1802 1454 1867 dum
1483 1814 1552 1866 et
1589 1803 1893 1882 publicis
1930 1802 2391 1866 concionibus
2428 1813 2499 1866 et
2536 1803 2841 1883 privatis
2877 1802 3205 1867 exhorta·

733 1909 1044 1972 tionibus
1073 1909 1145 1973 id
1174 1920 1505 1988 curatur,
1540 1920 1615 1972 ut
1643 1926 1808 1973 cum
1838 1911 2035 1989 prius
2064 1910 2277 1973 unica
2318 1910 2611 1973 incensa
2642 1910 2941 1974 candela
2982 1910 3075 1973 ad
3106 1910 3206 1973 in-

735 2015 977 2079 firmos
1007 2016 1280 2095 portari
1317 2016 1473 2079 sine
1522 2018 1927 2081 reverentia
1974 2018 2263 2081 solitum
2290 2026 2509 2095 esset,
2562 2032 2649 2080 eo
2697 2034 2815 2079 res
2862 2017 3210 2097 perducta

737 2133 844 2185 est
860 2171 875 2199 ,
911 2132 986 2185 ut
1015 2140 1180 2185 cum
1200 2123 1520 2203 pluribus
1539 2124 1818 2187 facibus
1846 2134 1917 2187 et
1940 2124 2283 2188 lanternis
2312 2125 2635 2187 accensis
2656 2124 2893 2188 debita
2916 2140 3079 2187 cum
3101 2140 3205 2186 re·

739 2230 1060 2293 verentia
1111 2240 1536 2309 portaretur.
1587 2230 1971 2294 Crescebat
2022 2240 2256 2294 autem
2308 2232 2381 2294 in
2422 2231 2573 2294 dies
2621 2230 3017 2311 frequentia
3058 2240 3209 2293 tum

739 2336 1057 2400 virorum
1087 2346 1238 2401 tum
1284 2338 1692 2415 mulierum,
1740 2340 1863 2418 qui
1910 2355 2075 2402 cum
2122 2354 2383 2417 magna
2418 2338 2789 2402 dulcedine
2818 2338 3109 2419 spiritus
3136 2348 3207 2400 et

740 2443 1086 2507 aviditate
1139 2444 1231 2507 ad
1279 2446 1809 2509 sanctissimum
1849 2444 2115 2509 Christi
2167 2462 2430 2526 corpus
2479 2445 2852 2509 dominicis
2892 2455 2962 2509 et
3009 2443 3217 2508 festis

741 2550 992 2614 diebus
1019 2552 1524 2616 assumendum
1553 2551 2010 2616 accedebant.
2044 2554 2219 2617 Erat
2248 2563 2487 2616 autem
2520 2553 2757 2616 multis
2785 2552 2858 2615 in
2888 2552 3214 2615 ecclesiis

741 2667 811 2721 et
837 2656 987 2722 fere
1017 2659 1344 2722 omnibus
1372 2668 1568 2723 tanta
1601 2661 2177 2723 communionum
2204 2660 2635 2741 frequentia,
2676 2670 2754 2723 ut
2789 2660 3213 2740 peregrinos

743 2766 814 2829 in
845 2782 1186 2845 magnum
1213 2776 1576 2847 stuporem
1602 2776 1913 2847 raperet,
1956 2766 2075 2847 qui
2118 2766 2451 2830 dicebant
2478 2764 2880 2830 Lovanium
2900 2814 2915 2845 ,
2962 2766 3023 2829 si
3052 2764 3213 2828 aliis

743 2872 1104 2937 Inferioris
1145 2872 1575 2939 Germaniae
1606 2874 1784 2938 locis
1819 2884 2396 2954 compararetur,
2430 2874 2939 2937 monasterium
2978 2874 3215 2954 potius

745 2997 959 3060 quam
981 2981 1226 3044 urbem
1249 2981 1681 3045 censendam
1703 2998 1885 3061 esse;
1912 2999 2045 3045 nec
2058 2980 2400 3063 juvenum
2422 2990 2696 3044 tantum
2718 2992 2789 3043 et
2811 2980 3206 3056 mulierum,

747 3087 873 3151 sed
901 3098 970 3150 et
999 3088 1451 3152 sacerdotum
1479 3098 1550 3152 et
1578 3105 1720 3153 non
1751 3088 2035 3153 infimae
2064 3088 2490 3153 conditionis
2512 3089 2832 3152 virorum
2857 3086 3036 3150 haec
3058 3094 3213 3149 erat

747 3193 1165 3276 frequentia.
1198 3194 1360 3260 Fuit
1393 3206 1631 3261 autem
1657 3197 1842 3260 inter
1871 3197 2087 3275 alios,
2133 3196 2253 3277 qui
2282 3194 2505 3276 adjuti
2545 3196 2862 3273 fuerunt,
2904 3193 3213 3259 foemina

749 3302 1122 3383 quaedam,
1156 3320 1338 3383 quae
1360 3313 1551 3367 totos
1571 3304 1937 3368 sexdecim
1962 3322 2191 3367 annos
2211 3320 2256 3365 a
2278 3302 2727 3367 confessione
2748 3302 3215 3379 abstinuerat,

750 3421 819 3473 et
843 3426 1005 3473 cum
1029 3410 1330 3475 stimulis
1354 3412 1836 3493 conscientiae
1858 3420 2259 3491 urgeretur,
2288 3420 2550 3488 tamen,
2576 3420 3036 3491 peccatorum
3056 3425 3219 3487 gra·

749 3518 971 3581 vitate
1021 3518 1360 3581 deterrita
1401 3528 1472 3582 et
1511 3518 1877 3583 diabolicis
1919 3521 2251 3600 laqueata
2290 3518 2899 3599 suggestionibuS,
2945 3516 3215 3580 confes-

752 3626 1025 3689 sionem
1053 3625 1457 3705 omittebat;
1489 3626 1776 3690 tandem
1815 3626 1889 3689 in
1939 3626 2265 3691 morbum
2314 3625 2669 3703 incidenS,
2722 3623 3099 3705 quemdam
3128 3641 3218 3687 ex

753 3732 1017 3796 nostris
1047 3734 1338 3796 evocari
1363 3731 1605 3813 J‘ussit,
1639 3743 1709 3797 et
1737 3750 1900 3797 cum
1932 3750 2197 3813 magna
2224 3733 2299 3795 vi
2338 3734 2823 3813 lacrymarum
2864 3741 2933 3793 et
2964 3730 3217 3794 contri·

751 3840 946 3902 tione
976 3838 1302 3903 confessa
1327 3850 1456 3919 est,
1482 3851 1552 3903 et
1575 3858 1720 3905 non
1743 3842 1966 3905 multo
1993 3849 2179 3921 post,
2206 3855 2416 3903 sacro
2438 3838 2932 3902 Eucharistiae
2952 3838 3223 3901 viatico

754 3946 1045 4024 munita,
1079 3964 1169 4010 ex
1198 3946 1311 4009 his
1341 3948 1646 4011 miseriis
1674 3948 1766 4011 ad
1796 3948 2182 4013 Dominum
2211 3947 2572 4027 migravit.

873 4052 1016 4117 629.
1103 4052 1730 4119 Concionabantur
1758 4056 1987 4119 nostri
2015 4054 2320 4118 Lovanii
2350 4056 2422 4117 in
2453 4053 2905 4118 monasteriis
2944 4052 3223 4133 quibus-

755 4160 922 4225 dam
949 4169 1073 4224 aut
1101 4162 1384 4242 templis
1423 4180 1565 4226 non
1607 4162 1997 4241 primariis;
2039 4161 2165 4225 sed
2194 4161 2592 4241 aliquarum
2632 4160 2847 4223 etiam
2886 4176 3223 4240 persona-

754 4285 913 4333 rum
943 4270 1419 4334 saecularium
1449 4270 1812 4350 utriusque
1843 4286 2061 4333 sexus
2090 4268 2311 4333 corda
2343 4287 2385 4331 a
2425 4267 2873 4348 gravissimis
2908 4266 3229 4347 peccatis

845 4583 862 4615 ί
920 4582 977 4627 In
998 4594 1091 4627 ms.
1113 4590 1194 4626 est
1225 4584 1590 4626 abbreviatum
1615 4582 1710 4633 ιο,
1745 4582 1877 4636 quod
1913 4582 2015 4636 legi
2039 4580 2309 4625 consuevit
2344 4590 2483 4631 ergo.
2507 4578 2699 4623 Sensus
2718 4584 2893 4624 tamen
2924 4586 2979 4624 et
3010 4579 3231 4624 Arnoldi

767 4654 922 4699 l-lezei
944 4656 1156 4699 litterae
1174 4688 1184 4707 .
1207 4656 1240 4698 l.
1261 4665 1422 4709 supra
1441 4666 1500 4703 c..
1520 4667 1548 4697 e
1576 4654 1758 4709 qulbus
1779 4654 2053 4707 desumpta
2074 4652 2205 4696 haec
2227 4658 2345 4695 sunt
2366 4684 2377 4703 ,
2398 4652 2613 4705 exigunt
2632 4658 2691 4695 ut
2720 4652 2805 4695 hic
2823 4652 3089 4696 scribatur
3106 4662 3231 4706 quo-

763 4736 884 4781 que,
901 4726 1107 4771 minime
1132 4738 1256 4771 vero
1279 4738 1416 4779 ergo.
