3742 5392
1690 504 1815 560 Ax.
1860 504 2000 562 1554
2990 502 3086 559 131

623 646 1055 727 ‚Apostolicis
1098 648 1479 709 constituta
1522 646 1837 723 suerunt,
1889 648 2158 710 erectio
2203 646 2335 710 fuit
2379 648 2592 710 trium
2633 646 2910 709 illorum
2953 648 3089 709 col-

622 755 1000 833 legiorum,
1032 755 1120 817 de
1143 754 1395 834 quibus
1426 770 1641 834 supra
1664 754 2094 819 mentionem
2125 753 2420 817 fecimus
2451 752 2491 832 ¹,
2526 754 2816 831 scilicet,
2845 752 3089 818 Hiero-

618 862 947 941 solymiS,
1006 860 1620 942 Constantinopoli
1670 872 1739 925 et
1790 862 1859 924 in
1911 861 2148 925 Insula
2201 862 2440 941 Cypro
2495 863 2610 923 vel
2664 862 2898 941 aliquo
2953 860 3091 924 alio

622 968 995 1032 commodo
1021 971 1203 1031 loco.
1236 968 1313 1031 In
1343 968 1480 1032 hac
1512 984 1686 1048 ergo
1714 968 2155 1049 profectione
2184 967 2258 1032 P.
2295 967 2602 1031 Simonis
2635 984 2887 1031 versus
2931 968 3092 1033 Hie-

622 1077 1061 1155 rosolymam
1092 1074 1480 1155 injunctum
1510 1076 1645 1155 ipsi
1677 1094 1718 1139 a
1750 1076 1823 1138 P.
1858 1075 2136 1153 Ignatio
2165 1075 2396 1138 fuerat
2438 1086 2514 1138 ut
2543 1092 2660 1137 res
2687 1076 3089 1155 inspiceret,

625 1192 693 1246 et
742 1184 1349 1263 opportunitatem
1400 1182 1801 1265 hujusmodi
1865 1184 2170 1262 collegia
2223 1182 2666 1261 instituendi,
2721 1184 2972 1246 saltem
3021 1183 3094 1245 in

624 1288 901 1369 Cypr0,
936 1292 1007 1353 in
1039 1290 1347 1353 transitu
1379 1290 1894 1353 consideraret.

742 1396 883 1459 262.
975 1396 1307 1459 Pervenit
1336 1412 1510 1476 ergo
1539 1396 1882 1460 Venetias
1909 1394 1984 1459 P.
2019 1395 2260 1459 Simon
2297 1396 2426 1457 153
2453 1394 2668 1477 Junii‚
2703 1406 2771 1459 et
2801 1407 2875 1458 ut
2908 1412 3092 1459 com·

624 1503 900 1565 modius
928 1503 1282 1566 habitaret
1312 1520 1526 1583 quam
1554 1504 1626 1565 in
1654 1512 1901 1566 nostro
1926 1503 2250 1582 collegiO,
2278 1503 2471 1566 domi
2493 1520 2686 1581 suae,
2714 1520 2896 1583 quae
2927 1504 3092 1566 alio·

622 1610 742 1689 qui
763 1610 1065 1689 collegio
1096 1608 1475 1690 conjuncta
1507 1619 1635 1683 est,
1669 1608 2020 1673 Dominus
2051 1610 2249 1672 Prior
2275 1627 2434 1673 eum
2459 1609 2766 1689 hospitio
2789 1611 3090 1692 excepit,

625 1727 1002 1797 postquam
1033 1718 1300 1797 aliquot
1328 1716 1479 1780 dies
1508 1718 1581 1779 in
1620 1716 1922 1796 collegio
1956 1727 2198 1779 nostro
2228 1715 2480 1779 fuerat.
2517 1716 2778 1780 Missae
2807 1727 2971 1781 sunt
3001 1719 3094 1781 ad

622 1840 781 1887 eum
811 1826 1087 1887 litterae
1125 1810 1525 1887 Cardin'alis
1568 1823 1869 1887 Cornari
1911 1821 1954 1901 ⁸,
2002 1824 2120 1903 qui
2152 1824 2220 1885 in
2252 1822 2490 1903 Cypro
2519 1826 3091 1904 praeceptoriam

622 1931 975 2009 insignem
1016 1930 1344 1993 habebat.
1390 1930 1475 1993 Et
1518 1930 1927 1993 necessaria
1970 1930 2061 1992 ad
2111 1946 2314 1992 suam
2363 1931 2896 2009 navigationem
2950 1950 3094 1993 non

626 2038 905 2116 exiguis
943 2054 1106 2099 cum
1147 2038 1480 2117 expensis
1530 2037 1834 2117 paravit;
1890 2054 2022 2099 nec
2069 2037 2258 2099 enim
2308 2036 2381 2098 P.
2437 2036 2758 2115 Ignatius
2799 2048 3095 2117 propter

625 2144 805 2223 illaS,
838 2144 999 2207 licet
1031 2142 1335 2223 majores
1365 2161 1520 2206 esse
1549 2143 1940 2207 invenisset
1969 2160 2182 2223 quam
2213 2142 2562 2207 Dominus
2584 2142 2838 2207 Petrus
2859 2144 2946 2208 de
2973 2144 3092 2207 Za-

628 2259 781 2313 rate
802 2248 1275 2329 judicaverat,
1310 2250 1441 2313 iter
1474 2249 1938 2313 omittendum
1969 2250 2326 2313 censebat.

744 2356 885 2419 263.
974 2358 1051 2420 In
1094 2357 1261 2419 navi
1300 2356 1551 2420 eadem
1600 2357 2140 2437 peregrinorum
2179 2356 2635 2421 Guardianus
2685 2360 3097 2423 monasterii

624 2464 837 2545 (quod
860 2463 1205 2543 Religiosi
1228 2460 1474 2527 Sancti
1496 2462 1865 2527 Francisci
1888 2462 2406 2543 Hierosolymis
2429 2464 2715 2540 habent)
2741 2482 2902 2528 cum
2925 2468 3094 2528 mul-

624 2571 715 2633 tis
738 2571 1005 2634 ordinis
1036 2570 1145 2634 sui
1167 2570 1521 2649 religiosis
1541 2569 2117 2651 Hierosolymam
2139 2570 2554 2650 navigabat,
2579 2573 2909 2652 quamvis
2932 2590 3094 2635 cum

623 2678 1047 2758 intelligeret
1078 2675 1153 2741 P.
1187 2676 1549 2742 Simonem
1570 2678 1658 2741 de
1687 2675 2064 2742 Societatis
2107 2678 2428 2757 collegiis
2465 2678 2731 2758 aliquid
2769 2690 3098 2743 acturum

622 2802 803 2861 esse,
836 2803 977 2848 non
1008 2802 1084 2847 se
1114 2783 1493 2848 admodum
1523 2786 1835 2847 alacrem
1866 2784 1957 2847 ad
1997 2784 2102 2847 eis
2143 2782 2530 2848 favendum
2572 2786 2992 2863 praebebat,
3026 2796 3097 2851 et

625 2892 1043 2954 hortabatur
1078 2892 1401 2955 eumdem
1441 2890 1514 2953 P.
1559 2890 1920 2955 Simonem
1957 2900 2030 2954 ut
2062 2890 2380 2955 habitum
2425 2890 2550 2955 Sti.
2594 2890 2962 2957 Francisci
2999 2894 3098 2956 in·

622 2998 890 3076 dueret,
925 3006 999 3062 ut
1031 2999 1350 3062 securior
1380 3016 1423 3060 a
1452 3008 1816 3061 turcarum
1846 2998 2190 3061 molestiis
2211 2998 2348 3061 hoc
2373 2998 2505 3061 iter
2529 2998 2931 3077 conficeret3
2958 2999 3096 3064 hoc

624 3116 861 3169 tamen
890 3105 1293 3169 faciendum
1323 3121 1459 3167 non
1494 3104 1932 3168 existimavit
1961 3102 2036 3167 P.
2082 3102 2362 3183 Simon,
2409 3106 2742 3185 quamvis
2781 3106 3100 3171 cinericii

622 3214 885 3276 coloris
916 3222 1187 3275 vestem
1220 3211 1633 3292 assumpsit,
1676 3222 1743 3275 et
1785 3210 2098 3289 ejusdem
2146 3212 2406 3274 coloris
2447 3210 2818 3275 inferiores
2857 3226 3097 3278 vestes

632 3320 844 3383 etiam
877 3328 1081 3383 erant
1113 3317 1159 3377 ³.

620 3527 913 3577 solvendis.
935 3538 1089 3580 quam
1111 3525 1291 3571 Sancti
1310 3525 1583 3580 Sepulchri
1602 3524 1954 3569 confratribus
1983 3534 2076 3579 per
2099 3523 2400 3569 Pontificem
2432 3526 2644 3570 concedi
2674 3527 2784 3581 lpse
2805 3526 2994 3573 Zau-ate
3015 3540 3099 3573 cu-

626 3598 989 3645 raveram—Et
1007 3598 1151 3653 prius
1178 3599 1233 3641 22
1249 3597 1278 3651 J
1284 3598 1371 3642 ulii
1402 3597 1544 3641 Patri
1574 3596 1843 3652 Alphonso
1875 3596 2172 3641 Salmeron:
2193 3596 2388 3641 “Pedro
2407 3598 2470 3641 de
2491 3598 2684 3642 Zarate
2717 3599 2918 3653 pundo
2938 3601 2987 3645 el
3009 3612 3098 3644 ve·

628 3680 757 3714 rano
776 3680 831 3714 ee
851 3670 1087 3726 partita
1109 3680 1177 3726 ya
1197 3669 1251 3712 el
1277 3668 1420 3723 Papa
1439 3679 1496 3712 oe
1531 3668 1599 3711 ha
1628 3674 1811 3723 puesto
1829 3669 1881 3710 el
1913 3667 2106 3722 primer
2126 3668 2392 3711 confratre
2415 3679 2479 3712 en
2509 3680 2570 3713 au
2591 3670 2751 3722 libro:
2773 3669 2914 3715 irase
2933 3682 3030 3725 por
3049 3674 3098 3716 el

629 3740 741 3797 Rey
760 3741 822 3785 de
844 3741 1105 3785 Romanos
1134 3753 1171 3797 y
1190 3742 1239 3785 el
1259 3741 1321 3784 de
1342 3738 1555 3784 Polonia
1584 3740 1638 3783 al
1656 3738 1982 3793 Emperador
2011 3752 2044 3796 y
2064 3739 2119 3782 al
2153 3739 2410 3795 Principe,
2431 3746 2548 3793 etc..
2569 3751 2665 3785 con
2684 3740 2854 3786 Breve
2873 3744 2918 3787 6·
2933 3744 3100 3789 letrae

628 3814 713 3857 dcl
742 3813 933 3868 Papa...

709 3888 727 3919 ¹
785 3886 972 3942 Supra,
996 3893 1033 3930 t.
1055 3896 1131 3938 m,
1148 3894 1269 3939 pag.
1290 3884 1332 3937 5,
1354 3896 1403 3927 n.
1426 3884 1467 3927 1.

708 3958 732 3991 ¹
783 3958 1033 4015 Aloyaius
1054 3956 1286 4001 Cornaro
1306 3956 1631 4010 (Cornelium
1652 3965 1768 3999 eum
1787 3955 1912 3998 dicit
1935 3954 2260 4007 caecorum.
2275 3966 2393 4011 pag.
2415 3956 2551 4009 11⁴8),
2569 3959 2632 4002 de
2653 3970 2754 4014 quo
2775 3961 2851 4005 ita
2870 3958 3098 4005 Novana.

628 4030 819 4083 “Largi
837 4030 1087 4081 cornaro,
1104 4030 1274 4073 nobile
1302 4027 1601 4079 veneziano,
1622 4027 1892 4081 pronipote
1923 4026 1974 4071 di
2006 4026 2283 4081 Caterina,
2305 4027 2508 4082 Regina
2527 4029 2578 4074 di
2603 4030 2776 4087 cipro,
2795 4032 2900 4087 zio,
2923 4032 3100 4088 nipote

623 4114 657 4145 c
678 4102 887 4147 fratello
908 4102 957 4146 di
979 4101 1067 4155 pin
1087 4100 1352 4144 cardinali
1382 4098 1434 4143 dl
1463 4104 1645 4154 questa
1666 4098 1926 4151 famlglia.
1946 4099 2084 4142 della
2106 4100 2258 4153 quale
2279 4099 2333 4143 fu
2365 4100 2467 4153 egil
2505 4100 2541 4144 ll
2573 4108 2762 4156 quarto
2798 4102 3104 4159 cardinale,

617 4172 775 4219 ‘Gran
792 4173 974 4218 Ptiore
995 4173 1059 4216 de
1082 4172 1239 4227 cipro
1264 4173 1403 4215 nella
1424 4169 1689 4225 Religione
1718 4171 1769 4214 dl
1790 4170 1982 4223 Malta,
2003 4170 2107 4214 indi
2129 4168 2485 4215 Arc'iveacovo
2507 4173 2556 4216 di
2579 4172 2806 4229 laram„
2827 4174 3104 4221 Elentemt

629 4246 771 4290 della
794 4245 972 4290 scoria
1001 4244 1086 4288 de·
1110 4244 1317 4287 Sommi
1334 4243 1618 4297 Pentelici,
1638 4250 1677 4287 t.
1699 4254 1797 4293 vn.
1820 4253 1941 4297 pag.
1961 4242 2224 4287 78.—Vlde
2247 4242 2436 4287 Carras
2465 4244 2533 4288 de
2554 4245 2668 4289 San
2705 4246 2943 4303 lgnacto,
2965 4255 3002 4293 t.
3027 4260 3100 4301 tv,

626 4326 749 4371 pag.
770 4314 863 4369 ¹90,
885 4321 937 4358 et
968 4315 1037 4358 ibi
1060 4314 1265 4366 corrige
1296 4314 1686 4358 annotationem
1705 4314 1888 4367 2-nm,in
1911 4324 2012 4367 qua
2026 4345 2038 4365 ,
2059 4314 2346 4357 mutatione
2376 4315 2596 4361 nominis
2615 4316 2768 4373 huius
2790 4316 3100 4373 cardinalia,

618 4399 783 4443 quam
810 4387 937 4431 iacit
971 4386 1293 4439 ciacconius,
1314 4384 1477 4428 delusi
1511 4384 1848 4439 conjectando
1877 4384 2178 4437 scripsimus
2207 4395 2494 4429 sermonem
2515 4386 2756 4433 fortassis
2785 4378 2868 4433 hic
2897 4389 3008 4434 fleri
3038 4392 3100 4435 de

629 4459 906 4504 cardinale
928 4458 1193 4513 Perusino,
1216 4456 1403 4500 Fulvio
1427 4456 1637 4500 Cornea.

705 4530 730 4564 δ
780 4530 1007 4575 Videtur
1027 4538 1199 4575 tamen
1218 4527 1455 4585 Ignatius
1474 4528 1682 4572 veniam
1703 4526 1896 4571 Simoni
1919 4527 2102 4571 fecisse
2125 4536 2182 4572 ut
2205 4528 2442 4574 habitum
2460 4529 2624 4584 iilum,
2646 4530 2692 4577 ni
2713 4533 2957 4589 expedire
2967 4534 3103 4589 judi·

623 4602 833 4647 caverit
852 4634 862 4651 .
888 4603 939 4647 in
970 4602 1157 4647 itinere
1192 4600 1448 4646 indueret.
1468 4600 1561 4643 Ait
1592 4600 1729 4643 enim
1750 4610 1815 4643 ex
1850 4599 2044 4653 Ignatii
2067 4602 2444 4645 commissione
2475 4602 2544 4646 ad
2581 4600 2840 4648 Simonem
2871 4606 3102 4651 scribens

632 4676 901 4721 Poiancuaz
921 4676 1155 4720 “Acerca
1174 4674 1257 4718 del
1288 4673 1465 4719 habito
1486 4672 1552 4717 V.
1575 4672 1635 4715 R.
1658 4672 1798 4727 haga
1818 4674 1869 4715 lo
1889 4682 1986 4725 que
2007 4673 2054 4715 le
2085 4673 2369 4726 pareciere,
2393 4686 2596 4729 aunque
2629 4687 2816 4730 parece
2839 4678 2996 4723 harto
3017 4680 3103 4725 iba

625 4746 694 4789 de
715 4746 863 4790 fraile
887 4747 1094 4800 quando
1113 4746 1178 4789 de
1198 4748 1294 4789 nea
1316 4744 1444 4794 sue...
1458 4742 1513 4785 m
1535 4742 1669 4795 Junii
1697 4742 1814 4785 155⁸.
