3742 5392
786 482 897 541 :54
1708 483 1962 543 Cimon.
2003 481 2158 543 Soc.
2199 481 2340 555 Jss.

792 629 953 692 niae
990 628 1318 708 finitima,
1358 630 1614 694 litteris
1650 630 1839 711 apud
1881 628 2154 709 Regem
2187 628 2674 693 Romanorum
2701 636 2773 691 et
2823 628 3014 707 apud
3063 626 3249 693 Nun-

790 736 980 799 cium
1030 736 1497 817 apostolicum
1543 734 1584 815 ¹,
1626 736 1839 799 immo
1871 744 1944 800 et
1989 736 2264 815 Legato
2293 736 2510 799 misso
2538 733 2595 812 ³,
2627 734 2929 815 urgebat
2957 751 3252 797 causam

788 842 1143 921 eamdem,
1203 852 1275 906 et
1324 844 1701 923 collegium
1740 842 2119 907 Societatis
2169 842 2260 905 ad
2313 860 2390 905 se
2433 842 2647 920 mitti,
2690 840 2762 904 id
2813 852 2952 920 est,
3003 840 3251 905 decem

788 966 1278 1031 personarum,
1320 952 1634 1031 petebat,
1681 951 1935 1031 quibus
1973 950 2365 1013 concedere
2403 949 2732 1030 cupiebat
2758 966 3020 1012 novam
3049 950 3250 1013 scho-

791 1058 965 1136 lam,
998 1074 1251 1121 recens
1278 1057 1675 1121 institutam
1702 1056 1727 1088 ⁸
1758 1058 1830 1120 in
1860 1056 2120 1138 oppido
2159 1056 2368 1120 Nissa
2387 1106 2402 1136 ,
2434 1065 2597 1138 post
2636 1056 2864 1136 ipsam
2903 1056 3249 1121 Vratisla·

797 1164 991 1227 viam
1038 1164 1450 1245 praecipu0,
1482 1174 1551 1227 et
1587 1164 1693 1228 uti
1729 1163 2126 1246 Episcopus
2161 1164 2316 1244 ipse
2355 1163 2618 1243 degere
2655 1163 2960 1227 solebat:
2991 1162 3250 1226 ibidem

794 1272 981 1334 enim
1012 1271 1358 1335 catholice
1379 1270 1821 1351 juventutem
1850 1271 2128 1335 institui
2163 1280 2234 1335 et
2261 1270 2491 1351 gratis
2518 1270 2826 1334 volebat.
2857 1268 3246 1333 Contende·

793 1378 915 1441 bat
958 1386 1196 1441 autem
1235 1378 1399 1457 hoc,
1432 1378 1555 1459 qui
1592 1378 1849 1441 missus
1887 1377 2118 1441 suerat
2157 1378 2247 1440 ab
2275 1377 2828 1441 Vratislaviensi
2868 1377 3248 1457 Episcopo,

790 1493 868 1547 ut
897 1485 1035 1549 duo
1066 1502 1155 1547 ex
1182 1483 1465 1548 Nostris
1494 1502 1579 1549 eo
1610 1485 2058 1548 mitterentur
2085 1485 2441 1565 germani,
2474 1484 2726 1564 reliqui
2769 1493 3005 1547 autem
3044 1493 3120 1547 ut
3159 1500 3252 1547 ex

786 1591 1111 1656 Inferiori
1142 1592 1527 1655 Germania
1557 1603 1823 1671 essent,
1857 1609 2020 1655 nam
2065 1592 2275 1655 italos
2306 1602 2374 1654 et
2413 1592 2756 1672 hispanos
2794 1608 2936 1654 non
2973 1606 3131 1653 esse
3175 1590 3248 1653 in

789 1700 909 1763 illa
934 1699 1311 1780 provincia
1341 1701 1601 1779 populo
1634 1700 1842 1763 valde
1871 1707 2154 1778 gratos3
2187 1716 2348 1763 cum
2377 1710 2616 1762 tamen
2646 1700 2707 1761 is
2743 1706 2932 1761 esset
2969 1696 3250 1777 religio-

784 1807 897 1871 nis
924 1815 1153 1869 status
1183 1807 1254 1869 in
1282 1806 1655 1887 provincia
1690 1805 2006 1883 Silesiae,
2041 1815 2119 1870 ut
2144 1823 2289 1869 non
2312 1814 2586 1870 tantum
2614 1803 2888 1885 plebeji,
2922 1804 3047 1867 sed
3075 1803 3246 1867 infa-

789 1931 938 1977 mes
976 1912 1298 1976 homines
1333 1923 1403 1975 et
1442 1912 1813 1981 carnifices
1852 1912 2129 1993 publice
2169 1913 2771 1976 concionarentur
2809 1922 2878 1976 et
2915 1912 3104 1991 grati
3140 1928 3248 1975 es-

786 2029 976 2099 sent;
1036 2030 1106 2083 et
1160 2020 1668 2100 Vratislaviae,
1728 2020 1952 2083 invito
2004 2022 2158 2101 ipso
2195 2019 2420 2098 Rege,
2476 2028 2630 2082 erat
2685 2020 2805 2101 qui
2848 2018 3250 2083 doctrinam

794 2128 1090 2192 Lutheri
1148 2138 1390 2208 aperte
1438 2127 1888 2207 profiteretur
1938 2145 2025 2190 ac
2075 2127 2394 2201 doceret,
2447 2136 2517 2189 et
2575 2126 2884 2189 habebat
2932 2126 3248 2191 vicinam

784 2236 1203 2298 saxonicam
1255 2234 1577 2297 scholam
1624 2252 1710 2296 ac
1748 2234 2194 2313 potissimum
2225 2232 2844 2312 Wittembergam,
2896 2250 3245 2297 novarum

783 2339 1171 2404 factionum
1210 2341 1285 2403 in
1320 2341 1663 2419 religione
1706 2340 2030 2421 reginam
2058 2357 2146 2403 ac
2173 2350 2474 2404 matrem
2503 2337 2548 2403 ⁴.
2584 2338 2746 2419 Sed,
2782 2340 3004 2404 variis
3031 2340 3248 2421 impe·

786 2446 1118 2511 dimentis
1174 2447 1703 2527 accedentibus,
1766 2448 1903 2511 hoc
1969 2448 2376 2526 collegium,
2437 2448 2721 2528 saepius
2785 2449 3244 2526 postulatum,

790 2554 1136 2618 hactenus
1166 2551 1190 2585 ⁸
1219 2573 1358 2618 non
1391 2554 1675 2619 coaluit.

903 2661 1045 2724 552.
1132 2659 1565 2725 Promiserat
1602 2662 1750 2725 suis
1786 2661 2042 2725 litteris
2078 2659 2154 2725 P.
2196 2660 2513 2740 Ignatius
2555 2676 2734 2741 opus
2770 2661 2942 2725 illud
2981 2661 3249 2725 theolo-

784 2768 1055 2847 gicum,
1107 2768 1299 2848 quod
1338 2766 1414 2831 Ρ.
1469 2768 1758 2849 Laynez
1806 2769 2247 2850 incoeperat,
2299 2776 2371 2831 et
2417 2767 2610 2832 aliud
2655 2767 2888 2831 minus
2927 2768 3246 2847 eruditiS,

782 2883 861 2937 ut
888 2884 1059 2956 puta
1090 2875 1447 2956 parochiS,
1482 2876 1601 2956 qui
1628 2876 1861 2940 minus
1890 2875 2230 2955 temporis
2260 2876 2551 2952 habent,
2585 2874 2777 2955 quod
2805 2873 3056 2941 studiis
3083 2892 3242 2957 sup·

784 2980 1128 3062 peditent,
1164 2983 1737 3061 accomodatum,
1771 2979 1974 3062 cujus
2000 2998 2175 3044 cura
2203 2980 2278 3044 P.
2310 2980 2564 3044 Frusio
2593 2980 3024 3045 demandata
3065 2991 3243 3046 erat.

864 3221 884 3255 ¹
941 3220 1133 3274 “Julius
1152 3220 1228 3266 111
1249 3222 1439 3266 litteris
1460 3221 1624 3266 Roma
1644 3220 1699 3265 20
1726 3221 2037 3266 Novembris
2059 3220 2166 3265 1553
2184 3221 2323 3265 datis
2349 3219 2678 3265 Ferdinando
2697 3220 3090 3275 significaverat
3109 3233 3166 3266 ae
3185 3224 3240 3267 in

785 3292 956 3337 vicem
976 3291 1288 3347 Martinengi
1308 3293 1542 3337 nuntium
1560 3292 1768 3337 mittere
1788 3292 2101 3337 Zachariam
2123 3291 2377 3337 Delfiuum
2405 3291 2660 3346 (Deliino).
2691 3291 2989 3347 episcopum
3023 3294 3241 3338 electum

781 3362 1156 3417 “Plini-ensem„
1178 3362 1593 3419 (Lesina,insula
1614 3363 1916 3415 dalmatica)
1949 3370 2002 3407 et
2035 3364 2329 3417 praelatum
2363 3374 2510 3407 suurn
2539 3364 2872 3408 domesticum
2903 3368 2989 3415 <ex
3009 3366 3036 3395 ⁸¹
3054 3365 3246 3409 litteris

784 3435 1106 3491 archetypis,
1126 3446 1259 3489 quae
1279 3442 1399 3479 sunt
1412 3434 1645 3479 Viennae
1661 3435 1713 3479 in
1727 3436 1944 3479 archivo
1965 3437 2426 3487 annectentem,
2445 3434 2678 3479 Romana
2701 3434 2823 3489 1553,
2837 3446 2886 3479 n.
2905 3435 2996 3489 43.)
3017 3435 3248 3481 Delfinus

786 3505 839 3549 id
872 3516 1055 3550 munna
1093 3506 1325 3550 Viennae
1346 3506 1733 3550 admIniatravit
1760 3507 1912 3550 annis
1951 3505 2344 3556 155311554-1557
2375 3505 2571 3560 (aliqua
2604 3517 2654 3550 a.
2698 3506 2804 3551 1555
2835 3514 2986 3562 parte
3006 3508 3250 3562 excepta)

786 3582 840 3620 ct
862 3576 1101 3621 1560-1565
1120 3576 1217 3631 (W.
1240 3576 1301 3620 E.
1336 3576 1600 3629 Schwarae,
1626 3576 1799 3621 Briere
1824 3578 1928 3621 und
1959 3578 2130 3623 Acten
2159 3588 2251 3621 zur
2279 3576 2594 3621 Geschichte
2627 3577 2979 3622 Maximillam
2999 3577 3064 3631 11,
3084 3578 3128 3622 2.
3150 3578 3230 3622 Th

784 3646 1102 3700 [Paderborn
1126 3648 1265 3702 18911,
1287 3660 1338 3703 p.
1366 3652 1521 3700 xix)...
1542 3647 1968 3703 Bnaunsauacza,
1991 3650 2024 3694 1.
2047 3660 2075 3693 c
2099 3682 2111 3699 .
2131 3660 2253 3704 pag.
2273 3648 2370 3703 478,
2390 3654 2569 3693 annot.
2590 3648 2634 3691 8.

858 3719 883 3752 ί
935 3718 1046 3763 “Ex
1080 3720 1303 3773 epistula
1334 3722 1403 3763 ad
1424 3718 1639 3763 Hosium
1659 3720 1801 3773 data,
1832 3732 1965 3775 quae
1985 3720 2067 3765 his
2087 3721 2278 3765 litteris
2297 3724 2366 3775 (p.
2386 3720 2484 3772 487)
2513 3720 2816 3774 subicietur,
2852 3719 3018 3765 conici
3053 3722 3245 3765 merito

780 3796 953 3844 potest
974 3793 1041 3835 ab
1063 3793 1304 3845 episcopo
1324 3791 1534 3835 missum
1555 3802 1667 3835 esse
1689 3791 2044 3837 doctissimum
2074 3792 2247 3837 virum
2275 3787 2597 3837 Fridericum
2619 3790 2947 3849 Staphylum.
2969 3793 3057 3847 qui
3077 3793 3238 3847 paulo

782 3867 908 3906 ante
943 3874 1007 3905 ex
1040 3862 1442 3907 Lutheranismo
1496 3863 1561 3906 ad
1606 3863 1922 3909 catholicam
1966 3865 2241 3909 ecclesiam
2290 3864 2579 3917 redierat.„
2625 3864 3041 3908 Bmmtanancnn
3057 3895 3069 3917 ,
3105 3865 3141 3907 1.
3181 3875 3250 3918 c.,

783 3942 905 3987 pag.
926 3933 1024 3987 483,
1046 3942 1219 3978 annot.
1238 3936 1283 3978 6.

860 4004 884 4037 ³
938 4004 1205 4049 “Scholam
1226 4008 1360 4049 hanc
1392 4006 1672 4052 nissensem
1704 4008 1921 4061 (Neisse,
1951 4018 2085 4052 nunc
2113 4008 2165 4052 in
2197 4007 2384 4052 Suesia
2413 4008 2699 4059 borusaica)
2729 4007 2958 4062 episcopi
2987 4008 3238 4053 mandatu

780 4074 1072 4133 Staphylus
1094 4078 1439 4133 instituerat.„
1459 4078 1533 4122 In.
1556 4080 1697 4134 ibid.,
1718 4091 1839 4134 pag.
1859 4080 1958 4133 484,
1979 4086 2161 4124 annot.
2193 4078 2230 4123 1.

861 4149 888 4180 ⁴
940 4146 1227 4202 Desumpta
1244 4156 1363 4193 aunt
1384 4152 1513 4194 haec
1533 4151 1703 4195 omnia
1723 4158 1775 4195 et
1796 4152 2172 4205 aliquantulum
2191 4157 2466 4195 contracta
2480 4161 2546 4194 ex
2561 4148 2758 4194 litteris
2777 4160 2810 4194 a
2832 4148 3041 4195 Caninio
3060 4149 3127 4194 ad
3147 4148 3236 4193 Po-

784 4221 992 4263 lancum
1012 4220 1149 4265 datia
1170 4221 1223 4264 16
1240 4222 1463 4275 Augusti
1490 4223 1609 4266 1554.

860 4288 884 4321 ⁸
940 4288 1147 4334 Scilicet
1168 4301 1266 4345 quo
1288 4298 1521 4347 tempore
1540 4293 1793 4355 Pol-ancus
1807 4295 1940 4338 hacc
1959 4295 2238 4339 scribebat.
2257 4292 2463 4349 Postea,
2480 4304 2616 4338 anno
2635 4291 2756 4346 1580,
2779 4290 2972 4337 Mis-sio
2991 4292 3246 4347 quaedam

776 4358 1141 4405 vratislaviae
1160 4362 1399 4407 instituta
1420 4370 1516 4417 est,
1538 4363 1741 4409 Vienna
1762 4376 1821 4409 eo
1842 4377 1876 4408 a
1897 4364 1958 4409 P.
1984 4364 2208 4410 chrico
2229 4364 2532 4423 Blysaemio,
2557 4362 2889 4416 provinciali,
2921 4362 3248 4407 transmissis

778 4430 1024 4476 Patribus
1042 4430 1311 4476 Matthaco
1332 4432 1584 4479 Krablcro
1603 4440 1656 4478 et
1674 4434 1940 4489 Stephano
1959 4434 2201 4489 Corvino,
2234 4435 2428 4479 additis
2459 4434 2657 4479 duobus
2675 4432 2957 4478 Fratribus
2989 4432 3248 4488 adjutori-

778 4505 892 4547 bus.
911 4502 1263 4558 “Quamquam
1282 4504 1411 4549 haec
1432 4505 1689 4560 expeditio
1711 4513 1915 4551 tantum
1935 4506 2256 4561 temporaria
2276 4506 2391 4559 suit,
2419 4515 2472 4550 et
2493 4504 2697 4559 A.1582‚
2719 4505 2774 4549 22
2795 4502 2983 4556 Martii,
3007 4502 3232 4549 Martino

780 4574 1033 4619 Antistite
1054 4576 1327 4627 exstincto,
1357 4576 1472 4630 ipsa
1502 4587 1718 4632 quoque.
1750 4577 1930 4622 stabili
1949 4576 2273 4622 Fundatione
2303 4588 2404 4622 non
2431 4578 2572 4631 nixa,
2607 4575 2956 4631 exspiravit.„
2986 4574 3236 4629 Senium„

774 4644 1055 4689 Historiae
1077 4646 1129 4689 S.
1146 4645 1199 4701 J.
1220 4645 1377 4691 Prov.
1402 4646 1709 4702 Bohemi‘ae,
1730 4649 1815 4692 lib.
1838 4658 1978 4701 1v‚n.
1994 4648 2089 4692 242.
2109 4648 2375 4693 Restituta
2389 4648 2555 4693 denuo
2573 4658 2706 4692 anno
2729 4647 2846 4699 1586,
2863 4648 2913 4691 in
2937 4646 3226 4702 Collegium.

779 4716 990 4761 tandem
1010 4716 1180 4762 evasit
1203 4728 1337 4762 auno
1358 4720 1479 4763 1646.
