3742 5392
750 482 867 543 252
1674 484 1909 545 Cnaox
1972 485 2125 544 Soc.
2167 486 2307 557 Jss.

756 638 839 694 ut
868 628 961 693 ad
991 648 1341 711 expensas
1372 630 1671 696 aedificii
1696 632 1786 696 ad
1811 632 2104 712 Regem,
2134 650 2293 696 cum
2316 650 2494 713 opus
2516 639 2725 711 esset,
2751 644 3225 696 recurrerent.

764 734 1078 801 Eatenus
1134 737 1225 801 ad
1279 748 1681 818 nongentos
1736 738 2045 803 florenos
2102 741 2328 803 nostri
2386 739 2868 820 expenderant
2923 740 3232 819 singulis

751 844 980 922 annis,
1013 862 1193 924 quae
1221 854 1563 909 sexcenta
1592 846 1747 909 auri
1776 857 1980 909 scuta
2010 846 2414 923 conficiunt,
2448 864 2618 910 nam
2633 855 2924 928 propter
2945 846 3221 909 uberta-

752 959 897 1014 tem
928 968 1167 1015 rerum
1198 952 1289 1015 ad
1318 953 1586 1016 victum
1615 954 2184 1017 necessariarum
2213 953 2450 1017 omnia
2481 954 2656 1027 satis
2693 953 2864 1017 vilia
2895 952 3224 1018 Viennae

752 1068 988 1133 erant:
1024 1058 1381 1123 habebant
1412 1070 1783 1140 praeterea
1813 1060 2040 1125 nostri
2067 1062 2361 1138 redituS,
2403 1062 2525 1142 qui
2563 1060 2835 1124 duobus
2863 1062 3224 1142 theologis

751 1164 1259 1231 Universitatis
1286 1166 1597 1230 conferri
1626 1169 1982 1248 solebant,
2016 1177 2087 1232 et
2114 1168 2214 1232 ita
2245 1168 2524 1232 abunde
2554 1169 2964 1233 necessaria
2993 1178 3220 1232 erant:

751 1281 823 1337 et
870 1273 1085 1337 etiam
1123 1274 1403 1338 abunde
1446 1274 1538 1338 ad
1580 1273 1922 1355 majorem
1961 1292 2334 1339 numerum
2375 1277 2915 1340 sustentandum
2959 1278 3230 1340 nostris

754 1380 1223 1461 suppetebant
1254 1379 1295 1444 ¹.
1732 1378 1741 1389 ‘

870 1488 1011 1551 549.
1100 1488 1277 1551 Cum
1320 1498 1559 1552 autem
1598 1507 1689 1552 ex
1728 1500 1963 1553 aetate
2007 1490 2576 1569 provectioribus
2623 1490 2969 1567 rarioreS,
3004 1506 3222 1570 quam

752 1594 1175 1673 voluissent,
1224 1597 1551 1675 germani
1594 1594 1976 1660 Societatis
2019 1596 2425 1661 Institutum
2466 1595 2791 1660 Viennae
2833 1598 3216 1676 sequeban-

756 1712 895 1779 tur,
950 1702 1298 1765 consuluit
1349 1702 1423 1765 P.
1478 1703 1819 1784 Lanoyus
1866 1703 1942 1767 P.
1995 1702 2354 1783 Ignatium
2403 1721 2494 1766 an
2545 1720 2805 1785 pueros
2849 1702 3223 1767 duodecim

754 1804 919 1889 [vel]
949 1810 1484 1888 quatuordecim
1516 1811 1722 1874 annis
1751 1819 1962 1874 natos
1988 1820 2231 1891 posset
2263 1811 2334 1874 in
2365 1808 2792 1874 Societatem
2822 1810 3224 1889 admittere,

752 1932 923 1977 nam
957 1917 1030 1978 in
1080 1914 1465 1980 Germania
1497 1916 1786 1996 ingenia
1824 1934 2210 1997 puerorum
2239 1917 2640 1981 tractabilia
2669 1917 2879 1981 valde
2911 1927 3105 1995 sunt,
3154 1929 3224 1980 et

754 2020 1197 2085 familiariter
1238 2022 1311 2085 in
1352 2024 1615 2088 scholis
1657 2024 2000 2103 cognosci
2029 2033 2388 2104 poterant,
2421 2033 2512 2101 et,
2554 2022 2955 2103 hujusmodi
2982 2025 3228 2104 pueris

758 2127 1111 2207 admissiS,
1144 2130 1528 2193 verisimile
1555 2130 1769 2194 fiebat
1798 2131 2189 2195 subsidium
2213 2147 2422 2211 posse
2451 2130 2636 2194 mitti
2665 2131 2875 2193 novis
2905 2132 3224 2212 collegiis

762 2216 839 2297 in'
865 2232 1251 2299 Germania
1282 2236 1755 2301 admittendis
1790 2237 2181 2319 Respondit
2211 2246 2448 2301 autem
2477 2236 2555 2300 P.
2595 2236 2919 2319 Ignatius
2962 2238 3221 2319 partim

754 2351 1047 2422 propter
1098 2344 1411 2407 rationes
1461 2344 1721 2424 dictaS,
1776 2345 2036 2425 partim
2085 2353 2376 2425 propter
2433 2344 2982 2425 experientiam,
3043 2362 3228 2426 quae

759 2445 1027 2511 Romae
1058 2450 1129 2512 in
1159 2449 1473 2530 Collegio
1504 2450 1934 2516 Germanico
1957 2450 2206 2515 haberi
2228 2460 2528 2531 poterat,
2559 2460 2634 2514 ut
2657 2470 2734 2514 se
2757 2452 3222 2517 extenderent

756 2564 1101 2633 quantum
1142 2558 1682 2622 constitutiones
1720 2567 2010 2622 nostrae
2051 2558 2572 2639 permitterent,
2620 2566 2690 2621 et
2731 2576 2855 2622 eos
2904 2576 3114 2640 posse
3151 2560 3226 2622 in

754 2660 1184 2727 Societatem
1213 2664 1585 2729 admittere
1624 2668 1776 2746 qui,
1810 2666 2165 2729 decimum
2205 2675 2538 2747 quartum
2579 2682 2843 2730 annum
2884 2668 3224 2731 exceden-

761 2777 900 2848 teS‚
953 2771 1301 2835 decimum
1348 2773 1667 2853 quintum
1719 2774 2147 2853 attigissent;
2201 2774 2261 2835 si
2312 2782 2551 2836 tamen
2603 2774 2676 2836 in
2726 2774 2961 2854 aliquo
3004 2790 3228 2854 puero

760 2875 1040 2956 aliquae
1091 2894 1352 2941 causae
1384 2889 1913 2954 concurrerent,
1964 2889 2258 2959 propter
2311 2896 2488 2959 quas
2538 2880 2610 2943 in
2664 2889 2895 2943 aetate
2950 2879 3224 2961 dispen-

760 2982 1062 3047 sandum
1114 3003 1273 3048 cum
1326 3004 1409 3050 eo
1458 2987 1845 3066 videretur,
1902 2987 2313 3068 permittere
2365 2987 2908 3050 constitutiones
2951 2995 3028 3050 ut
3073 2987 3228 3067 ipse

762 3085 1217 3170 Praepositus
1260 3091 1632 3157 Generalis
1668 3093 2084 3173 dispensare
2111 3102 2384 3174 posset,
2429 3103 2498 3156 et
2541 3094 2733 3156 illam
2768 3094 3225 3174 dispensandi

760 3198 1259 3262 auctoritatem
1289 3200 1361 3263 in
1389 3200 1527 3264 hac
1567 3210 1771 3281 parte
1800 3199 1878 3264 P.
1913 3200 2208 3281 Lanoyo
2239 3201 2815 3277 communicavit,
2849 3210 2926 3264 ut
2955 3201 3226 3264 scilicet

759 3313 1002 3383 posset
1051 3314 1216 3369 ante
1254 3307 1694 3387 praedictam
1736 3316 2044 3371 aetatem
2086 3324 2246 3371 cum
2289 3308 2525 3388 aliquo
2564 3306 3002 3390 dispensare,
3033 3309 3096 3372 si
3135 3308 3226 3371 ad

762 3408 899 3473 Dei
933 3412 1235 3491 gloriam
1268 3413 1338 3476 id
1364 3413 1518 3477 fore
1542 3414 1928 3496 judicaret3
1971 3424 2209 3478 tamen
2248 3415 2336 3478 de
2377 3414 2902 3494 dispensatione
2929 3415 3122 3478 facta
3151 3432 3230 3477 se

764 3516 1132 3581 admoneri
1160 3518 1236 3583 P.
1263 3518 1582 3599 Ignatius
1611 3522 1857 3599 voluit;
1885 3532 1955 3585 et
1983 3540 2126 3585 non
2155 3531 2430 3585 tantum
2461 3520 2548 3584 de
2578 3522 2816 3601 pueris
2838 3521 3224 3601 germaniS,

762 3624 889 3687 sed
942 3624 1030 3688 de
1078 3625 1454 3706 hungariS,
1508 3628 1831 3691 bohemis
1880 3640 1952 3691 et
1999 3629 2484 3709 transylvanis
2535 3640 2604 3690 et
2651 3628 3019 3709 quibusvis
3069 3630 3232 3692 aliis

760 3732 1165 3795 nationibus
1196 3734 1860 3814 septentrionalibus
1891 3736 2190 3815 intelligi
2220 3736 2446 3799 voluit
2476 3736 2519 3798 ⁸.
2941 3760 2967 3804 t

878 3836 1022 3900 550.
1108 3838 1495 3920 Postquam
1554 3844 2063 3923 transylvanus
2121 3842 2520 3922 Episcopus
2571 3842 2944 3920 collegium
2995 3839 3224 3905 Socie-

762 3944 934 4007 tatis
962 3947 1474 4026 postulaverat,
1508 3959 1576 4010 et
1606 3947 2252 4012 commodissimam
2281 3948 2791 4012 habitationem
2830 3966 2915 4011 ac
2960 3948 3229 4012 reditus

766 4058 837 4113 et
881 4062 1273 4132 proventus
1316 4054 1667 4118 obtulerat
1708 4056 1896 4133 (erat
1939 4056 2126 4119 enim
2166 4073 2250 4119 ea
2291 4056 2662 4135 provincia
2691 4055 3070 4119 haereticis
3119 4073 3224 4119 re·

845 4290 862 4322 ¹
922 4290 1034 4335 Hac
1055 4292 1324 4337 occasione
1346 4293 1554 4347 scripsit
1592 4292 1829 4338 Canisius
1848 4293 2052 4349 Ignatio
2086 4294 2137 4337 1⁴
2167 4293 2435 4338 Octobris:
2469 4294 2575 4339 “Et
2597 4294 2788 4349 perche
2809 4296 2862 4338 la
2883 4305 2975 4338 sua
3008 4292 3228 4338 Maiesta

764 4360 897 4405 hora
919 4362 965 4407 ci
988 4363 1057 4406 ha
1078 4364 1201 4407 dato
1229 4365 1281 4408 la
1312 4366 1701 4409 assecuratione
1730 4366 1864 4409 delle
1897 4366 2104 4411 intrade
2131 4366 2290 4409 nolte
2317 4368 2445 4410 bone
2477 4378 2571 4421 per
2601 4376 2783 4420 questo
2817 4366 3048 4421 collegio
3069 4365 3225 4411 Vien-

760 4444 938 4484 nense,
962 4436 1210 4479 taimente
1230 4435 1327 4479 che
1348 4448 1445 4481 con
1464 4438 1500 4481 li
1522 4437 1641 4481 fatti
1664 4438 1920 4481 dimostra
1938 4448 2110 4481 essere
2133 4436 2172 4481 il
2189 4448 2318 4481 vero
2339 4437 2614 4481 fundatore
2636 4444 2688 4481 et
2711 4438 2939 4482 Patrono
2959 4438 3043 4482 del
3061 4438 3228 4492 primo

762 4502 996 4559 Collegio
1030 4512 1082 4549 et
1112 4506 1268 4551 credo
1296 4508 1391 4551 che
1412 4518 1511 4552 non
1541 4508 1624 4552 del
1653 4508 1834 4553 ultimo
1854 4509 1908 4553 in
1929 4508 2228 4561 Germania,
2261 4509 2309 4552 io
2343 4509 2520 4552 vorria
2550 4510 2644 4552 che
2675 4509 2841 4553 anche
2875 4510 3099 4553 havesse
3133 4511 3182 4553 le
3201 4511 3231 4551 3

764 4576 918 4619 misse
941 4576 987 4619 α’
1003 4577 1121 4631 ogni
1142 4588 1242 4622 uno
1262 4580 1535 4623 sacerdote
1556 4579 1693 4623 della
1715 4578 2054 4635 Compagnia,
2073 4580 2294 4624 siccome
2315 4577 2381 4621 V.
2403 4578 2464 4623 R.
2485 4579 2541 4622 P.
2565 4582 2755 4633 sapera
2777 4580 3061 4633 ordinare...

845 4645 871 4678 ²
925 4646 1069 4691 Haec
1088 4648 1157 4691 ad
1188 4650 1404 4694 verbum
1426 4650 1536 4694 fere
1558 4651 1819 4695 translata
1838 4658 1956 4695 sunt
1989 4662 2052 4694 ex
2083 4652 2276 4695 litteris
2305 4662 2336 4695 a
2365 4648 2610 4697 Polanco.
2639 4662 2704 4693 ex
2733 4662 2882 4701 com„
2915 4651 3054 4695 datis
3081 4650 3230 4695 Patri

764 4716 983 4762 Nicolao
1004 4718 1255 4763 Goudano
1272 4721 1323 4763 14
1343 4720 1582 4765 Octobris
1605 4722 1723 4766 155⁴.
