3742 5392
1622 513 1743 571 ΑΝ.
1791 513 1931 572 1554
2912 511 3018 567 297

545 675 717 722 num
746 668 824 723 ut
853 658 1128 723 litteras
1158 660 1295 740 ipsi
1323 660 1560 737 daret,
1594 674 1772 738 quas
1801 656 2106 721 Romam
2132 655 2351 719 ferret
2375 656 2548 719 utin
2589 654 3015 720 Societatem

546 764 822 829 admitti
851 776 1126 847 posset,
1160 783 1339 847 quas
1369 766 1434 829 ei
1460 764 1654 829 dedit
1685 772 1753 828 et
1782 764 2085 828 Romam
2114 762 2217 825 sic
2248 763 2462 827 misit.

667 872 808 937 634.
894 873 1281 954 Postquam
1303 871 1570 936 Leodio
1593 871 1799 935 rediit
1824 870 2008 934 idem
2032 868 2393 933 Adrianus
2412 919 2426 949 ‚
2454 870 2734 949 Brugas
2756 886 2834 933 se
2856 887 3019 933 con-

546 981 734 1060 tulit,
769 997 952 1061 quae
984 980 1284 1061 insignis
1312 979 1694 1043 Flandriae
1729 978 1988 1041 civitas
2016 987 2124 1040 est
2152 994 2165 1057 ;
2198 977 2436 1041 multis
2466 978 2656 1040 enim
2689 978 3021 1056 precibus

547 1086 920 1169 cujusdam
948 1087 1361 1151 monasterii
1389 1086 1751 1165 virginum
1781 1095 2126 1149 evocatus
2169 1084 2423 1163 fuerat,
2442 1108 2447 1113 ·
2468 1084 2541 1147 in
2572 1101 2711 1165 quo
2756 1086 3023 1148 multae

549 1196 953 1276 spirituales
983 1194 1168 1258 filiae
1198 1194 1272 1257 P.
1311 1192 1624 1257 Cornelii
1647 1192 2089 1256 Wischaven
2112 1201 2181 1256 et
2213 1192 2579 1272 ipsiusmet
2607 1191 2685 1255 P.
2720 1190 3022 1255 Adriani

547 1303 959 1383 religiosam
988 1303 1298 1382 agebant
1329 1301 1573 1364 vitam.
1609 1300 1991 1381 Cum'ergo
2038 1300 2382 1378 venisset,
2425 1307 2492 1363 et
2534 1316 2783 1363 earum
2822 1299 3021 1380 spiri-

551 1410 812 1472 tualem
868 1408 1154 1472 Patrem
1207 1407 1522 1471 febribus
1581 1407 2024 1470 laborantem
2081 1406 2499 1483 invenisset,
2560 1404 2712 1486 ejus
2762 1415 3021 1485 rogatu

552 1516 862 1579 omnium
893 1516 1375 1579 confessiones
1405 1513 1676 1578 audivit
1722 1522 1790 1577 et
1829 1523 2243 1594 extempore
2276 1512 2537 1577 ibidem
2560 1513 3023 1577 concionatus

552 1631 682 1700 est,
708 1629 778 1684 et
795 1621 1078 1701 quidem
1093 1621 1522 1701 frequenter,
1541 1619 1667 1684 sed
1683 1638 1767 1684 eo
1788 1620 2042 1701 spiritu
2058 1628 2128 1683 et
2141 1620 2401 1700 gratia,
2423 1630 2499 1683 ut
2516 1620 2636 1700 qui
2649 1637 2811 1684 eum
2826 1620 3024 1699 prius

553 1738 938 1807 noverant,
991 1728 1452 1792 vehementer
1489 1728 1921 1792 mirarentur
1971 1735 2042 1790 et
2078 1725 2509 1807 gauderent;
2544 1727 2743 1807 ipsae
2786 1738 3023 1789 autem

548 1837 896 1900 moniales
925 1852 1375 1917 summopere
1403 1843 1772 1900 recreatae
1800 1836 1876 1900 in
1904 1834 2211 1899 Domino
2242 1852 2327 1898 ac
2366 1834 2676 1899 refectae
2712 1835 3020 1909 fuerunt,

554 1951 623 2006 et
667 1943 1194 2025 quodammodo
1232 1943 1304 2005 in
1345 1942 1601 2023 spiritu
1645 1953 2059 2006 renovatae.
2106 1940 2371 2006 Mansit
2414 1941 2673 2023 Brugis
2716 1942 3021 2022 quinque

551 2060 677 2113 aut
727 2066 856 2113 sex
904 2049 1184 2127 diebuS,
1240 2066 1383 2131 quo
1433 2060 1752 2130 tempore
1802 2047 2253 2130 praepositus
2308 2065 2627 2113 summae
2675 2048 3021 2112 ecclesiae

551 2156 834 2236 Brugas
862 2156 1092 2236 venit„
1127 2165 1197 2220 et
1228 2173 1390 2220 cum
1418 2156 1880 2221 intellexisset
1904 2157 1977 2219 in
2000 2156 2291 2220 civitate
2313 2172 2469 2220 esse
2494 2156 2569 2220 P.
2597 2155 3020 2234 Adrianum,

553 2280 718 2327 eum
747 2262 1259 2327 accersendum
1290 2264 1605 2342 curavit;
1639 2273 1707 2327 et
1736 2280 1902 2327 cum
1946 2264 2169 2328 multa
2213 2265 2398 2327 inter
2442 2281 2519 2327 se
2562 2263 3024 2327 contulissent

558 2371 646 2435 de
676 2370 892 2434 rebus
918 2370 1441 2451 spiritualibuS,
1488 2371 1690 2434 brevi
1730 2388 1808 2434 se
1847 2369 2358 2434 subducturum
2394 2369 2915 2451 Brugensibu3‚
2960 2379 3029 2433 et

555 2478 651 2542 ad
701 2477 1100 2558 spiritualia
1140 2476 1484 2542 exercitia
1521 2477 1943 2558 excipienda
1983 2475 2384 2573 Loyanium
2420 2487 2803 2541 venturum
2823 2478 3024 2541 dixit.

555 2584 894 2651 Summus
931 2584 1148 2648 etiam
1188 2592 1439 2664 pastor
1476 2586 1594 2647 vel
1633 2583 1991 2665 parochus
2033 2600 2372 2664 magnam
2410 2584 2475 2647 ei
2517 2584 3029 2647 humanitatem

556 2692 898 2755 exhibuit.

674 2798 816 2863 635.
904 2798 1378 2880 Antuerpiam
1425 2798 1584 2863 inde
1627 2799 1957 2878 venienS,
2000 2817 2221 2881 prope
2271 2800 2639 2863 civitatem
2675 2797 3033 2879 quoddam

557 2907 918 2987 virginum
947 2906 1460 2970 monasterium
1487 2906 1840 2985 invisens,
1876 2905 2136 2972 ibidem
2163 2906 2630 2972 concionatus
2670 2915 2805 2984 est,
2841 2904 3027 2969 dein·

554 3013 644 3077 de
667 3030 891 3095 prope
913 3010 1369 3077 Mechliniam
1385 3061 1400 3092 ‚
1427 3014 1501 3077 in
1522 3012 1836 3077 Abbatia
1859 3014 2169 3093 quadam
2189 3012 2623 3089 monialium,
2649 3012 2759 3075 bis
2782 3011 3033 3075 eodem

555 3136 849 3183 munere
879 3118 1164 3184 functus
1193 3130 1331 3200 est,
1367 3127 1437 3183 et
1467 3120 1726 3201 ubique
1754 3119 1912 3183 Deo
1943 3120 2249 3201 propitio
2268 3170 2282 3199 ,
2316 3120 2626 3201 optimus
2654 3118 3035 3183 Societatis

558 3226 736 3290 odor
791 3226 1004 3291 simul
1058 3245 1222 3291 cum
1276 3226 1512 3291 fructu
1569 3227 2065 3308 spargebatur.
2124 3226 2495 3291 Scribebat
2526 3235 2789 3319 'autem
2845 3224 3033 3289 idem

558 3334 633 3398 P.
669 3332 1036 3398 Adrianus
1063 3352 1142 3397 se
1171 3352 1214 3397 a
1244 3334 1716 3399 concionandi
1746 3334 1979 3399 officio
2010 3344 2301 3415 propter
2322 3332 2888 3398 mortificationis
2919 3312 3045 3397 de?

557 3442 827 3504 fectum
853 3440 1244 3520 retardari,
1277 3451 1346 3505 et
1376 3458 1554 3522 opus
1585 3442 1686 3505 illi
1726 3458 1883 3505 esse
1922 3452 1998 3505 ut
2034 3451 2455 3522 suggestum
2499 3438 3033 3517 conscenderet;

562 3546 825 3628 alioqui
855 3548 914 3611 si
944 3549 1058 3612 vel
1089 3546 1368 3611 modico
1400 3558 1565 3612 ante
1595 3557 1915 3630 tempore
1937 3548 2427 3629 praemonitus
2449 3557 2637 3612 esset
2658 3596 2673 3627 ,
2702 3546 3038 3611 continuo

559 3671 639 3718 se
661 3654 1130 3719 sollicitudine
1154 3654 1462 3734 quadam
1485 3656 1688 3719 obrui
1711 3655 2195 3735 dicendorum,
2223 3655 2388 3718 licet
2409 3664 2659 3718 contra
2674 3654 2898 3734 ipsius
2914 3672 3035 3717 vo-

561 3762 926 3825 luntatem.
957 3760 1336 3842 Rogabant
1365 3770 1606 3826 autem
1635 3773 1703 3826 et
1733 3763 2078 3827 moniales
2122 3773 2189 3826 et
2226 3762 2637 3826 sacerdotes
2666 3762 2854 3825 illius
2895 3760 3036 3825 Ab·

563 3869 800 3933 batiae
831 3886 1052 3949 prope
1089 3868 1545 3933 Mechliniam
1579 3879 1657 3933 ut
1695 3870 1982 3950 saepius
2017 3868 2302 3933 rediret.
2331 3869 2405 3933 P.
2436 3870 2651 3933 etiam
2672 3868 3037 3932 Arnoldus

564 3975 794 4040 Ezeus
821 3974 1232 4057 Trajectum
1261 3995 1303 4039 a
1335 3975 1411 4039 P.
1442 3975 1768 4041 Adriano
1800 3976 2060 4039 missus
2092 3986 2199 4040 est
2228 3988 2304 4040 ut
2336 3976 2797 4041 concionibus
2826 3984 2896 4038 et
2930 3992 3039 4037 sa-

563 4090 1092 4147 cramentorum
1148 4083 1542 4147 ministerio
1599 4100 1760 4146 eam
1815 4083 2061 4147 urbem
2112 4084 2627 4147 consolaretur.
2684 4080 3038 4161 Quamdiu

559 4198 802 4252 autem
828 4188 928 4252 illi
956 4189 1286 4266 aberant,
1319 4188 1396 4253 P.
1429 4188 1795 4254 Adrianus
1823 4188 2187 4253 Candidus
2215 4188 2521 4254 Lovanii
2552 4206 2800 4253 eorum
2831 4205 3040 4251 occu-

563 4295 967 4376 pationibus
997 4306 1376 4377 utcumque
1405 4297 1823 4361 satisfacere
1859 4298 2277 4361 substitutus
2305 4306 2607 4377 poterat.

682 4402 824 4466 636.
913 4403 1097 4469 Cum
1118 4402 1401 4483 juvenis
1429 4405 1719 4485 quidam
1740 4455 1755 4486 ,
1788 4415 1953 4486 post
1983 4404 2381 4486 spiritualia
2423 4404 2769 4469 exercitia
2807 4402 3039 4467 Socie-

563 4510 764 4589 tatiS,
799 4510 872 4574 in
900 4511 1320 4591 religionem
1349 4510 1468 4576 ssi
1507 4511 1880 4576 Francisci
1920 4512 2291 4591 ingressus
2320 4521 2507 4575 esset
2528 4560 2543 4590 ,
2592 4510 2745 4591 ejus
2788 4518 3041 4587 mater,

565 4615 968 4681 Lovanium
999 4618 1296 4683 veniens
1319 4668 1334 4699 ‚
1367 4637 1646 4683 summo
1671 4629 1934 4683 conatu
1957 4636 2115 4685 eum
2146 4618 2455 4684 avellere
2476 4634 2520 4680 a
2543 4634 2675 4681 sua
2696 4616 3043 4696 religione

569 4725 961 4804 nitebatur,
1017 4726 1358 4808 lacrymis
1407 4736 1479 4793 et
1516 4728 1897 4792 ululatibus
1950 4727 2189 4790 omnia
2239 4726 2572 4807 implenS,
2622 4736 2691 4789 et
2736 4724 3042 4802 demum,
