3742 5392
1670 486 1797 545 ΑΝ.
1848 486 1988 545 1554
2958 486 3062 543 165

705 634 847 696 338.
936 634 1312 698 Promotus
1342 646 1449 699 est
1486 636 1700 698 etiam
1744 634 1881 699 hoc
1921 652 2111 698 anno
2162 635 2249 697 ad
2291 634 2768 699 sacerdotium
2805 632 2880 697 P.
2917 634 3055 723 Do-

586 742 890 805 minicus
918 741 1403 821 Lotharingus
1436 740 1477 821 ¹;
1511 742 1763 805 messis
1792 742 1981 805 enim
2009 760 2096 805 ea
2125 750 2278 805 erat
2308 742 2711 806 Florentiae
2729 790 2743 819 ,
2777 751 2854 804 ut
2883 742 3056 804 mul-

588 858 698 911 tos
728 849 1101 928 operarios
1129 848 1491 912 Florentia
1519 849 1869 929 exigeret;
1905 849 2026 912 alii
2061 849 2274 936 etiam
2303 850 2624 912 nonnulli
2651 850 2722 911 in
2747 847 3058 912 Societa-

593 965 735 1017 tem
766 956 1043 1019 admitti
1066 958 1537 1035 postularunt,
1552 956 1679 1019 sed
1700 973 1843 1019 non
1866 955 2074 1019 facile
2096 954 2514 1018 admittendi
2535 972 2691 1019 esse
2707 956 2846 1018 visi
2869 965 3053 1018 sunt.

712 1062 853 1125 339.
941 1062 1285 1142 Quamvis
1334 1079 1595 1143 magna
1652 1080 1816 1126 cum
1876 1062 2346 1125 sollicitudine
2409 1062 2715 1126 Ducissa
2773 1062 3058 1125 Patrem

590 1169 879 1249 Laynez
912 1167 1165 1233 Genua
1192 1179 1598 1248 evocasset,
1640 1170 1894 1234 litteris
1933 1169 2024 1232 ad
2068 1169 2137 1232 id
2189 1170 2474 1249 scriptis
2511 1188 2554 1232 a
2603 1169 2786 1232 Duo,
2840 1169 3057 1233 Fran-

592 1278 787 1339 cisco
816 1276 1199 1355 PaciechO,
1231 1277 1353 1357 qui
1393 1286 1641 1356 postea
1684 1276 2089 1340 Cardinalis
2127 1286 2196 1339 et
2234 1276 2633 1357 Episcopus
2668 1277 3057 1356 Burgensis

593 1382 724 1445 suit
745 1432 759 1459 ‚
792 1402 937 1447 non
966 1382 1343 1448 videbatur
1370 1384 1599 1447 eidem
1629 1383 1706 1446 P.
1739 1384 2029 1464 Laynez
2059 1384 2162 1447 sic
2214 1383 2366 1463 ejus
2403 1402 2622 1464 opera
2660 1384 2760 1447 uti
2802 1392 2877 1445 ut
2921 1400 3058 1446 me-

594 1493 731 1553 rito
762 1493 993 1572 ipsum
1024 1508 1370 1554 evocasse
1400 1492 1789 1567 videretur;
1834 1490 1960 1554 sed
1999 1489 2339 1570 Ducissa,
2384 1508 2545 1554 cum
2576 1502 2826 1572 partus
2865 1492 2926 1553 ei
2959 1490 3062 1554 vi-

595 1599 799 1661 cinus
828 1608 1037 1677 esset,
1070 1599 1385 1661 vicinum
1408 1598 1670 1661 habere
1700 1615 1863 1661 eum
1886 1597 2170 1662 Patrem
2196 1598 2485 1677 optabat
2516 1607 2591 1661 ut
2611 1647 2625 1675 ,
2659 1598 2718 1660 si
2760 1598 3062 1660 necessi-

594 1718 707 1768 tas
732 1715 1054 1785 urgeret,
1082 1703 1233 1784 ejus
1257 1705 1552 1769 consilio
1576 1715 1646 1768 et
1676 1706 1942 1769 auxilio
1966 1702 2204 1783 juvari
2235 1716 2498 1785 posset,
2534 1704 2647 1768 cui
2683 1705 3061 1785 plurimum

596 1812 995 1876 confidebat
1014 1860 1030 1893 ,
1070 1822 1141 1875 et
1173 1810 1449 1895 [quem]
1480 1829 1627 1877 non
1656 1813 1996 1878 mediocri
2025 1813 2399 1877 dilectione
2431 1811 3058 1891 complectebatur.

600 1920 993 1999 Diligenter
1023 1919 1306 1999 quidem
1334 1920 1477 1998 illa,
1513 1937 1675 1983 cum
1704 1921 1890 1985 male
1923 1920 2215 1983 haberet
2239 1918 2316 1981 P.
2351 1918 2662 1999 LayneZ,
2695 1935 2858 1981 eum
2886 1919 3062 1981 invi-

600 2028 896 2090 sendum
926 2026 1254 2104 curabat,
1288 2036 1357 2089 et
1383 2026 1711 2089 lauticias
1743 2044 1827 2089 ac
1859 2028 2233 2107 pecuniam
2263 2036 2333 2090 et
2363 2043 2568 2089 suum
2597 2026 2948 2089 medicum
2972 2025 3064 2088 ad

600 2152 761 2197 eum
790 2134 1145 2211 mittebat;
1178 2131 1329 2213 ejus
1357 2134 1571 2197 etiam
1600 2135 1949 2214 colloquio
1982 2134 2333 2197 interdum
2361 2134 2693 2197 utebatur
2731 2145 2802 2195 et
2851 2151 2940 2195 ex
2979 2150 3063 2195 eo

599 2260 675 2303 se
703 2240 1049 2321 proficere
1078 2240 1549 2303 existimabat.
1582 2238 1723 2305 Sed
1755 2258 1882 2320 per
1911 2241 2090 2304 haec
2113 2258 2275 2303 cum
2298 2258 2428 2303 nec
2453 2242 2608 2320 ipsa
2633 2256 3066 2320 magnopere

598 2349 942 2429 proficere
981 2349 1114 2428 ipsi
1147 2348 1539 2427 videretur,
1571 2366 1700 2411 nec
1732 2348 1825 2411 ad
1855 2365 1972 2411 res
2001 2348 2378 2413 Societatis
2428 2347 2958 2428 promovendas
2988 2363 3064 2409 se

598 2456 980 2519 admodum
1010 2456 1428 2533 extendere,
1463 2456 1738 2535 reliqua
1769 2455 2009 2518 omnia
2051 2456 2583 2519 benevolentiae
2619 2471 2793 2534 erga
2830 2454 3064 2533 ipsum

598 2564 803 2643 signa
834 2561 1358 2642 quodammodo
1388 2562 1523 2642 ipsi
1546 2564 1843 2626 molesta
1866 2574 2103 2641 erant,
2132 2573 2200 2625 et
2224 2562 2458 2642 potius
2479 2561 2567 2624 ad
2593 2559 3066 2624 recedendum

595 2669 959 2733 Florentia
992 2687 1154 2732 eum
1184 2670 1585 2733 invitabant
1616 2687 1830 2749 quam
1860 2669 1952 2733 ad
1983 2669 2432 2743 manendum;
2471 2685 2661 2745 nam,
2688 2668 2876 2747 quod
2908 2669 3064 2729 atti-

597 2788 713 2839 net
744 2776 833 2839 ad
866 2776 1190 2840 eamdem
1243 2775 1395 2839 Deo
1439 2775 2096 2851 commendandam,
2143 2788 2349 2838 extra
2379 2774 2528 2854 ejus
2559 2775 2944 2837 dominium
2989 2793 3064 2838 se

596 2901 808 2964 posse
839 2883 1078 2946 facere
1103 2882 1491 2963 judicabat.

715 2991 856 3053 340.
948 2990 1191 3054 Tertia
1248 2991 1358 3053 die
1401 2988 1713 3069 Augusti
1755 3006 2016 3067 magna
2058 2990 2371 3053 laetitiae
2417 2990 2624 3068 signa
2662 2989 3065 3053 Florentiae

596 3100 1015 3175 edebantur,
1050 3114 1214 3160 cum
1244 3098 1594 3177 perlatum
1623 3109 1811 3159 esset
1834 3097 2223 3159 exercitum
2251 3095 2436 3158 Petri
2462 3096 2714 3159 Strozii
2741 3115 2780 3159 a
2805 3097 3060 3161 Caesa·

598 3206 849 3283 rianiS,
883 3221 1045 3267 cum
1073 3203 1328 3285 quibus
1354 3204 1548 3267 acies
1578 3202 1600 3233 ’
1630 3203 1854 3266 Ducis
1881 3202 2283 3266 Florentiae
2310 3202 2731 3281 conjunctae
2755 3204 3060 3283 fuerant,

595 3312 893 3375 feliciter
922 3312 1141 3376 fuisse
1173 3310 1629 3391 profligatum
1652 3309 1696 3372 ³.
1725 3309 1903 3374 Cum
1928 3321 2163 3373 autem
2187 3310 2261 3373 P.
2282 3310 2571 3391 Laynez
2603 3310 2876 3374 Ducem
2903 3329 3066 3374 cum

682 3520 695 3549 ¹
756 3516 841 3561 “Ci
862 3516 1025 3561 clamo
1046 3516 1320 3571 rallegrati
1342 3517 1427 3559 nel
1448 3514 1664 3567 Signore
1686 3526 1781 3559 con
1802 3518 1847 3559 le
1868 3514 2096 3569 primitie
2114 3516 2293 3558 offerte
2315 3517 2364 3559 al
2383 3515 2599 3570 Signore
2621 3519 2704 3570 pel
2725 3516 2779 3559 P.
2795 3516 2945 3561 Mtro.
2968 3518 3066 3561 Do·

596 3590 811 3633 menico.
828 3583 1041 3633 Piaccia
1063 3589 1170 3632 alla
1189 3598 1283 3631 sua
1305 3586 1499 3631 Divina
1520 3586 1721 3631 Maesta
1739 3588 1875 3631 farlo
1895 3598 1986 3631 suo
2008 3598 2136 3630 vero
2159 3594 2210 3630 et
2233 3587 2586 3631 inconfusibile
2609 3587 2890 3641 ministra„
2913 3590 3065 3641 ,ioan-

598 3672 689 3704 nes
712 3660 979 3715 Philippus
1001 3659 1141 3707 Vito.
1160 3670 1228 3702 ex
1248 3670 1395 3711 com..
1418 3658 1563 3702 Patri
1598 3657 1858 3703 Ludovico
1879 3659 1941 3701 de
1967 3658 2225 3702 Coudreto
2245 3660 2272 3701 7
2291 3658 2411 3711 Julii
2435 3660 2553 3704 1554.

677 3734 699 3765 ²
753 3731 945 3776 Incerti
965 3742 1140 3775 sumus
1158 3741 1229 3775 an
1248 3731 1413 3781 acies,
1431 3741 1499 3774 an
1520 3730 1642 3785 quid
1662 3730 1827 3774 simile
1850 3731 1904 3773 in
1923 3742 2018 3773 ms.
2040 3729 2126 3774 sit.

678 3805 701 3835 ³
755 3802 992 3847 “11Duca
1023 3808 1219 3856 quanto
1238 3812 1335 3846 con
1364 3808 1506 3846 tutta
1536 3803 1587 3845 la
1620 3812 1717 3845 sna
1736 3813 1887 3854 casa,
1909 3813 1936 3843 e
1959 3809 2100 3845 corte
2121 3803 2256 3846 fosse
2285 3804 2408 3845 lieto
2429 3802 2478 3846 di
2509 3806 2650 3846 cotal
2671 3803 2886 3847 vittoria
2919 3816 3017 3848 non
3037 3816 3065 3847 e

598 3876 665 3920 da
686 3875 1029 3926 demandare.
1050 3874 1353 3917 stimandosl
1384 3872 1479 3916 che
1511 3884 1603 3926 per
1624 3873 1869 3925 consigno
1900 3883 1992 3915 suo
2024 3874 2067 3916 si
2091 3872 2224 3915 fosse
2251 3875 2400 3916 vinta
2433 3876 2487 3917 la
2513 3876 2780 3927 gion-nata:
2803 3875 2896 3917 che
2929 3876 3066 3919 forse

597 3946 973 3991 discostandosi
994 3946 1031 3989 ll
1050 3956 1235 3999 campo
1255 3955 1398 3989 come
1422 3946 1612 3989 volevn
1632 3944 1743 3988 fare
1766 3945 1801 3987 il
1820 3943 2088 3987 Marchese
2103 3976 2115 3996 ,
2134 3956 2233 3987 non
2249 3946 2467 3988 sax-ebbe
2485 3952 2766 3989 avvenuto.
2781 3945 3067 3991 IlMarche-

596 4030 651 4063 se
681 4024 821 4064 tosto
848 4019 945 4062 che
979 4018 995 4063 i
1018 4018 1191 4062 nimici
1220 4018 1403 4061 furono
1424 4017 1474 4060 in
1496 4017 1671 4071 plega.
1692 4028 1719 4059 e
1742 4018 1793 4060 la
1822 4028 2076 4071 speranza
2099 4024 2242 4059 certa
2265 4016 2402 4060 della
2423 4016 2643 4061 vittoria
2663 4018 2699 4061 li
2729 4019 2916 4061 mando
2938 4018 3065 4063 Pan·

598 4092 733 4135 doll'o
756 4092 825 4136 da
846 4090 1073 4134 Ricasoli
1102 4090 1185 4133 col
1216 4089 1383 4144 primo
1402 4090 1600 4143 anniso,
1624 4100 1651 4130 e
1680 4099 1809 4143 poco
1831 4089 1916 4142 poi
1951 4086 2194 4132 Ernando
2215 4088 2424 4141 Sastre‚
2446 4089 2482 4133 il
2503 4090 2655 4142 quale
2684 4090 2804 4143 ogni
2823 4100 2948 4133 cosa
2977 4092 3066 4135 ha·

598 4174 733 4207 veva
754 4163 964 4215 veduto,
986 4174 1013 4205 e
1045 4162 1081 4205 li
1114 4161 1263 4205 (ssede
1296 4161 1609 4215 ragguagllo
1639 4160 1687 4203 di
1710 4166 1845 4203 tutto
1878 4160 1913 4203 il
1945 4161 2164 4214 seguito.
2187 4160 2243 4203 In
2265 4160 2484 4204 Firenze
2503 4172 2557 4204 se
2587 4172 2652 4204 ne
2673 4160 2784 4205 fece
2818 4162 2954 4207 festa
2983 4170 3064 4207 tre

595 4236 763 4289 giomi
777 4267 788 4287 ,
810 4234 1212 4277 rinfrescandosi
1232 4234 1285 4277 la
1305 4232 1554 4276 memoria
1574 4232 1658 4275 del
1688 4232 1854 4285 primo
1876 4233 2057 4286 giorno
2078 4232 2125 4274 d·
2144 4232 2345 4285 Agosto
2366 4233 2448 4275 del
2473 4232 2840 4276 Moxxxvn
2861 4235 3065 4288 quando

596 4317 629 4348 a
663 4305 1001 4348 Montemnrlo
1036 4303 1213 4347 farone
1235 4304 1367 4348 vinti
1398 4302 1630 4355 inbelli,
1668 4314 1694 4345 e
1728 4302 1876 4345 Piero
1909 4301 2106 4346 Strozzi
2136 4303 2430 4347 medesimo.
2452 4302 2536 4347 Ma
2569 4310 2753 4358 questa
2772 4305 2990 4349 vittoria
3011 4306 3065 4349 fn

596 4378 681 4430 pin
701 4382 949 4428 onorata,
971 4388 998 4418 e
1030 4376 1323 4430 maggiore,
1346 4375 1605 4419 essendosi
1639 4377 1960 4419 combattuto
1997 4386 2091 4417 con
2126 4376 2174 4417 le
2209 4375 2346 4418 sorze
2369 4375 2417 4418 di
2453 4374 2706 4430 Francia,
2738 4388 2765 4419 e
2791 4378 3013 4420 vintele:
3037 4390 3063 4420 e

596 4460 759 4491 venne
780 4448 873 4492 alli
904 4448 999 4491 due
1020 4448 1070 4491 di
1092 4448 1294 4501 Agosto
1314 4445 1613 4491 M.D.L1111.
1636 4446 1815 4501 giorno
1845 4447 2085 4489 dedicato
2106 4457 2138 4489 a
2160 4446 2322 4489 Santo
2344 4446 2558 4491 stefano
2581 4447 2724 4502 Papa
2738 4461 2750 4502 ;
2774 4450 2826 4492 la
2846 4448 2928 4493 cui
2959 4460 3062 4491 me-

594 4520 759 4563 moria
787 4520 952 4563 hebbe
976 4520 1059 4573 poi
1080 4520 1116 4563 il
1148 4518 1295 4563 Duca
1314 4529 1517 4573 sempre
1549 4518 1601 4561 in
1634 4518 1984 4573 grandissima
2004 4520 2346 4561 venerazione
2361 4550 2371 4567 .
2392 4524 2445 4562 et
2465 4530 2498 4563 a
2521 4530 2668 4563 nome
2691 4520 2740 4563 di
2763 4522 2879 4574 quel
2901 4520 3063 4564 Santo

595 4594 765 4643 (come
786 4600 819 4635 a
836 4602 929 4635 suo
951 4593 1106 4645 luogo
1128 4592 1171 4635 si
1192 4591 1329 4642 dira)
1350 4600 1469 4634 creo
1490 4602 1593 4634 una
1625 4590 1876 4644 religione
1899 4589 1949 4633 di
1971 4588 2234 4633 Cavalieri
2253 4622 2263 4641 ‚
2287 4601 2316 4632 e
2348 4592 2431 4633 nel
2466 4592 2621 4645 luogo
2653 4598 2821 4635 stesso
2843 4592 3010 4635 vicino
3031 4604 3062 4635 a

596 4662 863 4708 Marciano
881 4663 1013 4706 dove
1046 4664 1089 4707 si
1123 4665 1285 4708 hebbe
1318 4665 1459 4707 cotal
1481 4662 1697 4707 vittoria
1720 4662 1829 4706 fece
1859 4663 2032 4705 alcuni
2067 4664 2188 4706 anni
2219 4663 2302 4717 poi
2325 4662 2583 4707 fabricare
2606 4675 2674 4707 un
2695 4666 2888 4719 templo
2909 4676 2940 4708 a
2961 4676 3066 4707 me·

596 4734 761 4779 moria
782 4734 831 4778 di
856 4735 934 4779 cio
954 4736 1317 4789 sempiterna...
1342 4736 1587 4788 Annum,
1612 4735 1790 4778 Storia
1814 4734 1898 4777 αρ’
1918 4736 2038 4777 suoi
2059 4736 2246 4789 tempi,
2264 4735 2351 4778 lib.
2369 4744 2440 4789 xx,
2464 4746 2584 4790 pag.
2604 4736 2701 4779 444.
2723 4737 2775 4781 Ε.
