3742 5392
674 455 778 513 134
1588 456 1845 516 Cimon.
1887 456 2040 516 Soc.
2079 458 2220 531 Jsss.

670 600 817 663 dini
844 618 1095 681 parum
1126 612 1365 665 essent
1401 602 1729 681 idoneae;
1770 620 1847 667 se
1883 611 2126 665 votum
2173 620 2316 666 non
2360 602 2679 667 emisisse
2727 602 3138 684 Hierosoly—

672 724 827 769 mas
856 708 1099 788 eundi;
1132 718 1201 772 et
1231 718 1504 788 tamen,
1540 711 1601 773 si
1630 711 2010 788 emisisset,
2055 726 2350 773 causam
2392 710 2482 773 ad
2531 710 3132 789 dispensationem

673 813 1133 877 sufficientem
1172 815 1402 879 videri
1443 816 1580 879 hoc
1623 816 2048 896 periculum,
2102 824 2174 879 et
2197 814 2374 895 Regi
2395 814 2874 896 Portugalliae
2917 815 3134 879 scribi

674 937 883 999 posse
910 937 1203 985 causam
1242 938 1372 985 cur
1418 923 1552 985 iter
1601 940 1746 985 non
1798 921 2253 1001 confecisset,
2299 939 2444 985 non
2486 932 2726 985 tamen
2761 932 2869 985 est
2900 922 3132 985 visum

671 1025 747 1089 P.
791 1026 1070 1107 Ignatio
1109 1038 1183 1091 ut
1231 1028 1533 1093 Romam
1570 1031 1705 1092 hoc
1746 1048 1936 1093 anno
1975 1027 2270 1108 rediret;
2317 1039 2386 1093 et
2437 1030 2766 1110 quamvis
2816 1028 3132 1109 Collegio

670 1133 950 1199 Veneto
981 1146 1048 1200 et
1088 1133 1436 1200 Patavino
1482 1138 1719 1217 aliqua
1766 1154 2186 1217 suggerere,
2241 1154 2425 1216 quae
2463 1136 2554 1199 ad
2602 1154 2754 1201 rem
2789 1136 3128 1215 facerent,

673 1240 764 1305 P.·
782 1240 1025 1305 Simon
1052 1252 1325 1323 posset,
1354 1244 1722 1307 admonuit
1752 1252 1990 1307 tamen
2014 1261 2141 1324 per
2169 1252 2488 1308 secretas
2516 1244 2788 1307 litteras
2811 1243 2888 1307 P.
2931 1244 3138 1323 Igna·

670 1348 809 1411 tius
830 1347 1205 1413 Rectorem
1238 1349 1593 1414 Venetum
1622 1368 1711 1414 ne
1741 1352 2122 1431 quicquam
2149 1351 2592 1429 immutaret,
2625 1361 2915 1431 propter
2955 1350 3130 1431 ejus-

672 1455 831 1518 dem
862 1454 941 1519 P.
973 1455 1279 1520 Simonis
1302 1458 1671 1522 consilium
1695 1506 1708 1535 ,
1742 1457 1970 1521 donec
1998 1458 2093 1521 ad
2121 1458 2353 1538 ipsum
2373 1457 2675 1521 Romam
2698 1458 3042 1521 scriberet
3065 1467 3136 1521 et

670 1580 1092 1643 responsum
1117 1565 1476 1645 acciperet
1508 1566 1549 1628 ¹.
1583 1564 1673 1628 Et
1704 1582 1866 1627 curn
1897 1564 2274 1629 Anconam
2301 1564 2776 1645 significasset
2805 1582 2882 1627 se
2923 1565 3134 1629 liben-

674 1680 779 1733 ter
806 1670 1323 1751 profecturum,
1356 1690 1446 1735 ne
1475 1671 1547 1735 id
1587 1672 1867 1752 quidem
1910 1669 1984 1735 P.
2030 1672 2310 1752 Ignatio
2357 1672 2734 1753 probatum
2773 1682 2914 1749 est,
2950 1672 3137 1750 quod

672 1777 761 1840 ad
794 1776 1358 1842 aedificationem
1385 1780 1740 1859 pertinere
1769 1777 2068 1843 Romam
2099 1778 2441 1843 accedere
2481 1788 2551 1842 et
2580 1779 2668 1841 ab
2700 1779 2837 1842 hoc
2889 1779 3144 1842 itinere

674 1884 1012 1947 desistere
1042 1885 1402 1949 videretur
1439 1883 1483 1949 ¹.

790 1991 933 2055 269.
1020 1992 1175 2055 Hoc
1206 2001 1523 2072 tempore
1546 2042 1560 2071 ‚
1594 1994 1894 2072 scilicet,
1923 1994 2230 2057 instante
2254 2002 2594 2056 autumno
2613 2042 2627 2071 ,
2660 1991 2750 2055 D.
2777 1993 3028 2056 Petrus
3051 1993 3139 2056 de

674 2098 929 2162 Zarate
950 2099 1296 2163 Venetias
1319 2100 1516 2163 venit
1538 2099 1584 2178 ⁸,
1611 2109 1680 2163 et
1700 2099 1777 2164 P.
1804 2100 2064 2180 Ignatii
2083 2098 2456 2163 litterasD.
2483 2099 2809 2180 Philippo
2837 2098 3146 2163 Archin-

674 2214 778 2284 t0,
815 2204 1019 2269 Sedis
1047 2206 1503 2287 Apostolicae
1534 2207 1595 2270 N
1602 2208 1840 2286 unci0,
1875 2206 2095 2281 dedit,
2131 2207 2384 2287 quibus
2414 2206 2700 2287 negotia
2729 2206 2858 2270 Sti.
2903 2205 3141 2288 Sepul-

675 2313 829 2376 chri
859 2314 1235 2377 tractanda
1266 2331 1309 2376 a
1349 2313 1437 2377 D.
1495 2314 1753 2378 Zarate
1805 2314 2349 2378 commendabat
2399 2312 2445 2392 ⁴;
2492 2331 2690 2392 nam,
2725 2313 2961 2395 quoad
2991 2313 3148 2393 eJus

674 2418 824 2483 fieri
855 2428 1163 2500 poterat,
1215 2419 1369 2500 ejus
1405 2422 1562 2501 pios
1606 2430 1909 2485 conatus
1951 2421 2207 2501 ubique
2257 2437 2680 2501 promovere
2711 2420 2788 2483 P.
2821 2420 3146 2500 Ignatius

674 2525 1035 2607 studebat3
1069 2536 1138 2591 et
1166 2538 1491 2593 amanter
1521 2529 1905 2593 admodum
1936 2528 2124 2592 idem
2153 2526 2544 2592 Archintus
2577 2525 2654 2590 P.
2709 2528 2987 2608 Ignatio
3036 2546 3140 2592 re-

674 2633 959 2714 spondit
980 2644 1051 2698 et
1072 2633 1160 2698 D.
1188 2635 1517 2699 Zaratem
1534 2636 1626 2699 ad
1642 2634 2345 2700 SenatumVenetum
2359 2652 2602 2698 secum
2613 2634 2934 2714 adduxit,
2955 2637 3142 2716 apud

675 2757 883 2820 quem
910 2739 999 2804 D.
1039 2742 1285 2805 Petrus
1305 2742 1391 2805 de
1423 2742 1679 2807 Zarate
1712 2760 1874 2807 cum
1898 2742 2118 2806 verba
2139 2741 2446 2821 fecisset,
2475 2751 2853 2823 postquam
2873 2741 3146 2807 Summi

674 2845 1035 2912 Pontificis
1060 2849 1521 2929 Apostolicas
1545 2851 1821 2913 litteras
1849 2859 1919 2913 et
1944 2850 2124 2914 alias
2151 2850 2409 2929 Legati
2434 2849 2674 2912 veneti
2702 2859 3143 2930 praesentas·

676 2964 803 3034 set,
838 2956 1238 3020 humaniter
1266 2968 1337 3019 et
1369 2973 1531 3019 cum
1560 2957 1938 3021 devotione
1977 2956 2348 3020 videbatur
2379 2964 2725 3036 exceptus
2763 2966 2832 3019 et
2861 2956 3150 3020 auditus

675 3071 803 3125 est.
829 3059 967 3125 Sed
997 3064 1161 3141 quia
1192 3064 1477 3143 negotia
1508 3062 1910 3143 hujusmodi
1959 3064 2219 3127 lentius
2267 3061 2612 3143 progredi
2659 3064 2887 3126 solent
2937 3063 3010 3127 in
3059 3080 3146 3127 ea

758 3339 773 3371 ¹
835 3336 952 3381 Hae
972 3338 1181 3381 litteras
1205 3337 1347 3381 dabit
1370 3336 1523 3381 Nova
1544 3338 1717 3381 series
1736 3338 2052 3382 litterarum
2075 3337 2264 3382 Sancti
2283 3339 2504 3391 Ignatii.

761 3409 785 3442 ¹
838 3408 1070 3461 “Quanto
1092 3412 1124 3451 a
1142 3410 1195 3451 la
1215 3408 1405 3453 venida
1426 3409 1490 3451 de
1510 3409 1778 3461 Anchona,
1792 3410 1944 3453 Ntro.
1964 3409 2133 3453 Padre
2156 3410 2266 3453 dice
2287 3421 2386 3465 qne
2406 3422 2464 3455 se
2483 3412 2554 3455 ha
2574 3410 2863 3454 informatio
2882 3410 3148 3464 diligente-

676 3488 845 3525 mente
866 3492 901 3536 y
925 3492 1021 3535 que
1044 3480 1190 3524 halla
1210 3490 1307 3534 que
1330 3491 1385 3523 es
1406 3482 1511 3525 mal
1541 3480 1676 3534 aire;
1700 3493 1735 3537 y
1753 3482 1904 3525 asilo
1924 3480 2106 3525 nfirma
2129 3482 2353 3526 tamblen
2375 3493 2444 3525 un
2463 3482 2654 3535 amigo,
2677 3493 2772 3537 que
2803 3494 2898 3537 por
2917 3484 3156 3536 aquellas

678 3558 857 3605 partes
879 3552 944 3594 ha
969 3551 1079 3595 sido
1095 3550 1296 3595 vicario
1316 3552 1379 3595 de
1400 3564 1467 3595 un
1489 3551 1695 3606 obispo,
1711 3554 1773 3597 de
1796 3563 2012 3595 manera
2032 3563 2128 3606 que
2150 3553 2314 3596 donde
2331 3552 2398 3595 V.
2415 3551 2477 3596 R.
2491 3555 2650 3597 busca
2671 3554 2906 3607 mejoria,
2923 3553 3150 3597 ballaria

678 3627 725 3667 lo
747 3623 1029 3674 contrario,
1052 3635 1082 3676 y
1106 3624 1374 3676 parescele
1394 3635 1427 3667 a
1447 3622 1599 3667 Ntro.
1622 3623 1789 3667 Padre
1812 3635 1928 3679 que,
1949 3624 1994 3667 ai
2015 3634 2078 3667 en
2099 3623 2329 3668 venecia
2349 3634 2415 3667 no
2433 3636 2490 3668 se
2511 3624 2656 3669 halla
2677 3624 2818 3678 bien,
2841 3636 2938 3678 qne
2957 3626 3152 3679 praebe

678 3706 709 3739 a
732 3693 909 3737 Padua
933 3697 962 3737 ό
992 3692 1242 3745 Bassano,
1264 3706 1361 3748 qne
1398 3706 1455 3738 es
1489 3696 1642 3750 lugat
1662 3706 1789 3738 sano
1810 3708 1843 3751 y
1864 3706 2048 3738 ameno
2083 3696 2130 3738 el
2161 3695 2281 3738 sitio
2302 3695 2364 3739 de
2397 3697 2604 3750 aquella
2631 3701 2846 3739 nuestra
2879 3695 3148 3749 hermita„.

678 3764 950 3819 PolancuS,
974 3776 1041 3808 ex
1060 3776 1205 3819 com„
1228 3765 1377 3809 Patri
1399 3764 1593 3810 Simoni
1616 3765 1931 3821 Rodriguez,
1959 3766 2009 3810 17
2027 3765 2159 3810 Nov.
2179 3766 2558 3810 1554.-—Eadem
2579 3765 2661 3810 die
2691 3766 2976 3820 scripserat
2995 3766 3150 3817 idem,

678 3848 745 3881 ex
778 3848 928 3892 court„
952 3838 1095 3882 Patri
1129 3838 1343 3883 Caesari
1378 3838 1576 3883 Helmi:
1599 3838 1779 3883 “Circa
1813 3840 1931 3893 quel
1963 3842 2188 3893 giovane
2218 3838 2268 3882 di
2303 3838 2354 3881 17
2373 3839 2512 3890 anni,
2531 3838 2767 3882 vedendo
2797 3839 2846 3881 le
2879 3838 3020 3892 parti
3055 3838 3149 3881 che

678 3910 849 3953 scrive
870 3909 937 3952 V.
958 3908 1019 3953 R.
1041 3921 1068 3952 e
1091 3910 1143 3953 la
1164 3912 1385 3954 volunta
1404 3910 1499 3953 che
1533 3921 1731 3954 acenna
1750 3910 2047 3963 Monsignor
2068 3911 2102 3953 il
2125 3910 2305 3953 Priore
2326 3941 2337 3962 ,
2358 3921 2484 3963 pare
2508 3911 2604 3953 ben
2631 3922 2664 3954 a
2684 3909 2830 3953 Ntro.
2857 3908 3026 3953 Padre
3055 3910 3149 3953 che

678 3983 721 4025 si
742 3982 953 4034 accetti,
975 3993 1003 4024 e
1025 3982 1070 4025 si
1090 3984 1245 4035 porra
1264 3983 1463 4025 ritener
1484 3982 1534 4026 dl
1556 3983 1607 4026 la
1628 3984 1679 4026 in
1700 3981 1925 4026 servizio
1946 3982 2083 4025 della
2104 3992 2269 4025 casao
2290 3992 2418 4025 vero
2440 3982 2730 4036 applicarlo
2750 3983 2803 4025 al
2823 3980 3046 4025 servizio
3069 3981 3150 4024 del

685 4052 847 4097 Padi-e
868 4052 1055 4096 Mestre
1086 4052 1286 4107 Simon,
1306 4054 1669 4097 advertendoli
1702 4052 1869 4108 prima
1899 4064 2043 4095 come
2065 4056 2093 4095 e
2113 4054 2178 4105 (il
2198 4052 2254 4096 P.
2278 4052 2484 4105 Simon)
2503 4062 2729 4107 persona
2759 4052 2980 4097 inferma
3001 4064 3028 4095 e
3058 4052 3152 4095 che

680 4126 820 4181 pensi
841 4127 958 4170 fara
978 4128 1137 4169 molto
1156 4127 1380 4171 servizio
1403 4139 1434 4170 a
1456 4126 1552 4170 Dio
1574 4127 1625 4170 in
1646 4128 1815 4181 quello
1837 4126 1934 4169 che
1957 4126 2074 4170 sara
2096 4139 2126 4168 a
2146 4126 2262 4179 lui...

758 4198 780 4227 ···
838 4196 1087 4242 Pervenit
1117 4200 1226 4251 ipse
1247 4198 1439 4241 Zarate
1461 4196 1716 4241 venetias
1748 4208 1924 4240 mense
1957 4196 2266 4250 Novembri;
2291 4196 2545 4240 Venetiae
2573 4194 2710 4239 enim
2743 4196 2930 4240 missae
2955 4195 3000 4239 ei
3034 4202 3152 4239 sunt

678 4270 1062 4323 gratulator-iae
1083 4271 1144 4314 de
1176 4270 1361 4315 itinere
1394 4270 1625 4321 litterae,
1656 4279 1785 4323 quas
1812 4270 1976 4313 habes
2006 4269 2057 4311 in
2081 4269 2274 4311 Carras
2291 4269 2359 4313 de
2379 4268 2492 4313 San
2509 4267 2753 4322 Jgnacco,
2771 4274 2810 4312 t.
2831 4278 2904 4322 rv,
2924 4277 3044 4323 pag.
3071 4268 3161 4311 38⁶

680 4350 730 4385 et
751 4342 848 4386 387.

759 4414 783 4446 ⁴
837 4412 947 4457 Has
968 4412 1159 4468 Ignatii
1182 4414 1387 4458 litteras
1408 4414 1475 4457 ad
1496 4412 1789 4467 Philippum
1810 4412 2120 4456 Archlntum
2139 4422 2241 4456 non
2260 4412 2568 4466 reperimus.
2585 4412 2769 4456 Procul
2789 4411 2941 4455 dubio
2960 4412 3160 4455 similes
3221 4440 3227 4449 .

680 4486 755 4529 eia
775 4492 943 4538 erant,
966 4496 1096 4540 quas
1115 4486 1169 4529 in
1188 4484 1687 4529 commendationem
1708 4484 2325 4529 Archiconfraternitatia
2355 4482 2534 4528 Sancti
2555 4481 2827 4537 Sepulchri
2847 4493 2880 4526 a
2901 4481 3059 4526 Petro
3091 4484 3153 4527 de

682 4556 871 4601 Zarate
894 4557 1259 4609 instituendae,
1283 4556 1423 4599 dedit
1446 4556 1555 4610 lpse
1576 4555 1811 4609 Ignatius
1836 4556 2070 4610 Philippo
2091 4555 2462 4610 Hispaniarum
2485 4553 2709 4608 Principl
2725 4586 2737 4606 ,
2755 4553 2971 4598 Domino
2993 4554 3156 4599 Rode-

680 4630 789 4673 rico
817 4629 973 4681 (Καὶ)
995 4628 1186 4673 Gomez
1206 4630 1269 4671 de
1300 4628 1449 4672 Silva
1469 4632 1523 4671 et
1554 4626 1699 4672 Patri
1730 4626 2013 4672 Francisco
2049 4628 2110 4671 de
2131 4627 2305 4681 Borja.
2325 4625 2460 4670 Vide
2483 4625 2676 4670 cartas
2695 4626 2763 4669 de
2784 4625 2896 4669 San
2917 4624 3156 4679 Ignacto,

682 4708 721 4746 t.
743 4711 814 4753 nr,
835 4712 955 4757 pag.
976 4701 1072 4755 317,
1094 4700 1177 4744 350
1196 4708 1249 4744 et
1268 4700 1369 4744 352.
