3742 5392
702 444 817 503 250
1626 444 1886 505 Cimon.
1925 443 2081 504 Soc.
2117 444 2262 518 Jsss.

702 592 1105 653 ecclesiam.
1140 590 1403 655 Ultimo
1432 599 1671 654 autem
1698 590 1812 654 die
1842 590 2114 671 Aprilis
2135 610 2222 655 eo
2243 594 2470 655 nostri
2491 594 3014 672 migraverunt,
3043 594 3176 663 sed

706 698 1192 761 instaurandis
1246 698 1807 763 habitationibus
1853 709 1925 762 et
1973 700 2239 763 scholis
2285 701 2586 763 multum
2623 717 2888 781 operae
2931 710 3006 764 et
3053 718 3172 765 ex-

706 822 1087 884 pensarum
1128 813 1198 869 et
1234 806 1578 885 temporis
1624 806 2176 885 impendendum
2211 806 2376 885 fuit;
2417 818 2490 871 et
2529 806 2604 872 P.
2647 808 2932 889 quidem
2969 808 3170 888 Igna-

706 912 847 975 tius
872 912 1089 975 etiam
1126 922 1411 975 centum
1446 930 1535 975 ex
1574 913 1839 976 nostris
1883 913 2358 977 habitationes
2406 931 2566 977 esse
2607 914 2974 995 parandas
3009 932 3172 977 cen·

704 1019 939 1097 sebat,
978 1034 1143 1081 cum
1170 1028 1449 1082 tantum
1488 1036 1783 1083 numero
1806 1030 2044 1085 essent
2071 1020 2330 1101 viginti
2349 1021 2492 1085 duo
2509 1070 2526 1100 ,
2553 1032 2836 1101 praeter
2858 1032 3170 1103 quatuor

698 1127 903 1203 alioS,
934 1126 1059 1207 qui
1094 1126 1607 1205 inserviebant,
1658 1145 1751 1190 ex
1798 1128 2056 1208 quibus
2102 1129 2322 1208 aliqui
2373 1128 2466 1193 ad
2511 1128 2938 1193 Societatem
2989 1129 3169 1192 bene

700 1232 936 1296 affecti
962 1244 1189 1296 erant.
1221 1232 1447 1297 Erant
1474 1243 1713 1297 autem
1760 1234 2086 1298 cubicula
2131 1235 2208 1297 in
2253 1234 2546 1299 modum
2583 1236 2872 1315 oblongi
2913 1235 3170 1299 dormi-

702 1340 867 1403 torii
892 1358 987 1403 ex
1014 1350 1311 1420 utraque
1340 1349 1543 1421 parte
1560 1389 1575 1419 ,
1606 1349 1818 1421 prout
1844 1341 2038 1421 apud
2065 1342 2438 1421 religiosos
2459 1342 2680 1406 moris
2713 1354 2844 1405 «Ξῖ.

820 1446 965 1511 546.
1049 1446 1139 1510 Et
1166 1446 1257 1510 ab
1298 1446 1455 1527 ipsa
1492 1446 1916 1511 Nostrorum
1952 1447 2388 1511 habitatione
2431 1447 2790 1528 sejunctae
2829 1449 3012 1513 duae
3049 1448 3170 1512 do·

702 1572 863 1617 mus
888 1564 1095 1617 erant
1120 1570 1267 1617 non
1308 1570 1645 1634 magnae,
1678 1555 1797 1618 ubi
1836 1555 2126 1635 quidam
2171 1555 2337 1619 Dni.
2381 1556 2608 1639 Jonae
2647 1556 3074 1620 Cancellarii
3096 1567 3169 1619 et

692 1661 1001 1724 aliorum
1046 1661 1549 1742 primariorum
1594 1660 1747 1737 filii,
1780 1672 2156 1741 parentum
2181 1672 2476 1741 rogatu,
2521 1663 2819 1726 admissi
2853 1663 3164 1735 fuerunt.

702 1777 779 1831 ut
800 1768 949 1831 suis
970 1768 1067 1830 ibi
1086 1768 1421 1847 expensis
1442 1767 1573 1831 sub
1594 1778 2004 1833 nostrorum
2029 1768 2402 1849 disciplina
2429 1770 2782 1847 viverent;
2801 1778 2876 1833 et
2903 1788 3068 1833 cum
3093 1770 3168 1833 id

698 1876 773 1938 in
794 1874 1105 1953 gratiam
1132 1882 1508 1955 parentum
1529 1892 1952 1939 concessum
1971 1886 2160 1939 esset
2175 1926 2190 1956 ,
2224 1876 2346 1957 qui
2367 1878 2840 1957 periculosam
2863 1876 3167 1940 filiorum

700 1980 1213 2045 institutionem
1242 1981 1433 2061 apud
1478 1998 1863 2061 germanos
1911 1992 2414 2065 praeceptores
2465 1986 2718 2047 merito
2757 1985 3164 2061 censebant,

696 2088 892 2150 velut
912 2086 1188 2150 initium
1202 2087 1559 2166 quoddam
1580 2088 1825 2153 datum
1846 2101 1956 2152 est
1979 2090 2280 2170 collegio
2305 2092 2804 2155 convictorum
2823 2107 2838 2169 ;
2863 2107 3167 2169 quorum

698 2210 1051 2273 expensas
1076 2194 1301 2257 nostri
1332 2203 1583 2256 taxare
1612 2196 2018 2273 noluerunt,
2066 2205 2136 2259 et
2162 2206 2510 2275 rogarunt
2541 2197 3064 2261 Cancellarium
3091 2206 3168 2258 ut

696 2300 881 2379 ipse,
920 2317 1064 2363 non
1102 2300 1345 2364 habita
1382 2300 1659 2363 ratione
1702 2300 2091 2366 industriae
2127 2312 2252 2367 aut
2292 2304 2560 2367 laboris
2597 2312 3030 2381 nostrorum,
3061 2312 3167 2365 ta·

702 2416 909 2469 xaret
938 2422 1311 2483 summam,
1344 2424 1559 2486 quam
1596 2408 1898 2487 singulis
1935 2409 2142 2473 annis
2171 2410 2480 2490 pendere
2510 2410 2772 2490 singuli
2801 2409 3162 2485 deberent,

700 2524 772 2577 et
810 2514 925 2577 ille
942 2561 957 2592 ,
1002 2532 1081 2577 re
1118 2513 1569 2578 considerata
1610 2524 1680 2579 et
1721 2517 2010 2595 collata,
2044 2518 2301 2597 viginti
2341 2534 2472 2581 sex
2513 2517 2823 2581 florenos
2862 2517 3162 2580 taxavit.

704 2618 905 2684 Unus
938 2630 1178 2683 autem
1215 2638 1305 2684 ex
1344 2620 1624 2685 Nostris
1652 2623 1757 2685 eis
1794 2634 2156 2703 praeerat,
2199 2641 2364 2688 cum
2403 2642 2534 2687 sex
2572 2626 2688 2688 vel
2729 2634 3002 2704 septem
3041 2640 3164 2686 nu-

702 2745 901 2791 mero
956 2729 1094 2791 illis
1148 2728 1367 2792 initiis
1418 2738 1693 2792 tantum
1745 2740 2014 2809 essent,
2069 2732 2188 2811 qui
2238 2742 2310 2795 et
2355 2750 2636 2796 morum
2685 2742 2756 2795 et
2802 2730 3166 2812 profectus

700 2836 918 2899 etiam
946 2835 1019 2898 in
1048 2836 1303 2899 litteris
1330 2852 1580 2899 curam
1618 2836 1961 2901 haberent
1993 2837 2036 2900 ¹.
2075 2838 2374 2919 Experti
2401 2849 2565 2903 sunt
2595 2839 2810 2901 etiam
2838 2837 3064 2901 nostri
3091 2837 3164 2899 in

700 2959 890 3005 nova
919 2942 1132 3005 domo
1162 2940 1504 3021 majorem
1534 2944 1982 3007 occasionem
2009 2944 2454 3009 familiariter
2477 2962 2638 3010 cum
2668 2947 2926 3026 populo
2955 2962 3168 3026 agen·

698 3048 795 3122 di,
830 3050 902 3111 in
929 3047 1063 3127 his,
1092 3065 1276 3128 quae
1308 3050 1399 3113 ad
1428 3049 1827 3129 spiritualia
1854 3052 2234 3132 pertinent,
2266 3064 2338 3116 et
2367 3053 2738 3133 augendus
2781 3054 3014 3135 magis
3039 3074 3168 3119 nu·

700 3172 939 3219 merus
968 3164 1373 3219 nostrorum
1398 3156 1647 3219 eadem
1675 3156 1763 3220 de
1792 3176 2014 3222 causa
2044 3160 2442 3224 videbatur.

817 3261 961 3324 547.
1046 3261 1645 3327 Animadversum
1684 3274 1922 3329 tamen
1970 3276 2112 3347 est,
2166 3268 2379 3348 quod,
2433 3285 2598 3332 cum
2648 3285 3072 3332 consensum
3123 3287 3168 3332 a

704 3368 1135 3433 Provinciali
1182 3368 1581 3450 Superioris
1625 3369 2054 3437 Germaniae
2093 3372 2252 3437 Rex
2302 3376 2765 3455 postulasset,
2807 3393 2934 3455 per
2976 3392 3165 3439 erro·

700 3492 853 3539 rem
881 3476 951 3538 id
982 3477 1387 3551 accidisset;
1422 3495 1589 3541 nam
1619 3496 1658 3541 a
1690 3478 2148 3559 Provinciali,
2187 3499 2399 3562 quem
2421 3492 2684 3545 vocant
2713 3480 3162 3557 Generalem,

706 3584 767 3644 is
788 3599 1181 3646 consensus
1218 3586 1559 3663 postulari
1588 3585 1855 3661 debuit;
1891 3586 2350 3651 nihilominus
2379 3588 2600 3668 Regis
2619 3586 3028 3652 Consiliarii
3055 3606 3164 3653 su-

703 3688 1049 3768 perfluum
1082 3689 1151 3753 id
1180 3690 1317 3753 sibi
1344 3691 1571 3755 videri
1610 3690 2088 3770 affirmabant,
2127 3695 2550 3775 praesertim
2589 3696 2652 3758 si
2680 3697 3166 3776 compensatio

706 3796 943 3876 aliqua
972 3796 1143 3877 ipsis
1171 3808 1359 3861 esset
1390 3797 1773 3877 offerenda;
1807 3817 1972 3863 cum
1999 3801 2188 3864 enim
2219 3802 2634 3865 destitutum
2659 3812 2849 3865 esset
2877 3802 3165 3867 omnino

704 3904 1209 3967 monasterium
1247 3921 1290 3966 a
1331 3906 1714 3985 religiosiS,
1756 3906 1849 3971 ad
1889 3906 2290 3988 Principem
2327 3909 2614 3972 devolvi
2654 3909 2806 3990 ejus
2854 3910 3167 3973 collatio-

702 4026 867 4073 nem
915 4011 1329 4085 censebant,
1382 4012 1473 4075 ad
1523 4013 1595 4076 id
1634 4015 1910 4093 saltem,
1955 4024 2034 4077 ut
2077 4016 2236 4079 aliis
2277 4016 2634 4096 religiosis
2675 4033 2981 4080 vacuum
3023 4033 3165 4079 mo·

702 4118 1095 4181 nasterium
1149 4117 1305 4181 dari
1366 4118 1663 4198 juberet.
1726 4120 1967 4184 Nostri
2031 4131 2272 4185 tamen
2329 4122 2418 4184 ab
2470 4123 2624 4203 ipso
2681 4121 3016 4187 Generali
3051 4122 3166 4186 vel

700 4222 991 4287 Summo
1019 4224 1358 4288 Pontifice
1398 4243 1822 4290 consensum
1862 4228 2108 4291 haberi
2149 4230 2474 4292 securius
2515 4230 3065 4306 arbitrabantur,
3099 4237 3169 4291 et

702 4332 803 4394 ita
838 4331 1009 4395 illud
1048 4330 1199 4395 fieri
1234 4334 1601 4396 curabant.
1644 4333 1932 4398 Interim
1977 4346 2216 4399 tamen
2259 4336 2568 4399 ministri
2609 4336 2787 4415 regii
2831 4354 2975 4399 non
3015 4344 3159 4398 tan·

784 4535 803 4569 ¹
856 4536 933 4581 De
953 4538 1050 4581 hoc
1066 4539 1387 4583 convictorio
1406 4538 1615 4593 scripsit
1636 4537 1874 4583 Canisius
1894 4538 1960 4583 ad
1981 4538 2033 4583 S.
2055 4538 2318 4593 Ignatium
2335 4538 2390 4583 24
2410 4539 2684 4594 Aug.1553,
2705 4540 2828 4584 item
2847 4541 2913 4585 ad
2937 4540 2992 4583 P.
3011 4540 3166 4594 Joan·

702 4618 821 4653 nem
840 4608 902 4653 de
924 4608 1166 4663 Polanco,
1189 4610 1241 4653 12
1260 4608 1383 4663 Oct.;
1404 4610 1483 4654 cui
1507 4610 1789 4665 respondit,
1810 4622 1880 4654 ex
1900 4622 2052 4657 com..
2081 4610 2339 4655 Polancun
2371 4610 2422 4655 19
2442 4609 2762 4665 Septembris
2783 4618 2834 4655 et
2855 4611 3090 4665 Ignatius
3107 4612 3166 4656 29

708 4679 1030 4726 Novembris.
