3742 5392
1667 484 1795 542 ΑΝ.
1841 483 1983 544 1554
2998 487 3062 546 11

591 628 898 706 manic0,
933 630 1073 709 qui,
1102 647 1265 692 cum
1294 631 1369 693 in
1391 629 1840 693 inferioribus
1869 630 2331 694 facultatibus
2352 629 2578 694 solida
2600 630 3061 697 fundamenta

584 733 948 814 jecissent;
983 737 1074 799 ad
1105 735 1614 817 proficiendum
1642 738 1714 800 in
1745 738 2229 818 superioribus
2262 739 2491 818 magis
2523 749 2726 800 erant
2752 739 2986 802 idonei
3018 744 3055 804 ¹.

596 840 777 905 Cum
806 853 1042 906 autem
1073 860 1408 906 successu
1439 845 1782 924 temporis
1813 845 2114 922 externi,
2150 827 2273 924 qui
2304 844 2757 924 profecerant
2796 846 2869 909 in
2914 847 3064 927 phi-

593 949 1002 1028 losophiciS,
1038 951 1130 1013 ad
1160 951 1592 1030 theologiam
1624 950 1967 1014 accedere
2002 961 2417 1031 coeperunt,
2448 951 2721 1015 fructus
2751 953 2963 1016 etiam
2988 954 3063 1016 in

594 1057 700 1117 eis
747 1056 1034 1119 uberior
1083 1058 1244 1137 capi
1283 1058 1529 1138 potuit.
1576 1057 1798 1120 Auxit
1840 1066 2080 1122 autem
2130 1058 2389 1120 bonum
2443 1059 2735 1122 odorem
2765 1059 3064 1139 Collegii

593 1173 756 1226 octo
786 1163 1058 1226 dierum
1082 1165 1364 1243 publica
1391 1165 1773 1244 disputatio
1797 1165 1866 1227 in
1902 1166 2164 1245 templo
2187 1174 2459 1243 nostr0,
2486 1167 2617 1228 sub
2640 1165 2851 1229 finem
2872 1184 3064 1230 men·

591 1271 693 1332 sis
739 1269 1104 1333 Octobris:
1160 1271 1392 1334 triduo
1443 1271 1631 1334 enim
1690 1272 2079 1351 positiones
2128 1272 2573 1350 theologicae
2625 1291 2714 1336 ex
2759 1291 2947 1337 novo
2993 1285 3065 1336 et

590 1377 818 1440 veteri
872 1387 1298 1441 testamento
1347 1389 1417 1442 et
1466 1379 1895 1442 scholastica
1941 1379 2302 1458 theologia
2362 1379 2693 1442 defensae
2750 1381 3063 1460 fuerunt;

588 1485 968 1564 quatriduo
1007 1485 1398 1564 positiones
1437 1486 1747 1562 logicae,
1783 1487 2276 1566 philosophiae
2319 1488 2696 1566 naturaliS,
2740 1488 3056 1566 moraliS,

585 1593 1122 1654 mathematices
1153 1603 1223 1654 et
1252 1592 1831 1673 methaphysices
1861 1591 2193 1656 defensae
2222 1592 2539 1672 fuerunt;
2575 1594 2726 1658 dies
2758 1603 3063 1658 octavus

585 1698 961 1761 rethoricis
999 1709 1068 1762 et
1105 1700 1366 1778 linguis
1412 1700 1621 1762 datus
1659 1709 1796 1776 est,
1842 1701 2105 1763 latinae
2144 1700 2437 1777 scilicet,
2486 1717 2790 1779 graecae
2831 1713 2901 1764 et
2940 1703 3059 1765 he·

584 1804 902 1882 braicae3
937 1815 1006 1868 et
1037 1815 1234 1868 tanta
1265 1806 1394 1868 fuit
1425 1807 1937 1886 disputantium
1964 1806 2382 1888 frequentia,
2412 1819 2487 1869 ut
2518 1825 2651 1870 nec
2675 1809 2905 1872 nostri
2926 1827 3059 1872 nec

581 1913 991 1989 collegiales
1022 1911 1435 1976 Germanici
1465 1913 1761 1992 Collegii
1792 1914 2341 1992 argumentandi
2372 1915 2608 1977 locum
2648 1914 3052 1992 habuerint,

581 2019 705 2098 qui
734 2020 1140 2099 praeparati
1183 2020 1496 2096 fuerant,
1531 2020 1594 2082 si
1624 2021 1901 2084 externi
1932 2019 2353 2096 defuissent;
2389 2031 2457 2084 et
2509 2038 2670 2084 cum
2720 2022 3051 2086 adessent

581 2125 720 2188 viri
742 2141 1028 2204 graveS,
1061 2128 1204 2188 late
1232 2137 1476 2206 patere
1505 2127 1739 2208 coepit
1769 2128 1999 2190 bonus
2028 2127 2204 2190 odor
2241 2145 2385 2190 non
2413 2128 2645 2192 minus
2683 2129 3057 2193 doctrinae

584 2249 801 2312 quam
832 2232 1220 2295 modestiae
1262 2233 1770 2312 collegialium,
1805 2234 1928 2313 qui
1956 2233 2345 2314 positiones
2376 2233 2881 2315 defendebant;
2912 2236 3055 2299 sue-

663 2513 682 2544 ¹
741 2512 1022 2557 Occasione
1045 2513 1260 2566 collegii
1281 2512 1709 2556 provincialium
1739 2511 1971 2555 Viennae
1995 2512 2234 2564 instituti,
2257 2513 2320 2556 de
2342 2524 2440 2566 quo
2462 2514 2716 2568 quaedam
2748 2525 2845 2558 non
2878 2516 3057 2559 admo-

580 2586 702 2628 dum
722 2587 860 2628 laeta
884 2585 1099 2629 Romam
1119 2586 1326 2638 perlata
1350 2585 1574 2636 fuerant,
1597 2583 1726 2628 haec
1757 2584 1818 2627 de
1843 2583 2073 2638 Collegio
2104 2584 2415 2628 Germanico
2446 2585 2651 2635 scribit,
2686 2597 2752 2628 ex
2781 2597 2931 2634 com..
2961 2587 3052 2630 Po·

579 2658 774 2701 laneus:
796 2659 819 2680 ⁸
836 2657 876 2700 11
899 2657 1130 2712 collegio
1150 2657 1270 2700 delli
1293 2656 1610 2700 provinciali
1631 2668 1688 2699 se
1709 2656 1844 2700 fosse
1866 2662 2159 2710 governato
2178 2659 2231 2700 al
2253 2656 2401 2700 modo
2421 2657 2470 2699 di
2494 2667 2675 2712 questo
2697 2669 2808 2701 nro.
2830 2659 3045 2704 Germa·

579 2729 714 2782 nico,
736 2729 1097 2772 meritamente
1117 2729 1160 2773 si
1182 2730 1356 2782 potria
1371 2733 1611 2782 aspettar
1633 2730 1800 2772 buona
1823 2729 2053 2780 riuscita,
2076 2740 2218 2771 come
2238 2730 2286 2772 di
2305 2735 2487 2783 questo
2508 2730 2551 2773 si
2570 2738 2779 2783 aspetta
2797 2732 3045 2774 eccellen·
3082 2764 3101 2796 ,

580 2805 651 2853 te,
672 2799 922 2842 tirandosi
945 2805 1277 2842 suavemente
1299 2799 1334 2842 li
1358 2799 1514 2842 animi
1536 2800 1646 2842 loro
1669 2801 1774 2843 alla
1796 2799 1939 2853 pieta
1960 2806 2013 2843 et
2033 2799 2392 2842 accostandosi
2413 2801 2464 2843 al
2488 2806 2641 2853 gusto
2659 2800 2792 2843 delle
2815 2813 2931 2844 cose
2951 2801 3059 2856 spi—

581 2871 993 2925 ritua113perche
1015 2869 1139 2916 tutti
1160 2873 1297 2926 loro,
1319 2883 1418 2915 non
1449 2872 1665 2916 essendo
1693 2872 1911 2926 obligati
1948 2883 2109 2914 senon
2142 2883 2243 2914 una
2280 2872 2425 2915 volta
2458 2873 2492 2916 il
2530 2883 2693 2926 mese,
2730 2874 3055 2918 volontaria—

579 2949 752 2988 mente
774 2946 819 2988 sl
837 2955 963 2987 sono
985 2943 1168 2988 ridutti
1189 2955 1222 2986 a
1241 2943 1551 2988 confessarsi
1573 2945 1692 2997 ogni
1715 2944 1998 2987 settimana
2018 2952 2071 2986 et
2094 2944 2237 2986 molti
2257 2943 2305 2986 di
2326 2946 2433 2986 loro
2452 2945 2611 2987 etiarn
2633 2946 3045 2996 communicarsi,

577 3021 634 3060 et
654 3015 776 3059 nelli
800 3017 1016 3059 costnmi
1039 3017 1194 3060 fanno
1215 3027 1314 3060 non
1337 3026 1520 3058 manco
1541 3015 1704 3059 frutto
1726 3015 1819 3058 che
1839 3015 1973 3059 nelle
1996 3016 2186 3068 littere,
2210 3023 2261 3058 et
2282 3023 2429 3058 tanto
2455 3016 2489 3059 li
2510 3016 2738 3060 scholari
2762 3017 2811 3059 di
2835 3017 3049 3060 Theolo-

577 3089 670 3144 gia
689 3095 880 3143 quanto
902 3089 1020 3132 dell·
1041 3090 1176 3132 altre
1197 3089 1397 3132 faculta
1430 3087 1662 3131 inferiori
1684 3088 1854 3132 danno
1877 3089 2037 3132 molto
2072 3089 2241 3131 buona
2277 3089 2642 3143 espettatione;
2664 3089 2854 3143 perche
2880 3091 2930 3132 la
2954 3090 3057 3132 fre-

582 3161 914 3215 quentatione
936 3162 988 3204 di
1010 3161 1171 3204 sentir
1193 3161 1226 3204 il
1249 3162 1410 3204 verbo
1430 3160 1607 3204 divino
1630 3169 1680 3204 et
1701 3162 1751 3203 lo
1773 3161 2058 3204 aecostarsi
2082 3161 2172 3203 alii
2195 3161 2510 3204 sacramenti
2527 3167 2579 3204 et
2610 3161 2645 3205 il
2673 3163 2837 3205 buono
2863 3173 3054 3205 essem-

578 3235 664 3288 pio
684 3240 737 3276 et
759 3233 1152 3278 conversatione
1174 3233 1296 3276 delli
1327 3233 1491 3276 nostrl
1523 3233 1742 3276 bastano
1766 3243 1858 3284 per
1892 3233 2075 3276 ridurli
2116 3234 2168 3275 al
2202 3238 2344 3276 stato
2379 3233 2473 3275 che
2508 3234 2575 3277 ho
2608 3233 2783 3286 detto,
2818 3234 2902 3276 del
2931 3236 3054 3288 quai·

579 3315 740 3350 erano
760 3305 928 3358 prima
949 3307 1110 3348 molto
1129 3304 1357 3357 discost13
1381 3315 1464 3347 ma
1483 3305 1522 3347 11
1551 3303 1785 3358 Collegio
1815 3305 1937 3348 delli
1970 3304 2285 3348 Provinciali
2317 3305 2367 3348 dl
2398 3305 2615 3348 Austria
2646 3305 3041 3359 intendiamo...„

581 3377 726 3421 Patri
747 3377 810 3419 de
831 3375 1027 3432 Lanoy,
1043 3377 1073 3420 2
1091 3376 1326 3428 Januarii
1349 3376 1550 3428 1554(1n
1575 3375 1822 3430 Regesto,
1843 3377 1927 3418 sol.
1952 3375 2021 3428 22,
2042 3376 2165 3420 olim
2193 3377 2247 3419 28
2268 3376 2343 3418 v.⁰
2364 3383 2445 3420 est
2479 3377 2616 3420 1553
2630 3388 2649 3426 ,·
2680 3378 2769 3420 sed
2793 3389 2941 3420 error
2960 3377 3043 3420 hic

578 3449 629 3492 in
652 3459 800 3503 quem
823 3447 976 3491 facile
997 3449 1176 3502 primis
1198 3449 1442 3503 cujusque
1465 3448 1583 3491 anni
1605 3447 1784 3491 diebus
1801 3449 1867 3491 ab
1890 3448 2251 3491 attentissimis
2272 3449 2515 3492 inciditur
2532 3481 2543 3500 ,
2566 3449 2777 3492 evidens
2798 3451 2913 3498 est).
2935 3473 2955 3478 -
2976 3447 3041 3492 Et

578 3519 760 3564 eadem
778 3519 862 3562 die
885 3519 1026 3562 Patri
1049 3519 1272 3563 canisio:
1295 3519 1396 3562 “Le
1417 3519 1514 3562 due
1538 3521 1725 3563 lettere
1747 3519 1799 3562 dl
1820 3519 2111 3563 Nouembre
2132 3527 2184 3562 et
2200 3520 2459 3564 dicembre
2475 3521 2523 3562 di
2543 3519 2607 3563 V.
2628 3520 2686 3563 R.
2707 3521 2773 3564 ho
2792 3520 3047 3564 ricevuto.

575 3591 758 3635 Venne
779 3592 937 3636 etiam
958 3594 1129 3646 quella
1151 3603 1244 3645 per
1267 3593 1300 3635 il
1323 3591 1553 3645 collegio
1577 3591 1908 3644 Germanico,
1932 3593 2083 3645 quale
2114 3593 2181 3636 mi
2202 3603 2355 3646 parse
2386 3593 2527 3636 assai
2559 3594 2609 3635 al
2642 3593 2907 3646 proposito
2938 3593 3054 3636 loro

577 3672 631 3709 et
650 3665 804 3709 credo
825 3675 925 3708 non
945 3675 1104 3708 sanza
1127 3666 1288 3708 frutto
1314 3667 1438 3708 sara
1458 3665 1610 3707 letta.
1638 3663 1801 3707 Resta
1821 3665 1917 3708 che
1952 3665 2087 3708 sacci
2120 3665 2375 3718 diligcnza
2403 3666 2455 3707 la
2486 3665 2545 3708 R.
2568 3664 2633 3707 V.
2668 3673 2761 3718 per
2781 3665 3051 3708 mandarci

577 3737 748 3781 alcuni
767 3736 1042 3788 Tudeschi,
1063 3738 1255 3790 perche
1276 3737 1328 3780 di
1348 3748 1449 3791 qua
1472 3737 1506 3780 ll
1529 3736 1694 3790 fauor‘
1716 3737 1766 3780 di
1790 3741 1975 3790 questo
1996 3737 2227 3792 Collegio
2256 3747 2435 3780 cresce
2465 3743 2516 3780 et
2549 3737 2579 3780 l'
2612 3741 2741 3790 opr·a
2773 3737 2816 3780 si
2848 3745 3048 3781 mostra

577 3815 726 3853 tanto
745 3809 947 3864 insigna
969 3814 1021 3852 et
1042 3809 1355 3851 honoreuole
1377 3809 1490 3860 che,
1513 3809 1652 3851 oltra
1672 3807 1710 3850 il
1739 3808 1995 3862 principa!
2026 3807 2123 3851 fine
2155 3809 2235 3852 del
2265 3807 2437 3851 diuino
2467 3809 2688 3851 seruizio
2706 3840 2717 3860 ,
2747 3819 2873 3862 pare
2904 3809 2941 3852 il
2969 3820 3052 3852 se·

574 3881 822 3925 cundario
843 3880 961 3923 dell·
981 3881 1174 3923 honore
1197 3881 1291 3923 che
1313 3880 1380 3922 ho
1401 3880 1546 3923 detto
1561 3890 1713 3923 mona
1731 3880 1918 3934 assat„

653 3951 888 3996 Litterae
910 3958 1102 4005 autem,
1125 3963 1254 4006 quas
1277 3951 1514 3995 canisius
1538 3951 1679 3995 dedit
1711 3951 1938 3995 Polanco
1972 3963 2145 3996 mense
2178 3951 2449 3995 Decembri
2484 3952 2615 4007 1553,
2638 3959 2691 3994 et
2727 3953 2881 4005 aliae,
2912 3962 3049 4006 quas

569 4025 668 4068 sub
688 4023 824 4068 idem
845 4033 1044 4078 tempus
1066 4023 1276 4077 scripsit
1298 4021 1608 4067 Germanico
1631 4023 1878 4078 collegio,
1902 4023 2116 4077 periisse
2137 4024 2397 4076 videntum
2430 4035 2527 4066 non
2550 4023 2683 4065 enim
2717 4034 2807 4066 eas
2841 4023 3044 4075 profert

571 4096 998 4148 diligentissimus
1019 4095 1428 4138 Bnauxsnenoan
1453 4095 1502 4138 in
1526 4106 1697 4149 opere,
1721 4095 1854 4150 quod
1875 4107 2006 4138 nunc
2038 4095 2143 4138 edit
2159 4129 2169 4148 ,
2205 4095 2411 4139 canisii
2433 4093 2718 4147 Epistulae
2741 4097 2791 4137 et
2820 4095 2973 4147 Acta,
2991 4103 3050 4139 et

571 4177 668 4210 nos
690 4177 780 4210 eas
799 4167 977 4211 nullibi
1001 4167 1319 4210 offendimus.

657 4237 786 4282 Vide
809 4239 966 4282 etiam
987 4239 1039 4282 in
1061 4237 1251 4282 Cartas
1272 4239 1338 4282 de
1356 4238 1466 4282 San
1487 4237 1725 4292 Ignacto,
1746 4245 1780 4281 t.
1803 4249 1875 4292 tv,
1899 4249 2018 4293 pag.
2039 4239 2115 4281 4-7
2135 4247 2187 4282 et
2208 4237 2403 4290 409-111,
2428 4238 2635 4281 litteras
2666 4237 2850 4290 quibus
2872 4237 3045 4282 Colle·

569 4312 644 4364 gii
681 4310 978 4354 Germanici
1012 4317 1183 4354 status
1215 4311 1544 4364 describitur,
1581 4321 1796 4364 quarum
1833 4311 2134 4354 litterarum
2172 4311 2439 4364 exemplar
2475 4319 2592 4352 cum
2628 4307 2773 4352 Patri
2812 4309 3051 4353 Adriano

567 4381 967 4434 Adriaenssens,
989 4389 1043 4425 ut
1065 4389 1118 4425 et
1140 4382 1364 4426 caeteris
1385 4379 1763 4436 Superioribus,
1786 4382 2019 4425 mitteret
2043 4381 2315 4432 Polancus,
2339 4381 2469 4424 haec
2491 4381 2685 4424 alebat:
2707 4379 2884 4424 “Mitto
2906 4381 3045 4425 litte·

566 4467 660 4498 ras
679 4455 742 4497 de
763 4453 994 4507 collegio
1015 4453 1322 4498 Germanico
1345 4463 1579 4507 agenteS,
1602 4465 1731 4507 quas
1754 4454 2027 4497 ostendere
2050 4459 2225 4508 posset
2250 4452 2315 4495 V.
2339 4452 2398 4495 R.
2427 4452 2695 4495 iuvenibus
2717 4454 2803 4506 qui
2832 4452 2944 4505 apti
2968 4455 3045 4498 ui·

565 4527 826 4570 debuntur
845 4531 904 4569 ut
923 4526 1022 4569 hnc
1043 4527 1336 4578 mittantur,
1359 4534 1413 4570 et
1432 4531 1722 4580 opportune
1745 4526 1863 4579 (sic)
1886 4527 2052 4580 primo
2076 4526 2173 4569 hoc
2196 4537 2319 4569 uere
2342 4525 2676 4568 mitterentur
2710 4524 2761 4567 in
2794 4526 3047 4570 comitatu

566 4609 750 4642 eorum
771 4609 898 4652 quos
916 4598 1016 4641 huc
1035 4599 1244 4642 mittere
1266 4599 1328 4645 de
1351 4598 1544 4642 nostris
1563 4599 1751 4642 statuit
1772 4597 1838 4640 V.
1863 4597 1942 4652 R.,
1965 4605 2058 4642 aut
2079 4609 2327 4642 seorsum.
2352 4603 2408 4640 ut
2428 4597 2705 4640 uidebitur.
2720 4628 2744 4648 „
2764 4596 2791 4638 2
2809 4596 3045 4648 januarii

567 4669 946 4715 iffile-Eadem
969 4670 1078 4713 fere
1099 4671 1359 4715 iterantur
1379 4670 1430 4715 in
1451 4670 1644 4714 litteris
1663 4670 1730 4714 ad
1753 4669 1807 4714 P.
1831 4669 2161 4714 Leonardum
2182 4669 2364 4713 Kessel
2383 4669 2563 4712 eadem
2586 4668 2667 4711 die
2690 4667 2843 4714 datis.
2861 4669 3049 4722 quibus

567 4741 835 4786 adduntur
856 4743 1111 4796 quaedam
1132 4743 1182 4786 in
1203 4743 1394 4787 litteris
1414 4744 1480 4786 ad
1503 4743 1558 4787 P.
1583 4741 1853 4786 Nicolaum
1876 4743 1938 4787 de
1958 4743 2143 4799 Lanoy
2162 4776 2172 4796 ,
2194 4743 2248 4786 2³
2270 4741 2521 4796 Januarii.
