3742 5392
706 504 818 568 356
1630 508 1885 566 Cimox.
1929 508 2079 567 Soc.
2122 510 2261 583 JES.

709 654 804 719 ad
832 654 1178 717 ecclesiae
1210 652 1608 717 aedificium
1648 666 1892 717 mutuo
1934 655 2255 735 dederat,
2298 658 2510 721 rebus
2553 675 2807 738 parum
2834 674 3187 739 prospere

708 760 1276 838 succedentibuS,
1311 777 1396 822 eo
1427 760 1735 841 devenit,
1768 772 1843 824 ut
1875 762 2264 827 creditores
2294 763 2445 845 ejus
2474 766 2659 829 bona
2692 781 3045 845 occupare
3074 764 3181 827 ni·-

710 877 1050 947 terentur,
1107 876 1178 930 et
1232 866 1395 931 inde
1446 865 1710 947 aliquid
1767 870 2134 933 molestiae
2191 871 2417 935 nostri
2472 872 2610 935 sibi
2666 871 3034 935 imminere
3089 872 3164 934 ti-

710 976 1020 1039 mebant.

828 1082 970 1146 762.
1056 1082 1383 1165 Justitiae
1427 1081 1946 1147 administratio
1995 1084 2115 1147 illa
2152 1085 2224 1148 in
2255 1086 2626 1165 provincia
2678 1085 3173 1162 Catalauniae,

710 1199 779 1253 et
808 1191 1024 1254 etiam
1062 1188 1582 1269 Barchinonae,
1624 1191 1973 1255 anteactis
2012 1192 2218 1255 annis
2261 1193 2623 1257 remissior
2661 1192 2915 1271 fuerat,
2955 1208 3176 1271 quam

708 1297 1074 1359 hominum
1104 1297 1384 1359 illorum
1414 1295 1700 1375 ingenia
1741 1298 2147 1376 exigebant3
2180 1309 2249 1361 et
2294 1316 2456 1362 cum
2496 1300 2733 1363 multis
2773 1298 3183 1380 privilegiis.

709 1413 780 1467 et
807 1403 1371 1467 immunitatibus
1399 1403 1570 1466 urbs
1598 1403 1718 1465 illa
1748 1412 1817 1466 et
1842 1405 2219 1483 provincia
2248 1405 2613 1486 praeditae
2642 1414 2901 1484 essent,
2934 1406 3183 1469 omnia.

707 1510 846 1573 hoc
876 1518 1197 1591 tempore
1224 1510 1485 1588 litibuS,
1519 1509 1919 1589 discordiiS,
1944 1510 2393 1592 factionibus,
2426 1512 2643 1577 immo
2670 1522 2741 1576 et
2772 1513 3167 1594 oppressio-

704 1617 914 1681 nibus
949 1634 1037 1681 ac
1088 1616 1488 1681 homicidiis
1538 1617 1749 1697 plena
1789 1628 2017 1697 erant,
2069 1628 2140 1681 et
2187 1636 2331 1682 non
2380 1621 2612 1683 solum
2652 1620 2725 1682 in
2772 1619 3181 1697 itineribuS,.

705 1726 834 1789 sed
863 1726 1078 1789 etiam
1105 1725 1181 1788 in
1209 1724 1348 1789 viis
1377 1731 1448 1787 et
1473 1724 1726 1805 plateis
1769 1725 1987 1804 urbis,
2037 1725 2254 1789 immo
2300 1735 2369 1790 et
2397 1726 2470 1789 in
2498 1726 2811 1807 propriis
2842 1726 3181 1790 domibus.

702 1833 906 1925 ieves
935 1832 1024 1896 ob
1055 1848 1314 1896 causas
1356 1831 1734 1895 crudeliter
1762 1832 2086 1895 homines
2120 1833 2585 1913 necabantur;
2626 1843 2695 1897 et
2734 1833 2807 1896 id
2837 1833 2909 1896 in
2947 1850 3169 1898 causa

707 1950 867 2004 erat
896 1946 973 2003 ut
999 1938 1408 2017 concioneS,
1439 1937 1973 2002 exhortationes
2001 1947 2072 2003 et
2116 1939 2299 2003 aliae
2338 1937 2738 2019 huJusmodi
2778 1939 3188 2004 medicinae-

708 2055 855 2110 tam
892 2045 1103 2125 gravi
1143 2045 1390 2108 morbo
1429 2046 1747 2109 curando
1785 2063 1928 2109 non
1958 2046 2357 2110 sufficerent
2392 2046 2443 2110 ¹:
2476 2047 2601 2110 sed
2638 2046 2899 2110 missus
2935 2045 3171 2111 fuerat

709 2153 841 2218 sub
887 2152 1025 2215 hoc
1065 2160 1383 2232 tempore
1424 2168 1656 2215 novus
1697 2151 2001 2215 Pro-rex
2036 2152 2358 2217 Marchio
2397 2152 2715 2229 Tarifae,
2762 2153 2881 2235 qui
2922 2162 3185 2233 postea-

707 2258 874 2322 Dux
905 2257 992 2321 de
1021 2257 1283 2321 Alcala
1312 2267 1648 2335 vocatuS,
1683 2267 1753 2321 et
1788 2257 1909 2322 diu
1946 2258 2398 2351 Neapolitani
2437 2260 2643 2339 regni
2672 2258 2971 2323 Pro-rex
2998 2260 3183 2322 exti2

707 2367 790 2429 tit
819 2374 864 2426 ².
899 2364 1035 2429 Hic
1066 2382 1228 2429 cum
1253 2362 1567 2445 justitiae
1596 2366 1826 2429 zelum
1853 2383 2001 2430 non
2022 2366 2451 2430 mediocrem
2473 2366 2789 2446 haberet,
2818 2366 3180 2430 acriorem

706 2472 1156 2551 medicinam,
1209 2480 1284 2535 ut
1334 2471 1730 2551 oportebat,
1782 2471 1893 2536 his
1942 2472 2150 2536 malis
2188 2472 2533 2553 adhibuit,
2579 2481 2650 2536 et
2689 2471 2999 2553 quotidie
3043 2490 3183 2552 per·

701 2578 1016 2660 justitiae
1047 2578 1502 2642 severitatem
1531 2594 1650 2642 res
1677 2581 2091 2658 praeclaras
2132 2580 2452 2659 gerebat,
2496 2588 2566 2643 et
2613 2579 2715 2642 illi
2764 2580 3040 2643 civitati
3082 2596 3181 2643 ac·

703 2686 1120 2769 provinciae
1150 2686 1755 2765 pernecessarias;
1791 2695 1861 2749 et
1891 2687 2011 2763 ita,
2048 2695 2355 2767 purgata
2394 2704 2481 2749 ea
2520 2686 2810 2765 regione
2841 2703 2884 2748 a
2917 2687 3181 2766 spiniS„

703 2812 946 2859 semen
977 2793 1179 2856 verbi
1209 2791 1345 2856 Dei
1375 2801 1445 2855 et
1487 2801 2101 2857 sacramentorum
2143 2792 2543 2856 uberiorem
2581 2792 2893 2857 fructum
2930 2810 3167 2874 repor-

701 2910 1016 2965 taturum
1045 2915 1204 2963 esse
1236 2898 1309 2962 in
1338 2907 1700 2979 posterum
1729 2899 2170 2980 sperabatur.
2205 2898 2537 2979 EJ'usdem
2560 2898 2924 2979 Pro-regis
2947 2917 3165 2982 opera

703 3007 1034 3072 effectum
1061 3016 1168 3070 est
1199 3005 1390 3087 quod
1428 3006 1656 3069 nostri
1694 3004 1960 3069 frustra
2002 3015 2477 3087 tentaverant,
2533 3017 2630 3087 ut,
2683 3006 2975 3086 scilicet,
3028 3024 3183 3089 quo-

702 3125 1022 3195 ternpore
1051 3114 1123 3176 in
1152 3112 1472 3176 ecclesiis
1495 3112 1737 3175 divina
1762 3111 1993 3176 officia
2021 3112 2352 3177 dicuntur
2380 3123 2449 3176 et
2478 3113 2777 3177 verbum
2802 3112 2937 3178 Dei
2968 3132 3183 3196 prae--

705 3223 1007 3299 dicatur,
1041 3220 1286 3283 nonin
1327 3218 1430 3282 eis
1473 3218 1798 3283 homines
1837 3218 1910 3282 in
1956 3237 2241 3284 rumore
2290 3218 2859 3301 deambularent;
2902 3219 3183 3287 frustra

703 3327 1246 3393 concionatores
1277 3335 1527 3389 contra
1557 3325 1747 3388 hunc
1778 3325 2078 3390 abusum
2106 3325 2372 3390 invecti
2392 3326 2696 3407 fuerant,
2720 3344 2854 3391 nec
2882 3327 3185 3407 Episco--
3216 3368 3221 3371 -

702 3453 837 3516 pus
879 3432 1270 3499 remedium
1314 3431 1654 3495 adhibere
1696 3440 2049 3513 potuerat,
2092 3433 2284 3509 quod
2320 3433 2546 3496 nostri
2588 3450 2718 3514 per
2755 3433 3186 3514 Pro-regem

705 3541 1027 3607 adhiberi
1059 3548 1423 3604 curarunt.

820 3646 962 3712 763.
1049 3645 1267 3711 Venit
1297 3644 1822 3710 Barchinonam
1860 3643 1937 3708 P.
1982 3644 2234 3710 Petrus
2276 3646 2365 3710 de
2407 3646 2750 3711 Tablares
2792 3657 2869 3713 ut
2912 3647 2985 3711 in
3028 3646 3183 3727 his„

701 3970 858 4004 nense
879 3958 1127 4013 templum
1155 3966 1256 4000 non
1275 3954 1404 4011 sen
1436 3957 1731 4010 sexcentos,
1765 3962 1822 3999 ut
1845 3955 2004 4000 habet
2034 3956 2119 4000 hic
2151 3957 2426 4011 PolancuS,
2458 3957 2547 4001 sed
2575 3957 2948 4012 septingentos
2977 3970 3184 4003 aureos.

702 4038 882 4076 mutuo
901 4030 1122 4075 dedisse.

779 4103 798 4135 ί
855 4101 951 4147 His
970 4107 1258 4157 congruunt
1270 4110 1402 4155 quae
1417 4100 1579 4144 habet
1599 4099 1936 4156 cicaronem,
1964 4098 2099 4144 Vida
2116 4100 2203 4144 del
2218 4100 2427 4154 grande
2448 4099 2560 4144 San
2580 4100 2871 4146 Francisco
2890 4102 2957 4145 de
2976 4102 3183 4157 Borja„

696 4175 782 4219 lib.
806 4185 862 4227 ιι,
883 4184 996 4228 cap.
1014 4183 1086 4228 xx,
1109 4179 1164 4217 et
1195 4172 1504 4225 Barnaeum,
1527 4170 1774 4215 Historia
1797 4173 1866 4217 de
1888 4171 2177 4222 Catalmla,
2200 4172 2290 4215 ub.
2318 4182 2391 4229 11,
2424 4183 2541 4227 cap.
2570 4183 2626 4215 xx
2655 4178 2707 4217 et
2738 4184 2839 4227 xm
2870 4174 2994 4217 licet
3029 4174 3181 4226 huic.-

695 4247 816 4291 dum
848 4245 1001 4301 hujus
1032 4243 1325 4299 perturbati
1352 4250 1526 4288 status
1561 4254 1746 4288 causas
1779 4244 2016 4299 exponit,
2042 4243 2275 4299 minime,
2306 4250 2358 4287 et
2397 4244 2602 4299 quidem
2636 4244 2784 4299 jure,
2817 4245 3163 4290 assentiretur

696 4318 972 4362 Polaticus.

772 4390 796 4423 ¹
849 4388 990 4433 “Don
1026 4386 1156 4431 Pete
1183 4387 1326 4433 Afan
1357 4387 1420 4432 de
1456 4387 1649 4432 Ribera
1679 4400 1714 4445 y
1735 4386 2134 4438 Portocarrero.
2154 4388 2385 4443 secundo
2417 4386 2660 4442 Mas-ques
2689 4387 2753 4432 de
2784 4388 2980 4442 Tarita,
3012 4396 3180 4433 sexto-

691 4462 866 4507 Conde
886 4461 949 4506 de
969 4461 1047 4505 los
1065 4457 1292 4504 Molaren
1309 4471 1342 4516 y
1362 4458 1694 4503 Adelantado
1725 4469 1908 4513 mayor
1928 4460 1990 4503 de
2012 4460 2329 4515 Andaniam,
2352 4460 2503 4515 virey
2532 4470 2565 4513 y
2598 4458 2814 4513 capuan
2848 4462 3067 4514 general
3099 4460 3162 4503 de

691 4532 976 4586 Catulum,
994 4544 1032 4587 y
1051 4532 1204 4585 luego
1225 4530 1308 4574 del
1341 4530 1488 4575 reino
1517 4532 1579 4574 de
1609 4530 1862 4585 Nepotes,
1883 4531 2139 4586 cumpudo
2172 4532 2436 4575 cabanero
2466 4541 2499 4584 y
2519 4530 2787 4574 denodado
2817 4532 3054 4586 capitati,
3076 4532 3179 4577 fue-

691 4616 787 4660 por
806 4603 1014 4649 merced
1035 4602 1119 4646 del
1150 4600 1231 4646 St.
1254 4601 1366 4659 Rey
1387 4601 1450 4646 D.
1469 4600 1646 4657 Feupe
1667 4602 1717 4645 11
1739 4602 2097 4647 condecorado
2116 4613 2181 4646 en
2205 4602 2310 4647 1558
2329 4613 2424 4647 con
2444 4602 2495 4645 el
2522 4602 2677 4645 titulo
2696 4600 2759 4645 de
2782 4600 2962 4658 Daque
2983 4604 3045 4647 de
3069 4604 3161 4648 Al·

689 4678 825 4722 cala.
847 4676 982 4720 Caso
1002 4685 1098 4717 con
1117 4673 1213 4719 D.·
1232 4672 1436 4717 Leonor
1458 4673 1628 4718 Ponce
1649 4674 1710 4717 de
1733 4673 1877 4717 Leon
1892 4705 1904 4729 ,
1926 4674 2037 4729 hija
2058 4675 2119 4718 de
2139 4674 2218 4718 los
2238 4685 2537 4728 marqueses
2557 4673 2618 4715 de
2640 4670 2781 4717 Lara
2802 4686 2837 4729 y
2856 4674 3062 4719 fallecio
3080 4676 3175 4720 sin.

690 4746 967 4800 sucezion...
987 4744 1220 4799 Euneos,
1241 4744 1449 4789 Blason
1473 4744 1538 4789 de
1561 4744 1806 4799 Eapana,
1825 4754 1861 4788 t.
1884 4756 1919 4791 1.
1942 4755 2058 4800 pag.
2081 4745 2173 4790 159.
