3742 5392
726 507 810 564 64
1652 499 1911 561 Canon,
1952 498 2105 559 Soc.
2146 499 2287 572 JEs.

732 651 986 716 domus
1015 667 1256 714 mense
1285 647 1498 730 Maj0,
1533 665 1715 729 quae
1742 663 1967 727 prope
1994 647 2327 728 plateam,
2370 653 2441 709 et
2476 645 2550 708 in
2592 645 2824 709 medio
2864 643 3089 724 urbiS,
3138 654 3207 708 et

733 776 956 841 prope
984 757 1209 822 Ducis
1236 755 1601 837 palatium,
1636 764 1705 820 et
1733 755 1807 818 in
1837 753 2101 834 optimo
2132 762 2203 817 et
2232 752 2499 816 salubri
2538 759 2702 816 aere
2740 751 2879 814 sita
2917 761 3104 830 erat,
3136 761 3207 815 et

729 867 1022 931 hortum
1050 863 1355 927 habebat
1386 863 1560 927 satis
1590 861 2061 925 commodum.

860 973 994 1037 115.
1082 971 1219 1035 Die
1249 981 1486 1034 autem
1523 968 1664 1032 24.⁸
1700 965 1871 1048 Maji
1910 984 2175 1032 novam
2212 967 2500 1031 domum
2543 966 2771 1030 nostri
2808 965 3205 1030 inhabitare

732 1087 1147 1162 coeperunt.
1201 1076 1438 1142 Amici
1482 1085 1741 1154 autem,
1787 1075 2047 1156 partim
2092 1073 2584 1154 eleemosyniS,
2632 1073 2890 1154 partim
2934 1081 3203 1151 mutue,

734 1187 825 1252 ad
874 1187 1160 1252 domum
1199 1184 1571 1248 emendam
1604 1182 1973 1264 juverunt,
2023 1181 2253 1245 donec
2304 1181 2406 1244 eis
2455 1179 2765 1244 Domina
2813 1178 3042 1243 Maria
3094 1179 3207 1243 del

727 1294 985 1360 Giesse
1013 1292 1439 1357 refunderet.
1471 1290 1794 1356 Ecclesia
1824 1297 2063 1353 autem
2103 1287 2541 1352 ornamentis
2584 1296 2655 1350 et
2692 1287 2905 1350 rebus
2946 1286 3104 1350 aliis
3132 1286 3207 1349 in

729 1403 1000 1466 cultum
1048 1398 1474 1464 necessariis
1523 1397 1700 1461 satis
1736 1397 2086 1460 instructa
2124 1394 2329 1458 nobis
2366 1395 2630 1458 donata
2669 1402 2810 1473 est,
2855 1403 2924 1457 et
2964 1393 3205 1457 statim

727 1510 807 1573 in
843 1527 928 1572 ea
968 1515 1386 1588 suggestum
1427 1505 1676 1569 confici
1715 1513 2077 1582 curarunt,
2125 1520 2215 1566 ex
2250 1519 2393 1583 quo
2437 1503 2735 1567 verbum
2765 1500 2901 1564 Dei
2930 1500 3203 1581 praedi-

731 1616 885 1680 cari
922 1613 1295 1679 commode
1334 1622 1598 1694 posset.
1652 1610 1997 1675 Sacristia
2049 1619 2309 1688 autem,
2362 1626 2545 1689 quae
2589 1608 2987 1673 latitudinis
3028 1606 3205 1688 ejus-

723 1723 892 1786 dem
919 1731 1074 1786 erat
1104 1737 1266 1784 cum
1296 1719 1602 1783 ecclesia
1631 1718 1722 1782 ad
1761 1715 1912 1798 eius
1950 1725 2413 1798 augmentum
2452 1715 2699 1796 cessit,
2745 1724 2817 1779 et
2855 1714 2996 1778 alia
3033 1715 3205 1780 inte-

730 2001 816 2046 del
836 2001 892 2044 P.
915 1999 1159 2044 pascasio
1179 2009 1273 2053 per
1295 1997 1534 2051 Franzia,
1557 1997 1592 2041 ll
1617 1996 1784 2040 Padre
1808 1995 2067 2040 Glovanui
2090 1995 2365 2047 Peletarlo.
2386 1995 2483 2038 che
2503 1995 2557 2038 fu
2587 1995 2625 2039 u
2645 1995 2812 2050 primo
2828 2025 2840 2048 ,
2858 1997 2953 2039 che
2987 1995 3132 2051 quivi
3160 2001 3205 2044 sl

727 2073 984 2117 fei-masse
1005 2081 1099 2115 con
1121 2070 1268 2114 titolo
1288 2068 1340 2113 di
1356 2068 1586 2113 Rettore.
1607 2067 1784 2121 Questl
1807 2067 2099 2112 accasatosi
2117 2067 2255 2110 nella
2270 2071 2513 2111 contrata
2528 2066 2677 2111 detta
2691 2066 2770 2110 de'
2788 2065 2951 2111 Leoni
2974 2067 3017 2112 si
3036 2067 3203 2111 diede-

737 2156 795 2189 ro
817 2154 912 2188 con
929 2143 1090 2187 molto
1111 2141 1298 2195 spirito
1317 2141 1368 2184 ai
1389 2140 1528 2184 soliti
1549 2142 1660 2184 loro
1689 2139 1905 2184 eserclzi
1938 2137 2271 2193 predicando,
2294 2138 2651 2190 confessando.
2682 2144 2734 2182 et
2768 2138 3087 2193 insegnando
3108 2149 3203 2183 con

735 2217 1035 2260 universale
1059 2213 1290 2270 profitto,
1322 2224 1350 2256 e
1376 2212 1837 2268 particolarmente
1865 2212 2005 2255 della
2032 2211 2301 2265 gioventu.
2334 2209 2626 2254 Rlddottesi
2656 2211 2739 2264 poi
2770 2211 2818 2254 le
2850 2209 3037 2255 Citelle
3066 2211 3205 2255 della

734 2287 892 2342 Rosa,
918 2286 1010 2330 che
1034 2286 1173 2330 nella
1192 2285 1336 2329 detta
1356 2289 1597 2329 contrata
1620 2283 1789 2327 vicino
1808 2283 1860 2328 ai
1883 2283 2014 2327 detti
2034 2282 2193 2327 Padrl
2212 2282 2551 2336 habitavano,
2573 2282 2712 2326 nella
2732 2281 2822 2326 via
2838 2283 2897 2326 de
2920 2282 2991 2336 gu
3014 2283 3203 2338 Aug-eli

699 2353 869 2404 lnella
889 2369 1014 2403 casa
1035 2358 1086 2402 di
1105 2356 1378 2410 Fiet-diligi
1401 2355 1629 2410 Banna,
1646 2355 1778 2398 dove
1793 2356 1961 2399 anche
1978 2354 2028 2398 dl
2042 2361 2284 2409 presente
2304 2364 2477 2399 vanno
2497 2353 3202 2407 continovando,1aeclarono

729 2433 898 2475 libera
916 2431 949 2474 ι’
965 2430 1142 2474 antica
1156 2435 1340 2472 etanza
1358 2429 1470 2471 loro
1493 2427 1542 2470 ai
1560 2427 1691 2471 detti
1714 2426 1889 2480 Padri,
1910 2428 2049 2470 nella
2070 2428 2223 2482 quale
2245 2426 2444 2480 passati
2465 2425 2559 2469 che
2581 2427 2762 2472 surono
2781 2428 2849 2471 ad
2870 2428 3129 2483 habitare,
3150 2427 3204 2472 ln

727 2511 1008 2558 progresso
1028 2501 1078 2545 dl
1101 2499 1324 2555 quindicl
1345 2499 1482 2553 anni,
1505 2508 1600 2542 con
1620 2499 1694 2553 gli
1717 2499 1846 2543 alati
1871 2499 1923 2542 dl
1948 2497 2191 2542 Barbara
2213 2498 2259 2541 d·
2280 2499 2500 2544 Austria
2520 2497 2792 2544 Duchessa
2811 2500 2861 2544 dl
2882 2497 3127 2554 Fert-ara,
3152 2499 3203 2543 dl

732 2574 914 2618 Nicola
935 2571 1148 2617 Savana
1167 2583 1260 2616 suo
1281 2581 1413 2626 gran
1433 2570 1790 2624 beneffattore‚
1813 2571 1876 2614 ed
1898 2569 2037 2620 altri,
2066 2571 2276 2616 diedero
2305 2570 2631 2616 felicemente
2663 2572 2915 2628 principio
2946 2572 3055 2616 alla
3084 2582 3202 2626 pre-

727 2653 878 2690 sente
897 2645 1092 2696 chiesa,
1112 2647 1251 2688 sotto
1272 2643 1309 2687 il
1331 2641 1640 2687 Pontificato
1661 2642 1712 2686 di
1734 2641 1827 2686 Pio
1849 2642 2044 2695 Quinto
2063 2674 2074 2693 ‚
2106 2643 2323 2687 essendo
2362 2642 2607 2689 Vescovo
2642 2644 2859 2689 Alfonso
2888 2642 3143 2698 Rossetti,
3173 2655 3200 2687 e

729 2715 944 2762 Gludice
965 2716 1044 2760 de·
1066 2715 1191 2759 Savi
1214 2713 1633 2758 Giovanantonlo
1656 2712 1971 2765 Rondinelli,
1991 2713 2075 2758 nel
2098 2714 2179 2758 cul
2214 2714 2535 2759 fondamenti
2564 2726 2731 2759 venne
2766 2721 2919 2770 posta
2948 2716 3000 2759 la
3029 2714 3199 2770 pietro.

727 2789 977 2844 angelate
997 2799 1030 2832 a
1049 2787 1078 2830 8
1095 2787 1146 2831 di
1167 2785 1478 2839 Novembre,
1499 2797 1592 2840 per
1615 2795 1767 2830 mano
1791 2785 1875 2829 del
1904 2796 2037 2840 gran
2060 2785 2337 2830 Cardlnale
2358 2785 2513 2842 Lulgl
2534 2784 2773 2842 Estense,
2795 2799 2824 2830 e
2844 2787 2925 2831 del
2948 2786 3095 2832 Daca
3108 2788 3205 2831 Al·

725 2861 872 2905 fonso
895 2859 1125 2904 secondo
1144 2857 1307 2902 nostri
1330 2855 1552 2911 Signori,
1576 2858 1712 2900 nella
1733 2859 1887 2912 quale
1910 2858 2178 2912 leggevasi
2204 2860 2257 2902 la
2278 2859 2367 2913 qul
2388 2865 2528 2903 sotto
2547 2865 2730 2903 notata
2749 2857 3067 2904 inscrlzlone.

711 2923 719 2930 ’
810 2931 1062 2987 Aloysius
1084 2928 1396 2974 cardinalis
1417 2927 1668 2972 Estensis
1689 2929 1772 2972 m.
1798 2928 1849 2971 S.
1876 2927 2081 2973 Luciae
2102 2929 2161 2973 in
2185 2929 2348 2974 Since
2368 2929 2662 2984 Diaconus,
2682 2929 2951 2987 Alphonso
2970 2929 3202 2974 Estense

727 3003 1027 3048 Ferrariae
1046 3001 1196 3046 Duce
1215 3000 1290 3045 II.
1311 3001 1464 3045 Anno
1484 2999 1687 3043 Christi
1707 2999 1981 3044 MDLXX.

806 3147 955 3202 „Aua
975 3146 1157 3189 deutra
1179 3145 1318 3189 della
1339 3142 1554 3198 Capella
1575 3144 1844 3198 maggiore
1864 3145 1907 3188 si
1930 3144 2061 3187 vede
2084 3143 2121 3188 il
2142 3145 2417 3200 sepulchro
2440 3145 2490 3190 di

799 3218 1062 3262 Lafranco
1083 3215 1262 3272 Glpsio
1281 3216 1348 3260 da
1369 3214 1530 3270 Lugo,
1553 3216 1649 3259 che
1671 3215 1725 3260 ἰὴ
1745 3215 1933 3259 Rettor
1952 3216 2088 3259 dello
2110 3214 2305 3270 Studio,
2328 3228 2357 3260 e
2377 3219 2537 3263 molto
2552 3224 2706 3272 grato
2724 3219 2776 3262 al
2795 3217 2943 3264 Daca
2964 3216 3191 3262 Hei-cole

726 3289 976 3344 secondo,
997 3301 1025 3334 e
1045 3299 1137 3333 suo
1161 3287 1353 3333 Fattor
1371 3285 1648 3340 Generale,
1667 3298 1761 3342 per
1783 3287 1818 3330 ll
1838 3289 1991 3343 quale
2026 3288 2191 3332 anche
2213 3291 2375 3333 tratto
2412 3289 2548 3334 varii
2572 3288 2870 3344 Magistratl
2892 3323 2905 3343 ‚
2928 3300 3073 3334 come
3110 3289 3199 3333 dal

721 3367 977 3417 seguente
998 3361 1167 3416 elogio
1187 3347 1248 3404 in'
1257 3364 1411 3415 parte
1429 3359 1474 3403 ni
1496 3359 1821 3413 comprende:

1781 3521 1873 3588 D.
1922 3522 2004 3588 O.
2054 3523 2147 3586 M.

1579 3683 1881 3728 Lansranco
1912 3683 2109 3742 Gypslo
2128 3685 2347 3740 Lnglen.

1779 3755 1818 3798 1.
1851 3755 1907 3800 C.
1938 3757 2167 3811 peritiss-

1249 3829 1335 3886 qni
1361 3833 1478 3884 post
1507 3828 1746 3873 Rectoris
1778 3828 2049 3885 Gymnasli
2080 3829 2229 3873 Ferr-
2260 3841 2445 3874 munns
2474 3829 2670 3874 obitum

1608 3907 1845 3956 gestasq.
1879 3911 2015 3945 sum.
2050 3901 2289 3956 integrlt.

1481 3973 1761 4018 nobiliores
1791 3973 1952 4017 totius
1981 3973 2191 4018 ditionis
2210 3980 2444 4028 praetnr.

1672 4052 1937 4100 postremo
1970 4045 2179 4089 Herculi
2208 4044 2258 4088 11

1710 4117 1792 4161 cui
1819 4118 1918 4161 fuit
1948 4117 2222 4171 acceptiss-

1625 4199 1798 4243 magn.
1847 4199 2053 4242 procur.
2102 4195 2311 4233 creatus

1371 4261 1445 4305 1x
1473 4259 1816 4316 Magistratus
1848 4271 1985 4305 anno
2018 4261 2332 4314 prudentiss.
2364 4268 2551 4306 exacto

1427 4339 1616 4378 natura
1645 4323 1803 4377 cessit
1831 4343 1965 4376 anno
1995 4331 2058 4375 D.
2088 4331 2249 4377 MDL.
2281 4331 2343 4376 K.
2373 4333 2489 4386 Jun-

1610 4410 1770 4449 aetat.
1816 4414 1945 4448 vero
1974 4415 2101 4448 snae
2130 4403 2301 4449 XLIX

2090 4513 2331 4567 Gunum,
2360 4513 2394 4558 Ι.
2424 4525 2487 4566 c..
2516 4525 2642 4569 pag.
2673 4514 2873 4592 2154317.

811 4693 910 4739 Hic
928 4693 1256 4808 Latin-angus
1275 4692 1493 4738 maritus
1513 4693 1613 4738 fnit
1633 4691 1832 4738 Mariae
1855 4693 2103 4739 Frassoni
2124 4694 2207 4738 del
2230 4694 2410 4740 Gesso.
2431 4694 2564 4739 Vide
2589 4692 2781 4737 Canas
2800 4694 2867 4738 de
2900 4692 3011 4738 San
3034 4693 3196 4746 Igna·

725 4767 830 4820 cio,
849 4772 892 4810 t.
919 4775 991 4820 tv,
1013 4775 1134 4820 pag.
1183 4765 1223 4808 2.
