3742 5392
1620 492 1748 550 AN.
1794 492 1934 558 1554
2947 494 3020 551 97

540 657 637 702 ac
678 631 1101 719 praesertim
1141 634 1327 715 libri,
1380 628 1838 717 donarentur,
1891 636 2043 702 fieri
2091 656 2298 721 posse
2349 645 2425 701 u't
2483 628 2861 719 collegium
2901 641 3016 702 ad-

515 748 966 809 ·mitteretur.
1016 745 1289 809 Placuit
1336 746 1592 811 Comiti
1642 746 1954 809 conditio
1997 756 2065 810 et
2115 764 2192 809 se
2242 763 2393 809 rem
2443 754 2911 811 tractaturum
2949 757 3019 809 ct

547 853 782 917 eidem
809 852 885 917 P.
917 854 1175 937 Joanni
1202 854 1589 917 Laurentio
1618 871 1745 934 per
1774 852 2069 917 fratrem
2099 870 2305 916 suum
2334 870 2410 915 se
2441 854 3023 917 renunciaturum

554 962 733 1042 quid·
762 961 1223 1025 constitutum
1262 970 1471 1040 esset,
1514 960 1968 1039 significavit;
2013 960 2138 1023 sed
2189 960 2304 1022 ille
2351 960 2362 990 ¹
2405 977 2556 1023 rem
2595 968 2823 1023 totam
2861 978 3024 1025 cum

558 1068 632 1130 P.
665 1067 945 1147 Ignatio
974 1066 1423 1131 tractandam
1451 1066 1837 1147 respondit;
1875 1076 1944 1131 et
1971 1085 2114 1130 non
2145 1084 2412 1147 paucos
2443 1066 2703 1147 optime
2734 1055 3026 1131 affectos

564 1192 740 1254 erga
768 1174 1198 1239 Societatem
1226 1168 1631 1237 Pla'zentiae
1658 1175 1942 1255 reliquit
1971 1174 2016 1236 ¹.

686 1282 823 1345 179.
907 1281 1197 1347 Interim
1227 1280 1393 1344 dum
1422 1282 1539 1345 hic
1568 1280 1643 1345 P.
1675 1283 1989 1364 joannes
2018 1279 2446 1345 Laurentius
2479 1282 2782 1361 collegio
2827 1299 3026 1363 prae-

558 1398 735 1467 erat,
766 1406 859 1453 ex
886 1390 1309 1469 quibusdam
1338 1388 1603 1453 inditiis
1633 1389 2093 1469 deprehendit
2139 1388 2551 1467 religiosum
2578 1388 2796 1453 fuisse
2831 1390 3030 1453 illum

560 1495 937 1575 Venetum,
968 1497 1057 1560 de
1088 1513 1226 1576 quo
1258 1496 1580 1576 superius
1610 1496 1908 1575 egimuS,
1944 1497 2064 1575 qui
2092 1514 2134 1559 a
2167 1497 2241 1559 P.
2269 1496 2644 1559 Pelletario
2676 1496 3030 1585 ad-missus

562 1604 793 1667 fuerat
820 1602 867 1667 ⁸.

688 1710 823 1774 180.
912 1710 1092 1775 Cum
1121 1719 1509 1791 occupatus
1548 1711 1736 1774 idem
1772 1720 1996 1789 esset,
2041 1720 2110 1774 et
2153 1698 2426 1792 alioqui
2461 1712 2756 1775 molesto
2803 1718 3030 1775 catar-

566 1820 693 1883 rho
735 1836 1141 1900 oppressuS,
1196 1818 1553 1882 substituit
1602 1834 1730 1881 suo
1780 1820 1940 1881 loco
1991 1818 2081 1881 ad
2131 1818 2687 1898 praedicandum
2740 1819 3032 1883 fratrem

567 1933 888 1989 nostrum
914 1925 1264 2009 Joannem
1289 1925 1664 2005 Ignatium‚
1698 1926 1816 2007 qui
1844 1926 2055 1990 valde
2087 1926 2159 1988 in
2209 1910 2700 1989 concionando
2741 1927 3030 2007 placuit,

564 2043 636 2097 et
665 2033 1232 2113 expectationem
1262 2034 1473 2113 longe
1502 2033 1867 2113 superavit
1897 2029 1942 2112 ⁴;
1976 2033 2124 2111 sed,
2158 2049 2399 2096 mense
2423 2032 2634 2113 Maj0,
2662 2052 2823 2097 cum
2853 2050 3032 2097 mor-

574 2142 726 2221 buS‚
772 2141 859 2204 de
898 2158 1039 2221 quo
1078 2139 1401 2219 superius
1440 2140 1747 2202 diximus
1786 2136 1831 2215 ⁸,
1874 2138 2188 2203 Mutinae
2239 2124 2662 2217 desaeviret,
2695 2140 3036 2205 intermit-

575 2246 831 2312 tendae
860 2247 1243 2311 conciones
1271 2247 1577 2310 fuerunt.

698 2353 833 2418 181.
921 2354 1317 2434 Episcopus
1346 2353 1768 2417 Mutinensis
1796 2352 2154 2441 quoddam
2194 2354 2573 2433 collegium
2616 2353 3032 2429 viduarum,

554 2462 765 2542 juxta
792 2462 1173 2525 formula-m
1202 2460 1605 2540 primitivae
1635 2460 2010 2538 ecclesiae,
2054 2477 2249 2540 quae.
2274 2478 2418 2524 non
2461 2462 2690 2524 solum
2713 2444 3039 2525 ‘orationi

568 2569 693 2632 sed
734 2579 803 2631 et
851 2567 1135 2648 pietatis
1184 2558 1515 2646 operibus
1558 2576 1933 2645 vacarent,
1981 2552 2347 2630 instituere
2401 2552 2715 2631 Mutinae
2763 2568 3038 2647 volenS,

571 2675 754 2739 DJ*m
802 2674 1296 2739 Constantiam
1341 2672 1855 2737 Pallavicinam
1894 2673 2316 2753 Cortesiam,
2370 2691 2552 2754 quae
2579 2674 2861 2738 fautrix
2903 2676 3040 2739 col-

530 2784 741 2863 ·legii
769 2782 995 2847 nostri
1024 2781 1409 2862 praecipua
1439 2789 1617 2859 erat,
1656 2789 1726 2843 et
1768 2780 1947 2844 alias
1990 2798 2080 2843 ex
2123 2781 2255 2860 his,
2301 2798 2484 2861 quae
2523 2782 2615 2844 ad
2659 2782 3042 2861 collegium

569 2900 913 2967 nostrum,
944 2891 1062 2951 vel
1094 2890 1329 2968 potius
1367 2887 1461 2950 ad
1498 2888 1837 2968 templum
1880 2886 2438 2967 Conversarum,
2481 2888 2760 2969 crebro,
2805 2904 3042 2955 sacra-

574 3006 971 3061 mentorum
1034 3006 1103 3059 et
1150 2995 1353 3057 verbi
1401 2992 1537 3056 Dei
1588 2994 1918 3057 audiendi
1967 2994 2238 3074 gratia,
2295 2994 2728 3058 accedebant
2773 2992 2820 3055 ¹³.
2876 2995 3044 3063 Illae
3129 2990 3132 2992 ’

574 3113 835 3183 autem,
867 3104 1061 3167 nullo
1095 3102 1355 3166 emisso
1384 3110 1576 3178 voto,
1610 3101 1928 3165 laborem
1957 3100 2167 3181 hujus
2197 3102 2434 3181 operis
2460 3102 2562 3183 pii
2589 3120 2732 3165 non
2763 3120 3042 3167 recusa-

662 3362 679 3395 1
738 3362 964 3416 Joannes
987 3360 1316 3406 Laurentius.

659 3435 682 3467 ἱ
735 3434 863 3478 “Del
884 3432 1117 3488 Cunetio
1137 3432 1187 3477 dl
1208 3432 1464 3477 Placenza
1482 3438 1667 3487 questo
1687 3431 1803 3476 diro
1820 3432 1876 3475 in
1893 3432 2156 3485 generale:
2178 3430 2348 3475 chela
2371 3430 2695 3486 campagnia
2723 3438 2903 3479 nostra
2933 3438 2962 3479 e
2981 3434 3048 3478 ri-

580 3508 753 3551 solnta
772 3506 825 3551 di
846 3517 947 3551 non
967 3512 1205 3550 accettar
1223 3504 1461 3559 collegio,
1484 3504 1617 3549 dove
1637 3515 1739 3549 non
1756 3504 1839 3549 sla
1856 3514 1981 3547 cosa
1995 3503 2162 3547 ferma
2179 3514 2271 3558 per
2285 3509 2546 3548 truttener
2563 3504 2731 3549 dodici
2749 3505 2886 3550 della
2904 3505 3048 3551 Com-

582 3578 775 3634 pognia
797 3587 893 3622 con
916 3576 998 3621 dol
1018 3576 1144 3621 altri
1164 3576 1258 3620 che
1278 3587 1519 3629 sernum
1541 3581 1594 3620 et
1615 3576 1802 3619 adesso
1822 3576 1870 3619 ci
1891 3576 1934 3619 si
1955 3574 2260 3619 offeriscono
2282 3575 2370 3629 plu
2397 3576 2604 3631 collegii
2635 3577 2776 3621 assai
2808 3578 2860 3622 di
2891 3580 3048 3633 quelli

580 3652 679 3695 che
698 3652 799 3704 pub
816 3648 1094 3693 abbraciar
1116 3650 1168 3692 la
1188 3647 1524 3703 eompagnia;
1544 3656 1641 3703 pur
1660 3648 1743 3691 col
1773 3654 1946 3701 tempo
1976 3644 2226 3691 fflacenza
2258 3658 2385 3701 pare
2415 3658 2518 3691 una
2546 3648 2677 3691 citt&
2707 3650 3047 3697 conveniente

583 3732 677 3777 per
688 3723 889 3766 havere
908 3731 977 3763 nn
998 3718 1245 3773 collegio,
1268 3725 1320 3763 et
1340 3730 1395 3762 se
1413 3718 1617 3773 qualern·
1634 3728 1736 3763 uno
1754 3719 1799 3763 sl
1819 3718 2044 3769 offerii-a..
2063 3728 2164 3761 non
2184 3718 2402 3773 bisogna
2417 3718 2652 3762 escluder
2667 3729 2762 3763 sua
2777 3721 2947 3765 buono.
2963 3734 3050 3766 vo-

583 3795 745 3847 lunta,
766 3804 851 3837 ma
870 3793 960 3847 pin
980 3799 1155 3845 presto
1174 3792 1394 3835 notrlrla
1416 3801 1511 3834 con
1541 3791 1672 3834 bone
1704 3791 1886 3844 parole
1918 3795 1972 3833 et
2001 3800 2256 3845 speranza
2291 3800 2446 3833 senza
2479 3790 2764 3845 obbliga-si
2799 3796 2926 3847 pero
2952 3806 3050 3839 con

584 3875 873 3921 promessa.
890 3876 948 3907 se
967 3874 1069 3908 non
1087 3864 1132 3908 sl
1152 3862 1460 3907 consultassi
1480 3863 1649 3917 prima
1666 3862 1747 3905 col
1766 3861 2034 3916 superiore
2058 3867 2240 3905 nostro
2261 3866 2313 3905 et
2335 3860 2406 3905 lui
2425 3861 2564 3905 desti
2583 3872 2882 3919 consenso...
2903 3865 3050 3911 Patri

582 3937 767 3990 joanni
789 3936 1090 3991 Laurentio,
1112 3935 1165 3979 19
1182 3934 1321 3979 Maii.

662 4010 687 4045 ⁸
742 4008 875 4053 vide
896 4018 1056 4062 snpra
1070 4039 1082 4061 ,
1104 4018 1225 4062 pag.
1244 4006 1315 4061 59,
1338 4018 1384 4051 n.
1410 4006 1502 4050 102.

663 4083 690 4117 ⁴
740 4081 953 4136 Aliqum
976 4080 1223 4125 tamenin
1242 4090 1305 4123 eo
1326 4078 1805 4133 reprehendendum
1822 4078 1936 4134 ejus
1955 4077 2148 4123 Rector
2163 4076 2510 4133 invenlt,·elve
2523 4079 2575 4123 id
2592 4078 2876 4125 diffidentia
2891 4082 3052 4126 nimia

584 4160 724 4199 emt
742 4154 855 4199 sive
875 4151 1247 4208 praesumptio,
1267 4156 1326 4195 nt
1343 4151 1547 4195 eruitur
1566 4161 1631 4194 ex
1651 4150 1861 4205 litteris,
1882 4160 2012 4205 quas
2031 4150 2100 4194 nd
2119 4150 2284 4205 ipsum
2299 4149 2547 4202 joannem
2563 4150 2824 4205 Iguuium
2839 4152 2954 4207 {pne
2966 4154 3052 4199 de-

584 4227 681 4282 dit,
700 4236 767 4271 ex
787 4237 940 4276 com..
959 4224 1219 4268 Polam-nu
1232 4224 1315 4267 die
1338 4224 1357 4267 1
1389 4222 1865 4267 Decembris.-Hie
1883 4221 2110 4274 joannes
2131 4220 2368 4276 lgnatius
2387 4222 2525 4267 idem
2555 4227 2635 4267 eet
2665 4222 2756 4277 qui
2787 4224 3051 4283 hucusque

585 4298 809 4352 joannes
828 4296 1001 4351 Nieto,
1020 4295 1245 4349 joannes
1264 4293 1468 4347 Gaiam,
1488 4293 1713 4347 joannes
1732 4293 1920 4349 Nepos,
1944 4300 2061 4349 etc..
2081 4294 2253 4338 dictus
2273 4300 2369 4338 est.
2400 4293 2626 4340 Mutavit
2646 4296 2799 4351 enim,
2833 4299 2990 4344 veni·
3021 4310 3053 4347 a

585 4370 642 4414 S.
660 4370 869 4423 lauatio
889 4368 1091 4420 habita,
1110 4376 1393 4421 cognomen
1410 4376 1576 4419 snum,
1596 4366 1733 4411 forte
1752 4366 1876 4421 qula
1893 4366 2030 4410 inter
2049 4366 2230 4411 varios
2249 4366 2428 4411 modos
2463 4368 2648 4421 quibus
2667 4368 3054 4423 appeunt-tur,

586 4442 715 4487 mad
734 4440 895 4486 etim
916 4446 1033 4485 erat
1056 4438 1405 4483 Gtovanneto.
1425 4438 1559 4482 Vide
1578 4438 1788 4484 litteras
1806 4448 1841 4482 ι
1868 4437 2110 4491 Polemo,
2147 4448 2214 4481 ex
2247 4448 2397 4493 com„
2428 4439 2582 4484 datas
2611 4440 2765 4496 hujus
2794 4443 2920 4487 nnn!
2949 4444 3054 4488 ¹⁵54

586 4514 751 4569 initio,
773 4511 1089 4568 praesertim
1108 4522 1239 4566 qun
1258 4510 1407 4556 Patri
1426 4510 1709 4555 Pelleta-io
1726 4508 1871 4554 dedit
1889 4508 1920 4553 8
1937 4508 2112 4554 Martii
2124 4541 2135 4555 .

667 4583 691 4617 ⁸
746 4582 937 4637 snpra,
956 4592 1063 4638 pag
1092 4582 1167 4635 92,
1186 4592 1235 4625 n.
1257 4580 1352 4624 169.
1716 4594 1721 4597 ·

668 4652 694 4686 ⁸
746 4654 947 4700 Desunt
980 4654 1067 4699 hic
1099 4654 1277 4709 aliqua
1295 4656 1478 4709 verba,
1499 4660 1565 4696 ex
1591 4662 1690 4707 cr„
1714 4652 1787 4696 ad
1804 4662 1863 4697 se
1881 4654 2112 4707 vocavit,
2130 4654 2219 4699 vel
2239 4656 2300 4697 ut
2319 4654 2416 4698 hoc
2441 4660 2580 4709 opus
2596 4656 2914 4701 inchoarem
2942 4656 3055 4702 »or-

580 4730 739 4771 <tatus
757 4732 855 4781 est,
869 4728 960 4772 vel
979 4726 1102 4783 qnid
1118 4726 1183 4771 iio
1202 4724 1386 4771 simile.

810 4818 888 4880 T.
930 4836 1016 4878 iv·
2736 4835 2768 4889 7
