3742 5392
1617 477 1744 534 An.
1791 476 1929 535 1554
2890 483 3001 542 547

531 622 724 702 quod
777 631 1027 701 captus
1075 622 1374 702 pedibus
1423 624 1713 702 negotia
1752 633 1959 687 extra
2002 624 2291 688 domum
2333 625 2683 690 conficere
2724 646 2851 709 per
2894 647 2998 693 se-

533 729 764 808 ipsum
793 745 938 791 non
975 739 1248 809 posset,
1290 728 1381 792 ad
1420 747 1604 810 quae
1640 732 2019 794 tractanda
2049 731 2127 793 Ρ.
2174 730 2645 796 Provincialis
2682 736 2997 816 seipsum

533 853 677 899 non
719 836 897 898 satis
938 835 1268 900 idoneum
1312 833 1699 916 judicabat,
1755 835 1830 899 P.
1882 839 2417 902 Emmanuelem
2457 839 2836 922 Godinum,
2878 844 2999 906 ubi

533 943 906 1023 expeditus
936 951 1122 1006 esset
1151 943 1242 1006 ab
1271 961 1358 1006 ea
1386 944 1855 1024 occupatione
1886 946 2435 1010 asserendorum
2466 949 2841 1025 redituum,
2876 951 2997 1031 qui

533 1051 855 1131 usurpati
883 1050 1164 1114 fuerant
1195 1050 1520 1126 abbatiiS,
1555 1050 1873 1130 Collegio
1904 1051 2465 1118 Conimbricensi
2498 1056 2711 1120 unitis
2747 1056 2786 1135 ¹,
2832 1057 2998 1121 huic

533 1158 732 1222 oneri
760 1157 1258 1222 Procuratoris
1285 1159 1699 1238 provinciae
1730 1169 1975 1239 aptum
1997 1159 2310 1224 futurum
2336 1179 2493 1226 esse
2523 1164 2859 1228 censebat
2877 1215 2891 1244 ‚
2928 1177 2997 1229 et

533 1267 634 1328 ita
663 1265 757 1328 illi
791 1265 1247 1328 commissum
1277 1277 1406 1328 est.

659 1372 831 1435 1771.
921 1371 1104 1451 Quia
1133 1371 1212 1436 Ρ.
1243 1371 1519 1436 Natalis
1547 1390 1917 1437 censorem
1944 1375 2053 1437 sui
2076 1375 2451 1439 ministerii
2470 1378 2661 1457 apud
2682 1377 2759 1442 P.
2788 1379 2991 1460 Igna-

531 1481 706 1545 tium
737 1490 884 1544 tam
912 1482 1143 1560 ipsum
1171 1480 1697 1544 Provincialem
1725 1497 1941 1561 quam
1970 1483 2149 1545 alios
2178 1484 2585 1562 superiores
2630 1494 2698 1549 et
2726 1486 2991 1566 profes-

529 1605 650 1651 sos
678 1589 1031 1665 voluerat,
1067 1588 1284 1651 multa
1313 1587 1400 1650 de
1428 1604 1513 1650 eo
1543 1587 1790 1650 scribit
1819 1587 2290 1652 Provincialis
2322 1599 2469 1654 tam
2497 1590 2583 1654 de
2628 1593 2881 1672 spiritu
2924 1605 2993 1658 et

531 1696 736 1758 donis
758 1692 893 1759 Dei
914 1694 987 1758 in
1012 1695 1190 1775 ipSO,
1224 1711 1439 1775 quam
1461 1693 1548 1757 de
1572 1694 1891 1775 perfecta
1914 1695 2400 1760 declaratione
2428 1697 2737 1762 Instituti
2766 1699 2999 1765 Socie-

533 1802 723 1880 tatiS,
757 1811 826 1865 et
855 1801 1182 1865 eumdem
1210 1800 1704 1881 Praepositum
1738 1798 2265 1865 Provincialem
2303 1805 2697 1884 perutiliter
2734 1806 2884 1872 fore
2926 1809 2996 1872 in

530 1908 968 1988 Portugallia
1002 1909 1272 1972 censuit
1307 1907 1350 1970 ³.

653 2015 826 2080 1172.
915 2015 1004 2079 D.
1030 2015 1464 2080 Theutonius
1479 2017 1553 2080 in
1569 2016 1829 2096 oppido
1849 2017 2359 2083 Villaviciosae
2378 2019 2595 2099 (quod
2612 2022 2703 2085 ad
2721 2020 2997 2086 Ducem

527 2123 978 2203 Bergantiae,
1009 2122 1306 2186 fratrem
1335 2122 1516 2203 ejuS,
1551 2123 1907 2203 pertinere
1950 2124 2260 2189 diximus
2298 2123 2345 2204 ³)
2388 2127 2623 2191 adhuc
2660 2131 2994 2194 versaba-

530 2238 667 2304 tur,
701 2230 788 2293 de
816 2247 957 2311 quo
987 2229 1224 2292 socius
1253 2227 1405 2309 ejus
1439 2229 1509 2292 Ρ.
1544 2230 1919 2294 Mauritius
1948 2227 1975 2260 ⁴
2002 2231 2465 2310 admonebat,
2510 2235 2698 2314 quod
2736 2237 2997 2300 multas

530 2338 645 2400 ille
675 2338 949 2400 litteras
977 2335 1068 2399 ad
1099 2352 1252 2416 eos,
1285 2337 1407 2418 qui
1443 2355 1488 2400 a
1516 2335 1874 2401 Societate
1917 2336 2355 2420 defecerant,
2389 2348 2460 2403 et
2489 2341 2577 2404 de
2606 2359 2797 2406 nova
2826 2361 2993 2424 qua-

528 2443 690 2507 dam
719 2441 1074 2508 Societate
1103 2443 1475 2507 condenda
1502 2444 1883 2523 scribebat,
1918 2446 2247 2525 quamvis
2278 2449 2995 2516 communicationem

528 2569 690 2616 cum
718 2552 855 2615 iilis
884 2551 962 2613 Ρ.
993 2549 1268 2614 Natalis
1289 2551 1772 2631 prohibuerat;
1798 2553 1939 2615 alia
1964 2553 2201 2630 etiam,
2228 2570 2410 2632 quae
2432 2555 2846 2634 religiosum
2869 2556 2995 2622 So-

527 2659 804 2723 cietatis
833 2675 1085 2739 parum
1114 2657 1478 2736 decerent,
1521 2658 1879 2721 scribebat
1917 2659 2002 2722 de
2048 2678 2134 2723 eo
2162 2661 2435 2738 socius,
2482 2672 2552 2725 et
2590 2662 2749 2726 ideo
2790 2664 2877 2728 de
2906 2681 2992 2729 eo

526 2766 928 2831 reducendo
971 2765 1044 2829 in
1087 2764 1371 2846 aliquod
1413 2765 1802 2845 Collegium
1847 2766 2064 2846 aliqui
2108 2767 2541 2846 cogitabant.
2592 2769 2665 2833 P.
2716 2769 2993 2836 Natalis

525 2877 890 2939 consultus
929 2874 1203 2938 censuit
1241 2874 1433 2937 nullo
1470 2872 1680 2937 modo
1719 2873 1792 2936 id
1829 2872 2233 2938 faciendum
2272 2891 2429 2938 esse
2470 2894 2557 2939 ne
2588 2877 2747 2940 aliis
2784 2896 2989 2943 noce-

524 2993 654 3046 ret:
687 2982 936 3045 eadem
967 2990 1121 3044 erat
1151 2980 1502 3045 sententia
1531 2980 1943 3058 Infandum,
1976 2979 2194 3060 Regis
2222 2981 2524 3046 fratrum
2545 3031 2560 3062 ,
2601 2985 2720 3064 qui
2750 2995 2990 3050 tamen

522 3107 665 3153 non
695 3089 1090 3153 sentiebant
1118 3105 1280 3152 eum
1311 3087 1611 3151 Romam
1639 3087 1822 3151 mitti
1845 3087 2103 3151 debere
2134 3087 2324 3167 (nam
2346 3089 2433 3152 de
2464 3107 2548 3154 eo
2579 3092 2795 3155 etiam
2826 3110 2989 3173 age-

521 3196 762 3275 batur)
791 3213 882 3259 ne
911 3195 1176 3274 aliquid
1205 3195 1301 3258 ibi
1342 3195 1754 3274 designaret
1801 3211 1878 3257 se
1922 3204 1990 3257 et
2029 3197 2583 3275 consanguineis
2610 3199 2781 3278 suiS,
2813 3200 2991 3265 viris

524 3305 598 3367 in
626 3321 712 3367 eo
754 3302 1004 3383 Regno
1034 3302 1472 3381 clarissimiS,
1513 3317 1770 3381 parum
1799 3301 2093 3381 dignum
2124 3300 2167 3364 ⁸.
2214 3302 2384 3367 Dux
2426 3305 2641 3368 etiam
2680 3305 2988 3387 Bergan-

523 3412 688 3489 tiae,
721 3410 873 3491 ejus
899 3409 1144 3487 frater,
1178 3410 1298 3490 qui
1329 3408 1802 3490 Olyssiponae
1831 3416 1999 3471 tunc
2030 3418 2215 3488 erat,
2246 3419 2522 3474 tantum
2552 3410 2842 3492 majoris
2872 3416 2989 3478 ob·

525 3518 752 3599 sequii
778 3516 918 3581 Dei
951 3518 1304 3582 rationem
1338 3516 1587 3580 haberi
1628 3516 1943 3594 volebat;
1978 3515 2099 3578 sed
2141 3516 2422 3580 demum
2470 3519 2540 3581 in
2572 3519 2995 3600 Hispaniam

523 3628 720 3691 illum
749 3637 819 3690 et
848 3626 1100 3690 deinde
1129 3626 1203 3689 in
1231 3623 1508 3688 Italiam
1537 3623 1955 3687 mittendum
1987 3641 2143 3687 esse
2174 3641 2336 3688 cum
2358 3625 2651 3689 Andrea
2682 3627 2995 3692 Fernan-

524 3733 676 3814 dez,
707 3734 826 3813 qui
855 3752 945 3797 ex
973 3733 1170 3796 India
1200 3731 1500 3794 Romam
1529 3730 1921 3794 destinatus
1952 3730 2204 3809 fuerat,
2250 3732 2483 3796 visum
2530 3745 2637 3798 est
2667 3734 2714 3799 ⁶.

603 4073 620 4104 ¹
681 4071 812 4115 Vide
825 4081 1002 4124 supra.
1015 4081 1137 4124 pag.
1152 4068 1250 4119 508.
1263 4080 1312 4112 n.
1330 4067 1452 4120 1077,
1467 4068 1552 4111 ubi
1569 4075 1744 4111 tamen
1761 4069 1895 4111 hanc
1911 4068 2156 4112 habuisse
2172 4079 2353 4112 curam
2368 4069 2557 4114 dicitur
2570 4071 2627 4114 P.
2644 4071 2830 4116 Petrus
2846 4073 2977 4118 Diaz

601 4143 625 4175 ¹
680 4143 815 4187 Vide
835 4153 1011 4198 supra,
1033 4152 1152 4196 pag.
1173 4141 1270 4192 539.
1291 4147 1465 4184 annot.
1487 4139 1568 4184 539
1591 4139 1655 4182 sd
1679 4149 1727 4182 n.
1750 4139 1866 4183 1157.

605 4215 628 4246 ³
683 4214 817 4258 Vide
849 4225 1024 4268 supra,
1045 4221 1082 4256 t.
1105 4223 1183 4263 m.
1205 4211 1437 4266 pam-¹36¹,
1459 4223 1508 4255 n.
1525 4211 1623 4263 792,
1645 4219 1695 4254 et
1717 4210 1770 4254 in
1791 4211 1889 4254 hoc
1910 4217 2033 4255 tom.
2053 4222 2123 4260 iv.
2144 4224 2262 4266 pag.
2281 4214 2321 4265 4,
2342 4225 2373 4257 n
2399 4213 2517 4257 1157.

599 4285 626 4318 Α
679 4286 736 4329 Ρ.
758 4285 1032 4330 Mauritius
1053 4283 1265 4338 Serpius
1286 4295 1374 4327 seu
1397 4284 1464 4326 de
1486 4283 1680 4338 Serpa.

683 4356 818 4402 Vide
847 4359 1022 4412 plures
1055 4358 1122 4400 ab
1143 4355 1347 4410 ignatio
1383 4355 1500 4400 huic
1522 4354 1812 4399 Theutonio
1834 4356 1989 4399 datas
2009 4355 2217 4400 litteras
2238 4361 2348 4400 toto
2368 4358 2465 4401 hoc
2487 4368 2622 4402 anno
2644 4360 2692 4403 in
2718 4357 2905 4403 Canas
2927 4361 2995 4404 de

525 4433 635 4475 San
659 4429 897 4483 Ignacio,
929 4437 968 4474 t.
989 4441 1059 4472 iv.

601 4499 627 4534 ⁶
685 4501 811 4546 Alis
827 4507 1110 4557 praeterea
1128 4507 1245 4544 erat
1266 4499 1418 4550 ratio,
1435 4510 1568 4554 quse
1589 4499 1772 4554 primis
1793 4499 1948 4554 huJus
1976 4500 2098 4543 anni
2129 4501 2388 4544 mensibus
2410 4499 2669 4554 Ignatinm
2692 4503 2912 4548 detinuit
2930 4514 2996 4547 ne

523 4574 710 4619 Duum.
733 4573 1080 4618 Theutonium
1111 4573 1332 4617 Romam
1363 4579 1636 4616 evocaret.
1655 4573 1776 4616 licet
1799 4583 1826 4615 e
1847 4571 2177 4626 Portugsllia
2205 4573 2521 4616 educendum
2542 4581 2793 4619 censeret.
2824 4577 2847 4598 ⁸
2864 4575 2999 4620 Pars

521 4646 638 4691 Don
664 4646 956 4691 Theutonio
993 4657 1049 4689 se
1082 4645 1280 4689 esci-ibe
1311 4655 1414 4688 una
1443 4645 1582 4688 letra
1597 4677 1608 4698 ,
1643 4655 1776 4700 cuya
1811 4643 1961 4699 copia
1997 4647 2117 4698 aqui
2152 4648 2436 4699 procurare
2470 4645 2535 4688 de
2567 4647 2775 4702 caviat-3
2806 4657 2997 4702 psi-ece

521 4720 684 4775 mej0r
705 4730 802 4774 que
823 4729 887 4763 no
909 4729 1076 4772 venga
1097 4720 1128 4762 a
1150 4717 1312 4762 Roma
1333 4717 1552 4761 estando
1570 4727 1664 4772 por
1685 4719 1784 4760 aea
1803 4715 1955 4760 Mtro.
1976 4715 2166 4772 Simon,
2183 4728 2219 4773 y
2240 4727 2303 4760 en
2325 4716 2562 4760 cordoba
2578 4729 2767 4772 pat-ece
2790 4722 2822 4763 a
2838 4718 2997 4764 Nues-
