3742 5392
1580 472 1707 530 AN.
1754 470 1894 529 1554
2869 473 2974 532 193

498 618 794 682 cebatur
836 618 1048 697 longe
1090 616 1303 680 aliam
1352 616 1546 679 vitae
1595 618 1944 679 rationem
1986 633 2144 680 esse
2194 634 2408 697 quam
2450 616 2649 697 prius
2692 617 2966 682 fuisset.

496 725 723 789 Fama
752 732 995 787 autem
1024 722 1309 787 divinae
1349 723 1651 786 bonitati
1680 722 2035 787 tribuebat
2065 731 2137 787 et
2178 722 2461 802 collegii
2502 723 2732 787 nostri
2767 725 2970 788 mini-

498 832 716 896 sterio
736 881 751 912 ,
805 831 907 894 uti
955 830 1027 895 id
1073 830 1276 894 multi
1326 828 1804 910 affirmabant;
1848 846 2048 907 nam,
2081 830 2214 893 etsi
2261 847 2405 894 non
2452 830 2690 893 omnia
2742 833 2972 896 nostri

496 938 817 1003 facerent
848 938 1074 1017 (erant
1103 938 1293 1000 enim
1322 948 1391 1000 et
1418 937 1541 1001 alii
1568 937 1888 1018 religiosi
1917 946 1987 999 et
2016 936 2503 1016 ecclesiastici,
2537 937 2630 1001 ad
2663 955 2968 1018 quorum

498 1046 841 1111 ecclesias
876 1056 1025 1108 tum
1067 1044 1269 1109 verbi
1311 1043 1446 1108 Dei
1474 1043 1839 1124 audiendi,
1883 1052 2032 1107 tum
2071 1042 2698 1109 Sacramentorum
2749 1048 2970 1109 susci-

500 1153 920 1234 piendorum
951 1168 1192 1231 causa,
1226 1152 1427 1214 multi
1450 1150 2014 1229 conveniebant),
2040 1150 2209 1232 quia
2227 1161 2466 1214 tamen
2489 1150 2972 1216 Messanensis

498 1260 803 1340 Collegii
830 1260 1153 1339 exemplo
1181 1258 1281 1322 illi
1319 1258 1609 1321 excitati
1647 1266 1718 1321 et
1761 1257 2046 1337 impulsi
2074 1256 2547 1322 credebantur
2569 1308 2584 1336 ,
2620 1257 2770 1338 ejus
2804 1277 2970 1340 quo·

501 1385 638 1449 que
665 1368 833 1431 boni
861 1378 1192 1429 auctores
1220 1345 1505 1429 nostros
1534 1382 1689 1427 esse
1720 1364 2161 1428 dictitabant.

621 1474 763 1537 414.
848 1473 945 1537 Ut
983 1482 1221 1536 autem
1257 1470 1609 1554 quaedam
1637 1472 2026 1552 peculiaria
2069 1471 2504 1550 referantur,
2538 1473 2652 1535 vir
2682 1474 2974 1554 quidam

501 1582 781 1659 nobiliS,
817 1599 979 1645 cum
1009 1580 1098 1643 ab
1128 1578 1545 1642 adversario
1575 1578 1975 1659 periculosa
2003 1579 2303 1641 vulnera
2333 1580 2727 1659 accepisset
2750 1628 2765 1659 ,
2798 1598 2968 1645 nun·

501 1706 717 1771 quam
744 1688 932 1751 illius
960 1704 1217 1750 nomen
1245 1686 1472 1748 voluit
1499 1686 1573 1747 in
1596 1682 1939 1764 J'udicium
1968 1684 2265 1763 deferre,
2294 1686 2420 1749 sed
2443 1686 2677 1765 potius
2708 1706 2785 1751 se
2815 1687 2972 1751 Deo

504 1813 633 1877 per
676 1806 1136 1876 peccatorum
1172 1792 1695 1857 confessionem
1736 1800 1806 1855 et
1849 1792 2268 1855 adversario
2311 1794 2776 1857 reconciliare
2827 1805 2966 1858 stu—

509 1903 685 1981 duit,
709 1918 1131 1981 omnemque
1159 1916 1453 1980 prorsus
1476 1897 1805 1978 injuriam
1834 1899 1936 1961 illi
1957 1898 2250 1963 remisit.
2281 1898 2446 1963 Fuit
2469 1912 2538 1963 et
2567 1902 2770 1979 aliuS,
2805 1904 2970 1965 alio·

510 2010 679 2091 quin
708 2010 818 2072 vir
848 2019 1181 2072 strenuus
1210 2015 1279 2070 et
1308 2016 1542 2070 aetate
1574 2006 1849 2085 vigenS,
1877 2007 2018 2085 qui,
2047 2023 2210 2069 cum
2231 2008 2466 2087 palam
2493 2009 2972 2073 acerbissimis

514 2116 862 2181 conviciis
919 2123 1408 2205 accerseretur
1458 2131 1501 2175 a
1552 2110 1858 2193 quodam
1909 2112 2128 2175 nihilo
2179 2113 2492 2177 melioris
2550 2116 2970 2179 conditionis

513 2224 694 2303 vir0,
726 2222 1021 2287 secessit
1052 2222 1202 2302 ipse
1238 2219 1610 2300 pacificuS,
1644 2230 1714 2282 et
1753 2218 1823 2281 in
1852 2218 2142 2282 domum
2181 2237 2384 2284 suam
2413 2238 2490 2285 se
2522 2224 2822 2302 recepit,
2858 2225 2971 2286 cui

513 2330 681 2394 dum
724 2332 841 2394 ille
870 2331 1101 2393 locum
1131 2328 1275 2407 dat,
1309 2337 1377 2391 et
1416 2327 1548 2391 sibi
1576 2336 1645 2389 et
1684 2326 1748 2389 ei
1777 2326 1898 2406 qui
1935 2324 2204 2389 fecerat
2232 2326 2563 2406 injuriam
2594 2330 2974 2409 plurimum

508 2436 797 2517 profuit3
824 2437 1081 2500 etenim
1104 2436 1243 2513 ille,
1269 2443 1469 2497 tanta
1484 2433 1825 2513 patientia
1852 2443 2088 2497 motus
2104 2433 2269 2497 etin
2285 2435 2829 2501 admirationem
2853 2438 2970 2500 ad-

506 2546 784 2623 ductuS,
810 2544 1058 2607 eadem
1088 2542 1199 2606 die
1223 2542 1507 2605 veniam
1540 2540 1629 2603 ab
1652 2558 1736 2603 eo
1762 2557 1973 2620 quem
1997 2540 2388 2605 offenderat
2415 2542 2685 2622 petivit.
2711 2542 2872 2607 Fuit
2903 2556 2972 2607 et

506 2660 862 2716 mercator
892 2649 1201 2730 quidam,
1236 2648 1379 2729 qui,
1413 2648 1678 2711 amissa
1701 2647 1775 2709 in
1803 2648 1986 2711 mari
2017 2663 2280 2727 magna
2302 2650 2644 2728 pecuniae
2668 2666 2968 2715 summa.

505 2776 718 2839 quam
734 2758 943 2839 parvi
965 2757 1233 2820 faceret
1258 2753 1659 2834 hujusmodi
1673 2753 2053 2835 J’acturam,
2081 2772 2432 2835 quamque
2453 2767 2710 2836 pacato
2734 2759 2974 2821 animo

508 2883 669 2929 eam
696 2862 913 2929 ferret
944 2864 1120 2927 satis
1149 2862 1487 2939 ostendit,
1530 2878 1663 2925 nec
1706 2861 1844 2924 alia
1886 2861 2106 2925 verba
2143 2862 2232 2924 ab
2270 2879 2355 2925 eo
2390 2863 2633 2927 audita
2661 2864 2970 2939 fuerunt,

507 2988 722 3054 quam
753 2972 1005 3053 quibus
1043 2970 1197 3034 Deo
1240 2969 1689 3032 benediceret
1719 3016 1733 3047 ,
1766 2980 1837 3031 et
1864 2969 2074 3032 simul
2104 2986 2268 3031 cum
2293 2970 2450 3053 Job:
2484 2970 2718 3033 Dans,
2754 2972 2976 3043 dedit.

506 3080 743 3142 Daus.
770 3076 1098 3155 abstulit,
1123 3089 1285 3155 etc.,
1318 3092 1545 3155 aequo
1570 3075 1806 3138 animo
1837 3074 2139 3139 dicebat.
2180 3075 2379 3139 Haec
2409 3088 2650 3142 autem
2681 3079 2766 3142 de
2798 3079 2969 3159 inju-

508 3186 632 3251 riis
663 3195 731 3249 et
762 3186 1013 3267 opibus
1038 3184 1406 3264 neglectiS,
1434 3183 1565 3247 etsi
1590 3181 1972 3245 minutiora
2003 3183 2414 3263 videantur,
2448 3202 2534 3248 eo
2565 3187 2796 3264 magis
2827 3204 2972 3250 mo·

509 3312 667 3357 rum
694 3294 1159 3357 mutationem
1188 3291 1596 3369 ostendunt,
1633 3308 1775 3371 quo
1816 3310 1857 3355 a
1888 3290 2205 3369 pristinis
2235 3294 2796 3357 messanensium
2832 3312 2970 3358 mo-

508 3401 701 3465 ribus
734 3400 968 3481 magis
992 3400 1223 3463 aliena
1248 3408 1472 3463 erant.
1502 3397 1835 3479 Ejusdem
1860 3398 2276 3489 mutationis
2303 3410 2802 3478 argumentum
2821 3414 2979 3465 erat

514 3525 659 3571 non
688 3508 903 3589 pauci
944 3507 1281 3570 momenti
1332 3505 1523 3585 apud
1570 3522 1726 3585 eos,
1770 3505 2024 3586 quibus
2064 3502 2398 3569 Messana
2441 3508 2764 3603 apprime
2805 3522 2974 3572 nota

512 3624 698 3695 erat,
732 3614 923 3696 quod
950 3614 1024 3677 in
1052 3612 1461 3677 carceribus
1503 3612 1714 3693 pauci
1752 3612 2076 3676 homines
2115 3612 2629 3693 detinerentur,
2677 3616 2864 3693 quod
2901 3626 2980 3678 ut

511 3722 983 3785 certissimum
1015 3720 1433 3784 emendatae
1464 3718 1776 3783 civitatis
1804 3729 2303 3800 argumentum
2337 3719 2658 3784 homines
2681 3723 2978 3803 accipie-

512 3830 712 3908 bant;
746 3846 909 3892 cum
938 3838 1007 3891 et
1036 3829 1224 3891 mala
1253 3827 1577 3890 homines
1608 3826 1927 3906 apertius
1959 3828 2457 3906 intelligerent,
2491 3838 2560 3890 et
2583 3830 2672 3892 ab
2696 3829 2800 3891 eis
2829 3830 2976 3893 dili·

510 3935 795 4015 gentius
824 3935 1294 4011 declinarent;
1335 3934 1427 3997 ad
1456 3950 1581 3996 eos
1608 3944 1871 4012 autem,
1906 3934 2122 4013 quiin
2145 3933 2556 3997 carceribus
2579 3934 2980 4016 hujusmodi

510 4042 767 4107 retenti
806 4051 1047 4122 erant,
1079 4041 1306 4105 nostri
1334 4058 1477 4103 non
1505 4058 1670 4105 raro
1693 4042 2171 4119 vocabantur,
2199 4041 2412 4104 immo
2437 4059 2522 4105 eo
2544 4042 2986 4123 frequentius

512 4150 699 4230 quod
725 4149 883 4213 aliis
906 4166 1119 4230 quam
1145 4147 1407 4211 nostris
1432 4164 1649 4228 aegre
1674 4146 1996 4211 confiteri
2019 4148 2379 4226 volebant3
2400 4149 2627 4212 oratio
2646 4151 2980 4213 continua

510 4256 989 4337 quadraginta
1006 4256 1350 4319 horarum
1366 4256 1457 4319 ad
1473 4252 1702 4319 Deum
1718 4255 2068 4336 proximis
2089 4252 2546 4319 Pentecostes
2570 4256 2816 4320 diebus
2836 4275 2982 4321 ma·

510 4362 651 4443 jori
680 4381 892 4445 quam
938 4379 1248 4443 unquam
1293 4362 1671 4426 devotione
1711 4372 1781 4427 et
1818 4362 2216 4443 frequentia
2259 4362 2456 4427 facta
2499 4374 2643 4443 est,
2693 4365 2870 4428 adeo
2906 4378 2984 4429 ut

515 4471 783 4551 aliquot
814 4470 1015 4533 horis
1044 4470 1219 4548 diei,
1254 4470 1374 4549 qui
1404 4469 1496 4532 ad
1525 4469 1873 4533 orandum
1904 4478 2393 4533 convenerant
2411 4518 2426 4549 ‚
2461 4470 2782 4533 absoluto
2811 4482 2983 4535 tem-

511 4595 707 4658 pore,
742 4578 932 4659 quod
962 4576 1214 4657 cuique
1243 4575 1635 4657 praefixum
1675 4586 1860 4657 erat,
1901 4578 2239 4657 templum
2263 4576 2720 4640 nihilominus
2762 4580 2982 4659 reple-

512 4694 691 4749 rent.

739 4800 817 4859 Τ.
860 4818 943 4857 ιν.
2637 4816 2692 4871 ¹3
