3742 5392
671 467 808 529 ⁴88·
1597 471 1852 531 Canon.
1894 469 2051 530 Soc.
2090 470 2229 544 JES.

673 616 1058 697 Joannam,
1089 631 1306 697 quam
1333 617 1644 681 diximus
1681 617 2258 696 gubernatricem
2296 615 2805 698 Hispaniarum
2842 635 2889 680 a
2923 617 3155 682 fratre

678 721 1004 804 Philippo
1052 722 1505 802 designatam
1554 729 1601 802 ¹,
1652 739 1837 803 quae
1890 740 2156 803 magno
2206 724 2607 788 devotionis
2656 733 2727 788 et
2775 724 3157 788 charitatis

679 828 940 894 affectu
970 827 1258 894 Patrem
1287 830 1756 895 Francis-cum
1782 831 2385 911 prosequebatur,
2421 840 2492 894 et
2522 832 2591 895 ei
2630 831 3147 896 confessarium

682 937 876 1016 dare,
907 937 1042 1000 sibi
1069 937 1469 1018 probatum,
1502 937 1822 1016 debebat,
1856 953 2067 1018 quem
2096 947 2336 1002 tamen
2362 938 2591 1002 nostri
2618 955 2763 1002 non
2784 939 3145 1004 existima·

678 1045 852 1108 bant
881 1043 971 1107 de
999 1043 1357 1109 Societate
1385 1061 1546 1108 esse
1573 1045 1857 1124 debere;
1890 1055 1961 1109 et
1989 1046 2157 1125 quia
2184 1061 2313 1126 per
2340 1047 2615 1111 litteras
2636 1063 2809 1110 suas
2830 1045 2908 1111 P.
2940 1045 3146 1127 Igna-

679 1151 820 1216 tius
846 1150 1254 1232 injunxerat
1283 1153 1469 1216 hanc
1499 1152 2017 1234 profectionem
2056 1153 2711 1234 Caesaraugustam
2739 1153 2795 1233 ¹,
2828 1155 3011 1218 alias
3040 1155 3151 1220 lit-

679 1269 872 1323 teras
894 1260 1398 1341 subscriptioni
1423 1259 1657 1324 Patris
1678 1260 1939 1341 Ignatii
1960 1260 2170 1325 Pater
2192 1261 2470 1325 Natalis
2491 1261 2921 1342 superscribi
2942 1279 3143 1342 opor-

679 1377 830 1430 tere
857 1365 1134 1430 censuit
1164 1367 1368 1445 (nam
1397 1369 1578 1431 tales
1606 1367 2199 1446 subscriptiones,
2234 1384 2396 1431 cum
2422 1367 2761 1431 facultate
2792 1369 3143 1433 scribendi

679 1489 862 1554 quae
899 1474 1313 1537 necessaria
1351 1473 1767 1538 viderentur
1789 1521 1805 1552 ‚
1846 1475 1939 1539 ab
1976 1475 2225 1538 eodem
2270 1474 2349 1537 P.
2394 1475 2672 1554 Ignatio
2715 1474 3023 1540 habebat
3070 1475 3149 1554 ⁸),

680 1581 937 1661 quibus
965 1581 1572 1662 praescriberetur
1599 1599 1690 1646 ne
1718 1580 2370 1662 Caesaraugustam
2402 1582 2558 1646 iret.

805 1685 982 1753 1028.
1069 1688 1590 1753 Marchionissa
1639 1688 1728 1752 de
1778 1689 2025 1768 Pliego
2074 1688 2413 1770 oppidum
2462 1689 2807 1765 habebat,
2863 1691 3155 1754 nominc

681 1796 1076 1860 Montillam
1099 1843 1115 1876 ,
1147 1813 1276 1860 sex
1303 1796 1524 1860 leucis
1553 1796 1885 1860 Corduba
1930 1796 2237 1870 distans,
2283 1797 2402 1860 ubi
2440 1794 2833 1876 Collegium
2874 1797 3151 1863 institui

677 1902 990 1982 volebat,
1020 1903 1096 1966 in
1123 1919 1267 1983 quo
1293 1902 1510 1982 aliqui
1539 1919 1630 1966 ex
1659 1903 1927 1965 nostris
1948 1899 2391 1981 Juventutem
2420 1903 2895 1982 instituerent,
2929 1913 3001 1968 et
3028 1921 3151 1984 po-

676 2011 920 2091 pulum
943 2009 1159 2074 etiam
1182 2008 1710 2090 praedicatione
1724 2007 2083 2089 juvarent,
2110 2009 2329 2089 aliqui
2350 2009 2565 2073 etiam
2586 2010 2999 2074 scholastici
3018 2029 3147 2076 no—

678 2118 809 2180 stri
838 2119 1223 2194 alerentur;
1255 2117 1490 2180 visum
1519 2116 1647 2180 fuit
1676 2125 1917 2180 autem
1944 2116 2010 2178 ei
2038 2131 2431 2195 suggerere
2466 2125 2545 2180 ut
2582 2117 2975 2197 applicaret
3020 2135 3155 2182 eos

676 2224 947 2288 reditus
975 2223 1293 2304 Collegio
1323 2222 1797 2302 Cordubensi,
1831 2240 2009 2304 quos
2040 2222 2466 2287 Montillensi
2488 2222 2973 2288 destinaverat
2994 2271 3010 2304 ,
3043 2225 3145 2288 ita

677 2342 754 2396 ut
783 2341 1290 2412 praeceptores
1309 2379 1326 2410 ,
1351 2330 1716 2395 Montillae
1741 2331 2190 2394 necessarios
2212 2377 2227 2408 ‚
2260 2329 2723 2404 Cordubense
2753 2330 3145 2411 Collegium

674 2437 1074 2520 praeberet;
1105 2447 1174 2501 et
1203 2437 1323 2501 illa
1351 2437 1640 2519 quidem
1667 2436 2149 2502 conditionem
2188 2438 2506 2517 admisit,
2540 2446 2611 2502 et
2638 2439 3002 2518 negotium
3040 2455 3157 2502 re·-

673 2545 920 2608 lictum
949 2554 1057 2608 est
1086 2545 1286 2608 initio
1330 2543 1538 2625 hujus
1579 2546 1748 2609 anni
1788 2543 1814 2575 ⁴
1856 2544 1935 2608 P.
1977 2544 2324 2623 Antonio,
2368 2546 2521 2625 qui,
2560 2563 2641 2608 re
2678 2546 2942 2609 collata
2986 2562 3151 2609 cum

676 2652 848 2716 Dre.
900 2651 1277 2734 Torrensi,
1339 2663 1717 2734 postquam
1768 2651 2176 2716 Cordubam
2225 2653 2740 2732 accessissent,
2800 2669 2952 2716 rem
3012 2661 3154 2716 sta-

676 2759 906 2824 bilivit
935 2757 982 2824 ³.
1071 2749 1076 2753 ’

805 2865 983 2930 1029.
1069 2865 1438 2946 Significat
1469 2875 1707 2930 autem
1737 2867 1814 2930 P.
1846 2866 2123 2930 Natalis
2152 2867 2410 2930 mirum
2440 2867 2513 2929 in
2538 2867 2823 2931 modum
2848 2867 2982 2930 sibi
3005 2870 3149 2947 pla·

675 2973 909 3037 cuisse
937 2974 1015 3038 P.
1049 2973 1464 3054 Antonium,
1498 2983 1567 3045 et
1590 2989 1855 3053 magna
1880 2973 1970 3036 ab
1993 2990 2077 3036 eo
2101 2973 2469 3052 expectari
2494 2990 2703 3053 posse
2728 2975 2819 3036 ad
2841 2972 2978 3037 Dei
3002 2977 3153 3053 glo—

673 3081 856 3145 riam
887 3090 957 3144 et
988 3098 1362 3146 commune
1392 3081 1676 3161 bonum,
1706 3081 1896 3161 quod
1924 3095 2266 3160 magnum
2288 3081 2603 3146 animum
2626 3088 2695 3144 et
2718 3081 3027 3144 nobilem
3056 3082 3147 3144 ad·

678 3189 1084 3254 universale
1121 3190 1386 3252 bonum
1425 3189 1983 3253 consectandum
2024 3187 2357 3266 haberet,
2400 3197 2469 3252 et
2507 3205 2625 3252 res
2663 3185 3041 3253 Societatis
3082 3201 3152 3252 et

674 3295 1104 3376 procedendi
1134 3296 1423 3360 modum
1446 3296 1709 3377 optime
1731 3304 2044 3376 caperet,
2071 3304 2139 3358 et
2160 3295 2319 3360 ideo
2344 3293 2723 3360 Rectorem
2744 3294 3159 3360 Corduben·-

675 3404 776 3468 sis
803 3403 1105 3481 Collegii
1133 3403 1225 3467 ab
1255 3404 1457 3467 initio
1487 3401 1696 3482 huJus
1727 3403 1898 3466 anni
1920 3419 2144 3482 usque
2176 3401 2270 3465 ad
2292 3395 2712 3466 autumnum
2742 3403 3153 3482 reliquerat,

675 3519 755 3574 ut
786 3511 860 3574 in
890 3510 1099 3589 praxi
1129 3510 1716 3574 constitutionum
1759 3527 1845 3573 ac
1884 3512 2295 3588 regularum
2334 3507 2713 3573 Societatis
2754 3527 2831 3573 se
2869 3527 3163 3574 exerce—

757 3725 776 3758 ¹
833 3721 967 3768 Vide
986 3735 1170 3780 supra,
1193 3736 1314 3781 pag.
1331 3724 1430 3778 396,
1451 3738 1502 3769 n.
1520 3725 1623 3769 855.

749 3795 780 3828 -¹
834 3795 969 3840 vide
993 3797 1184 3840 Cartas
1203 3799 1270 3841 de
1291 3798 1403 3842 San
1423 3797 1664 3851 lgnacto,
1683 3803 1718 3842 t.
1741 3808 1798 3842 111
1813 3830 1825 3852 ,
1845 3809 1969 3853 pag.
1987 3797 2084 3843 351.
2142 3827 2145 3830 -

759 3870 782 3902 ³
836 3867 948 3912 Non
969 3871 1347 3925 subscriptione
1369 3877 1572 3916 tantum
1593 3869 1780 3923 Ignatii
1801 3870 1893 3914 sed
1914 3871 2071 3914 etlam
2095 3869 2376 3915 Societatis
2390 3871 2563 3925 sigillo
2583 3871 2809 3915 munitas
2828 3871 3047 3915 chartas
3065 3871 3153 3914 ha-

676 3941 834 3986 bebat
853 3939 908 3983 P.
926 3940 1149 3984 Natalis.
1175 3940 1356 3985 “Molte
1375 3941 1518 3986 firme
1539 3942 1589 3985 in
1611 3941 1797 3985 blanco
1811 3951 1860 3984 et
1884 3942 2083 3995 patenti
2100 3951 2194 3984 con
2216 3942 2391 3995 sigillo
2410 3950 2464 3985 et
2478 3943 2869 3986 sottoscrizione
2886 3943 2971 3986 del
2990 3942 3161 3986 Padi-e-

678 4014 731 4058 in
751 4013 982 4066 blanco...
1002 4011 1137 4058 Vide
1165 4024 1324 4068 supra
1343 4046 1354 4066 ,
1377 4020 1412 4056 t.
1433 4023 1504 4057 ιιι.
1529 4024 1651 4068 pag.
1671 4013 1767 4062 ⁴39.
1793 4019 1968 4057 annot.
1992 4015 2008 4056 1
2035 4014 2100 4057 ad
2122 4025 2171 4057 u.
2188 4013 2287 4057 969.

757 4086 782 4118 ⁴
839 4083 1023 4130 Adhuc
1046 4084 1336 4139 Septembri
1359 4095 1532 4129 mense
1554 4085 1709 4140 hujus
1729 4086 1848 4130 anui
1879 4084 1942 4128 de
1964 4085 2062 4128 hoc
2094 4086 2369 4132 agebatur.
2392 4085 2584 4130 Scribit
2614 4087 2751 4131 enim
2780 4085 3061 4138 Polaticus,
3088 4097 3166 4129 er

678 4168 827 4208 com„
845 4156 995 4200 Patri
1021 4157 1248 4218 Antonio
1277 4158 1340 4201 de
1362 4156 1622 4201 Corduba:
1653 4157 1760 4201 “La
1781 4167 1997 4201 manera
2030 4157 2092 4200 de
2114 4157 2270 4202 dotar
2302 4158 2351 4200 el
2372 4158 2585 4210 colegio
2618 4158 2681 4201 de
2704 4157 2938 4202 Montilla
2968 4169 3153 4212 prove-

678 4229 898 4284 yendole
920 4229 1207 4272 solamente
1233 4229 1502 4284 operarios
1523 4241 1557 4284 γ
1578 4240 1676 4284 que
1697 4229 1776 4273 los
1796 4229 2137 4282 estudiantes,
2158 4239 2257 4282 que
2278 4229 2369 4272 alli
2390 4239 2447 4272 se
2466 4229 2687 4273 habrian
2716 4231 2766 4272 ie
2796 4237 3080 4282 mantener,
3098 4241 3163 4272 se

681 4307 999 4348 mantenean
1019 4311 1084 4344 en
1106 4300 1342 4344 cordoba
1359 4333 1371 4352 ,
1395 4311 1583 4354 pai-ece
1604 4301 1856 4345 acertada
1886 4313 1919 4356 y
1940 4306 2131 4344 cuanto
2152 4302 2204 4345 al
2224 4299 2364 4344 fruto
2384 4311 2448 4343 en
2483 4301 2532 4344 lo
2562 4301 2835 4354 espiritual
2859 4311 2891 4354 y
2912 4311 2975 4344 en
2995 4301 3163 4344 letrus

680 4372 819 4416 seria
839 4371 947 4415 ensi
971 4373 1020 4414 el
1041 4372 1240 4425 mismo,
1263 4382 1412 4416 como
1432 4372 1476 4416 ai
1497 4374 1575 4416 loe
1598 4372 1924 4416 estudinntee
1944 4372 2225 4415 τεκνοις-κει
2246 4381 2313 4414 en
2332 4370 2566 4416 Montilla
2607 4371 2656 4416 Y
2678 4381 2873 4427 perque
2896 4382 3028 4426 para
3050 4381 3158 4416 tra-

681 4449 768 4488 tur
786 4450 932 4487 estas
952 4453 1104 4486 cosas
1123 4455 1180 4486 es
1201 4447 1230 4486 a
1254 4453 1408 4486 veees
1423 4453 1548 4488 cosa
1566 4445 1720 4498 larga
1751 4453 1967 4497 espen-ar
1985 4449 2259 4496 respuesta
2280 4443 2343 4486 de
2368 4441 2530 4488 Roma
2545 4475 2556 4495 ,
2580 4443 2701 4488 tien·
2719 4453 2753 4487 n
2784 4443 3058 4488 autoridnd
3080 4445 3169 4487 los.

687 4515 883 4559 Pndres
901 4514 974 4558 Pr
985 4515 1267 4559 wlnelales
1287 4527 1320 4571 y
1341 4514 1630 4560 Comisnrio
1649 4525 1782 4569 para
1803 4515 1922 4566 ello,
1942 4525 2147 4564 nunque
2168 4515 2413 4559 tratndas
2430 4517 2538 4558 alla
2558 4516 2640 4559 las
2656 4525 2811 4559 cosas
2830 4525 2981 4560 como
3008 4521 3165 4570 pare-

682 4589 817 4632 cieee
841 4590 872 4631 a
893 4586 961 4630 V.
983 4585 1026 4630 R
1051 4595 1137 4638 ,es
1157 4589 1274 4630 bien
1295 4595 1543 4631 reservat
1563 4589 1610 4630 el
1632 4587 1962 4641 beneplacito
1984 4587 2066 4631 del
2086 4585 2143 4630 P.
2165 4587 2411 4640 Gener-nl,
2432 4587 2494 4630 de
2515 4588 2667 4643 quien
2687 4599 2741 4632 es
2762 4589 2814 4632 ln
2834 4589 3019 4632 ultima
3042 4597 3163 4631 con-

685 4659 884 4704 clusion
906 4668 1002 4714 por
1020 4663 1173 4714 parte
1195 4659 1256 4702 de
1279 4660 1330 4702 la
1351 4659 1682 4714 companium
1705 4659 1755 4702 17
1777 4657 2099 4713 Septembris
2120 4659 2241 4702 155⁴.

770 4729 792 4761 ³
851 4725 1138 4784 Colle-gnum
1160 4731 1258 4774 hoc
1280 4731 1574 4775 institutum
1603 4731 1815 4774 tandem
1834 4737 1915 4774 est
1936 4739 2071 4774 anno
2095 4729 2216 4773 1558.
