3742 5392
1575 494 1704 554 Au.
1746 495 1889 554 1554
2854 499 2965 556 545

495 644 668 708 illud
698 659 999 724 regnum
1029 641 1265 705 affecit
1300 639 1342 702 ¹.
1375 640 1797 706 Advocatus
1833 640 1964 704 fuit
2008 649 2331 721 tempore
2366 653 2616 722 partus
2662 642 2739 707 P.
2786 643 2960 708 Tor·

497 769 647 830 reS,
679 751 802 832 qui
827 765 1168 829 magnam
1195 747 1386 830 apud
1416 766 1540 812 eos
1568 748 1938 828 Principes
1977 748 2475 813 auctoritatem
2504 750 2842 830 habebat,
2892 761 2963 814 et

497 857 811 924 nondum
839 874 930 920 ex
957 855 1397 936 Portugallia
1427 867 1848 920 recesserat.

629 963 803 1028 1167.
891 963 1236 1044 Cupiebat
1263 961 1564 1027 Pro-rex
1591 962 1682 1026 D.
1716 962 1972 1027 Petrus
2001 963 2087 1027 de
2118 963 2631 1044 Mascaregnas
2668 975 2749 1029 ut
2776 965 2963 1030 idem

505 1071 582 1134 P.
616 1071 879 1134 Torres
907 1087 1152 1134 secum
1179 1071 1252 1134 in
1281 1070 1555 1134 Indiam
1583 1070 2189 1150 proficisceretur,
2217 1087 2379 1135 cum
2400 1089 2668 1152 magna
2706 1073 2798 1137 ad
2829 1073 2967 1137 Dei

503 1179 849 1243 honorem
877 1178 972 1241 ibi
1003 1193 1219 1256 agere
1260 1176 1780 1254 constituisset,
1818 1176 2036 1240 immo
2078 1177 2170 1241 ad
2210 1178 2349 1242 hoc
2396 1179 2631 1260 ipsum
2678 1197 2721 1242 a
2770 1179 2967 1260 Rege

505 1286 936 1365 mitteretur,
969 1294 1038 1348 et
1067 1285 1138 1348 in
1162 1283 1540 1348 Societatis
1559 1293 2023 1363 augmentum
2048 1285 2455 1349 incumbere
2478 1287 2665 1350 serio
2686 1304 2765 1351 se
2785 1288 2971 1351 velle

499 1392 978 1473 significabat.
1013 1391 1192 1472 Regi
1234 1391 1450 1455 etiam
1487 1392 1669 1455 haec
1705 1391 1953 1456 missio
2002 1393 2361 1473 placebat;
2414 1393 2542 1457 sed
2578 1396 2967 1472 consultuS‚

503 1501 724 1564 misso
779 1500 1070 1578 nuncio,
1130 1498 1210 1562 P.
1267 1497 1546 1562 Natalis
1601 1499 1880 1562 censuit
1936 1499 2123 1564 mitti
2180 1517 2323 1564 non
2379 1500 2636 1564 debere
2667 1551 2681 1581 ,
2742 1502 2973 1566 donec

505 1608 579 1672 P.
615 1607 937 1688 Ignatius
968 1607 1491 1681 consuleretur3
1527 1615 1598 1670 et
1626 1606 1748 1684 ita,
1782 1606 2113 1686 quamvis
2150 1623 2283 1670 nec
2316 1607 2469 1688 ipse
2496 1625 2629 1672 nec
2660 1609 2844 1673 alius
2882 1627 2973 1673 ex

512 1714 942 1796 primoribus
971 1714 1300 1777 Patribus
1328 1713 1467 1776 hoc
1497 1730 1684 1777 anno
1715 1731 1877 1777 cum
1909 1713 1997 1776 D.
2030 1712 2241 1777 Petro
2271 1714 2875 1797 proficisceretur,
2902 1717 2976 1782 in

507 1833 927 1904 sequentem
957 1821 1294 1902 promissi
1323 1829 1489 1884 sunt
1527 1820 1632 1899 hi,
1680 1837 1863 1901 quos
1900 1819 1979 1883 P.
2010 1819 2330 1900 Ignatius
2360 1823 2863 1904 concessisset,
2906 1833 2977 1887 et

511 1930 698 1992 hanc
729 1928 1266 1992 concessionem
1295 1927 1593 1991 libenter
1619 1924 1708 1990 D.
1744 1925 2000 1990 Petrus
2030 1927 2335 1992 admisit.
2377 1926 2655 1993 Doctor
2693 1929 2978 2010 quidem

515 2035 785 2100 Torres
815 2035 1113 2098 libenter
1145 2052 1306 2098 eum
1335 2034 1585 2098 fuisset
1613 2035 2029 2110 comitatus,
2062 2035 2189 2098 sed
2217 2033 2367 2114 ejus
2396 2053 2615 2116 opera
2636 2037 2709 2100 in
2732 2037 2981 2118 Hispa-

520 2145 639 2207 nia
671 2143 1082 2207 necessaria
1111 2151 1300 2221 erat,
1331 2150 1404 2205 et
1432 2143 1533 2205 ita
1561 2159 1647 2205 eo
1676 2140 1808 2206 fuit
1834 2151 2201 2206 evocatus.
2236 2141 2589 2222 Quamdiu
2618 2143 2979 2226 olyssipo-

522 2269 657 2315 nae
688 2250 822 2314 fuit
844 2299 858 2328 ,
893 2267 936 2311 a
965 2266 1174 2312 mane
1205 2265 1430 2330 usque
1459 2248 1550 2311 ad
1580 2265 1957 2329 vesperam
1996 2249 2069 2312 in
2107 2249 2478 2313 audiendis
2522 2252 2981 2317 confessioni-

521 2360 650 2420 bus
681 2359 870 2438 apud
899 2355 972 2421 S.
1005 2356 1331 2420 Rochum
1360 2355 1846 2436 occupabatur
1876 2354 1923 2418 ¹.

651 2464 826 2527 1168.
911 2463 1232 2544 Reginae
1263 2463 1479 2526 etiam
1517 2462 1870 2543 quaedam
1914 2461 2311 2542 spiritualia
2348 2464 2687 2528 exercitia
2730 2483 2983 2547 propo-

520 2566 732 2636 nebat
759 2590 774 2651 ;
809 2581 876 2634 et
907 2588 1070 2634 cum
1100 2586 1514 2634 recessurus
1543 2577 1762 2648 esset,
1795 2586 1925 2632 suo
1954 2569 2114 2632 loco
2153 2568 2229 2633 P.
2272 2569 2652 2652 Mironem,
2691 2572 2984 2637 Provin-

522 2680 778 2744 cialem
795 2727 810 2758 ,
845 2677 938 2742 ad
965 2696 1052 2742 ea
1082 2676 1568 2741 continuanda
1596 2676 1910 2756 reliquit;
1941 2675 2069 2739 sed
2098 2694 2215 2754 ea,
2242 2694 2425 2758 quae
2448 2679 2634 2742 serio
2655 2681 2987 2760 cupiebat

523 2787 830 2851 orationi
858 2803 1157 2860 vacare,
1192 2784 1582 2866 postulavit
1611 2801 1656 2846 a
1683 2783 1762 2848 P.
1796 2783 2073 2848 Mirone
2100 2794 2177 2848 ut
2206 2785 2497 2865 perinde
2536 2797 2785 2866 ageret
2824 2805 2987 2852 cum

523 2897 678 2974 ipsa
709 2904 922 2974 atque
951 2893 1014 2957 si
1044 2893 1134 2957 ab
1163 2892 1364 2956 initio
1395 2908 1557 2954 eam
1585 2891 2093 2954 instituendam
2122 2893 2585 2973 suscepisset:
2612 2894 2989 2975 diligenter

522 3019 824 3066 examen
852 3000 1378 3082 quotidianum,
1414 2997 1602 3080 quod
1633 3014 1844 3062 mane
1884 3005 1955 3062 et
1993 3000 2279 3079 vesperi
2316 3001 2437 3063 illa
2479 3003 2985 3081 pertractabat,

518 3109 790 3189 docuit,
823 3119 892 3172 et
921 3109 1226 3189 primum
1266 3124 1357 3169 ex
1397 3105 1622 3169 tribus
1661 3104 1915 3168 orandi
1954 3105 2185 3168 modis
2224 3108 2631 3188 praeceptis
2668 3105 2833 3174 Dni.
2875 3127 2990 3174 ac—

523 3216 1048 3281 commodatum
1080 3213 1104 3245 ³
1123 3263 1138 3292 ,
1170 3225 1240 3278 et
1271 3215 1361 3278 ad
1390 3213 1686 3292 reliqua,
1723 3228 1905 3292 quae
1936 3212 2007 3275 in
2052 3213 2443 3278 christiana
2472 3215 2798 3280 doctrina
2826 3233 2993 3281 con-

521 3325 864 3401 tinentur,
913 3333 981 3386 et
1025 3338 1243 3386 unam
1283 3321 1536 3384 horam
1573 3336 1782 3382 mane
1827 3319 2129 3398 singulis
2172 3319 2421 3384 diebus
2471 3322 2638 3386 huic
2686 3323 2990 3389 orationi

524 3430 1003 3510 impendebat,
1038 3440 1107 3493 et
1139 3429 1404 3508 optime
1435 3443 1512 3491 se
1541 3426 1883 3506 habebat,
1914 3436 1985 3490 et
2015 3425 2137 3490 diu
2178 3445 2257 3490 se
2290 3429 2429 3492 hac
2473 3430 2747 3494 ratione
2790 3448 2990 3496 exer-

608 3611 622 3642 ·
683 3608 816 3652 “Dos
845 3609 948 3652 reis
969 3609 1032 3652 de
1053 3608 1308 3661 Portugnl
1342 3607 1566 3650 nenhum
1587 3605 1656 3649 foi
1692 3605 1824 3650 mais
1853 3605 2115 3658 deseiado,
2136 3616 2254 3649 nem
2282 3610 2372 3649 tao
2395 3607 2626 3664 quet-ido,
2647 3619 2795 3654 como
2815 3609 2879 3656 D.
2903 3609 2983 3653 Se-

512 3683 729 3726 *bastlao
749 3681 902 3724 desde
927 3691 958 3724 a
975 3679 1250 3732 infancia...
1269 3679 1398 3723 Luxz
1429 3679 1669 3722 Aucusro
1697 3676 1939 3720 Renum
1952 3687 2023 3720 na
2052 3675 2233 3731 Suvn,
2254 3677 2499 3722 Historia
2520 3679 2587 3722 de
2606 3679 2869 3734 portugal
2898 3693 2995 3724 nos

523 3754 732 3798 secutos
752 3751 920 3796 XVII
933 3754 984 3796 et
1007 3751 1058 3794 X
1069 3750 1214 3794 VIII.
1233 3749 1592 3804 Introduceao.
1616 3755 1766 3804 parte
1787 3759 1822 3802 1,
1841 3759 1955 3803 cap.
1980 3747 2145 3792 1.-“0
2176 3749 2409 3804 principe
2442 3749 2506 3794 D.
2526 3751 2674 3806 Jono,
2695 3763 2763 3796 na
2796 3753 2893 3797 flor
2926 3755 2994 3798 da

519 3826 806 3880 juventude
826 3836 854 3866 e
877 3836 941 3868 no
963 3825 1096 3867 meio
1116 3823 1212 3868 das
1233 3823 1444 3866 illusoes
1464 3822 1528 3865 do
1550 3832 1696 3865 amor
1716 3833 1744 3864 e
1765 3821 1832 3864 da
1859 3820 2132 3864 felicldnde
2148 3852 2160 3873 ,
2180 3821 2397 3865 descen
2417 3832 2481 3865 ao
2503 3824 2715 3877 tumulo,
2736 3824 2995 3870 deixaudo

527 3897 880 3942 inconsolnvel
900 3907 931 3940 a
952 3907 1099 3948 moca
1119 3905 1146 3938 e
1177 3895 1402 3938 formosa
1435 3904 1621 3948 esposa
1651 3892 1959 3936 castelhana
1975 3925 1986 3946 ,
2006 3903 2035 3935 e
2062 3892 2309 3936 cortados
2328 3893 2390 3936 de
2419 3894 2709 3939 sobresnlto
2730 3907 2758 3938 e
2781 3896 2994 3941 tristeza

511 3981 582 4014 os
603 3970 888 4022 vassallos,
909 3977 1006 4021 que
1027 3967 1196 4010 vendo
1215 3967 1511 4010 imminente
1531 3976 1562 4009 o
1581 3965 1807 4008 dominio
1826 3964 2119 4018 hespanhol
2135 3997 2147 4020 ,
2173 3965 2295 4008 tudo
2314 3963 2631 4020 reoeiavam,
2654 3979 2709 4010 se
2730 3967 2873 4012 Deus
2892 3973 2993 4013 nno

525 4042 840 4094 abencoasse
861 4050 894 4083 a
923 4049 1045 4082 casa
1073 4039 1312 4082 reinante
1347 4050 1460 4082 com
1491 4049 1522 4081 o
1555 4047 1822 4080 successor
1856 4047 1951 4090 por
1982 4047 2079 4091 que
2108 4036 2483 4090 saaph-avam...
2516 4037 2605 4083 Fr.
2626 4038 2894 4084 Bet-nardo
2928 4043 2995 4084 da

528 4111 660 4156 Cruz
675 4144 686 4165 ,
710 4111 966 4155 Chronica
985 4110 1052 4154 de
1073 4109 1226 4152 el-rei
1247 4108 1312 4152 D.
1336 4109 1631 4161 Sebastiao,
1653 4118 1766 4162 cap.
1789 4119 1844 4158 u,
1866 4118 1987 4162 pag.
2006 4105 2128 4151 540.
2149 4105 2431 4151 Franclsco
2452 4109 2513 4151 de
2538 4110 2789 4154 Andrada
2804 4143 2817 4166 ,
2842 4111 2995 4154 Chro-

527 4185 652 4227 nica
671 4183 738 4228 de
759 4182 914 4227 el-rei
935 4181 1000 4224 D.
1015 4179 1150 4235 Joao
1169 4179 1275 4232 III,
1294 4186 1448 4234 parte
1469 4191 1540 4233 ιν,
1561 4191 1673 4234 cap.
1692 4179 2141 4223 cv1u.—Rnumo
2170 4189 2241 4222 na
2270 4178 2434 4223 Susa
2449 4211 2462 4234 ,
2480 4181 2514 4225 1.
2537 4191 2587 4224 c.

607 4255 630 4286 ἱ
685 4253 916 4298 “Cuanto
936 4253 989 4296 al
1011 4251 1065 4295 Ρ.
1089 4253 1285 4296 Doctor
1307 4251 1516 4302 Torres,
1537 4262 1662 4306 pnes
1695 4261 1761 4294 no
1782 4262 1851 4295 va
1874 4257 1989 4294 esta
2010 4257 2285 4305 respuesta
2308 4255 2341 4294 a
2362 4253 2569 4307 tiempo,
2591 4263 2656 4296 no
2676 4253 2784 4310 hay
2804 4265 2901 4308 que
2922 4266 2997 4298 es-

525 4325 690 4370 cribir
710 4331 900 4370 cuanto
919 4325 972 4368 ιι
1001 4323 1232 4378 partit-se
1266 4333 1398 4378 para
1431 4325 1484 4366 la
1503 4322 1650 4366 India
1671 4326 1700 4367 o
1721 4323 1935 4377 quedar.
1957 4321 2011 4366 Si
2040 4321 2185 4366 fuere
2217 4322 2321 4374 ido,
2341 4323 2468 4368 Dios
2502 4323 2563 4368 N.
2586 4323 2638 4368 S.
2660 4325 2707 4369 le
2736 4326 2855 4380 gule
2887 4337 2922 4380 y
2939 4337 2995 4370 se

527 4399 676 4442 sirva
696 4396 851 4450 dello,
870 4408 906 4452 y
926 4395 1004 4440 asi
1035 4405 1229 4439 mesmo
1263 4395 1308 4438 si
1341 4396 1556 4438 hubiere
1577 4395 1827 4448 quedado.
1849 4393 1977 4437 Bien
1997 4405 2053 4438 ee
2086 4394 2205 4449 dela
2232 4396 2484 4441 entender
2504 4407 2601 4452 que
2620 4399 2671 4442 el
2700 4396 2863 4442 Senot
2884 4397 2997 4442 Don

531 4469 697 4513 Pedro
719 4467 1091 4512 Muscarenhaa
1111 4467 1246 4511 hara
1267 4477 1363 4520 por
1382 4467 1435 4509 la
1458 4465 1738 4520 compunta
1759 4476 1823 4509 en
1843 4465 2069 4510 servicio
2090 4466 2154 4508 de
2169 4465 2297 4510 Dios
2317 4469 2503 4514 mueho
2524 4479 2618 4523 por
2638 4469 2762 4513 alla.
2778 4467 3003 4524 Espera·

529 4551 640 4585 mos
668 4542 824 4585 saber
851 4543 950 4594 que
983 4545 1140 4593 gente
1173 4539 1243 4583 ha
1278 4538 1486 4582 llevado
1520 4537 1731 4592 consigo
1750 4569 1774 4590 ‚,
1803 4537 2087 4590 Polancus,
2108 4547 2176 4582 ex
2203 4549 2355 4590 com„
2374 4539 2519 4584 Patri
2539 4540 2733 4593 Jacobo
2762 4540 2955 4594 Miron,
2976 4544 3004 4586 5

533 4612 732 4667 Aprilis
763 4612 882 4656 155².

614 4685 637 4716 ὅ
693 4682 802 4728 Hos
835 4690 946 4728 tres
965 4685 1147 4729 ormdl
1181 4685 1358 4728 modos
1379 4684 1448 4727 ab
1479 4681 1686 4737 Ignatio
1705 4683 2001 4738 propositos
2036 4682 2270 4726 invenies
2303 4683 2400 4727 sub
2428 4683 2577 4728 finem
2600 4685 2761 4730 libelli
2784 4685 3005 4730 Exerci-

527 4757 759 4800 tiorum.

751 4845 828 4904 T.
872 4864 952 4903 xv.
2620 4861 2687 4918 35
