3742 5392
715 486 828 545 300
1637 489 1894 550 Canon.
1936 489 2092 550 Soc.
2130 490 2273 563 Jas.

837 632 980 695 640.
1065 631 1213 698 Nec
1245 636 1568 699 omittam
1597 637 1988 701 remedium
2018 637 2400 717 quoddam,
2434 636 2623 718 quod
2653 636 2771 699 illa
2800 636 2873 699 in
2901 637 3187 716 provin·

721 740 832 803 cia
865 740 1234 805 inventum
1261 742 1492 807 fuerat
1522 744 1615 808 ad
1641 745 2167 824 languentium,
2210 744 2745 807 macilentorum
2788 752 2858 806 et
2900 744 3185 823 pallido·

723 863 885 909 rum
932 850 1354 929 remedium,
1410 852 1656 930 quales
1699 851 1918 914 ethici
1962 868 2119 915 esse
2168 852 2429 929 solent;
2480 850 2769 931 quidam
2810 851 2997 913 enirn
3049 866 3183 913 me·

721 951 924 1017 dicus
983 955 1444 1020 abscindebat
1497 958 1925 1039 particulam
1980 959 2223 1022 carnis
2278 966 2643 1021 emortuae
2664 1006 2679 1033 ‚
2738 974 2920 1037 quae
2973 974 3187 1037 super

715 1057 1035 1138 linguam
1063 1062 1134 1124 in
1162 1072 1448 1142 gutture
1477 1074 1662 1141 erat,
1706 1082 1848 1146 qua
1888 1065 2247 1145 praecisa,
2290 1064 2612 1127 homines
2650 1064 2889 1125 statim
2934 1065 3185 1127 melius

717 1166 1105 1246 habebant;
1165 1180 1236 1233 et
1293 1186 1454 1235 cum
1513 1188 1557 1234 a
1605 1172 1845 1235 multis
1904 1172 2345 1252 experientia
2403 1171 2473 1234 id
2534 1179 2973 1251 compertum
3026 1188 3184 1234 esse

717 1270 794 1334 P.
845 1272 1254 1339 Bernardus
1284 1278 1769 1358 intellexisset,
1811 1278 1933 1359 qui
1962 1278 2210 1342 eadem
2254 1288 2736 1359 symptomata
2764 1276 3181 1354 sentiebant,

713 1378 974 1458 quibus
1001 1380 1080 1444 P.
1111 1382 1520 1447 Bernardus
1551 1385 1901 1449 obnoxius
1939 1396 2125 1465 erat,
2168 1385 2487 1449 medicos
2526 1386 2901 1462 consuluit,
2932 1384 3187 1464 quibus

719 1484 954 1550 visum
981 1500 1091 1552 est
1117 1488 1292 1553 nihil
1321 1507 1478 1554 esse
1507 1492 1804 1572 periculi
1843 1492 1905 1557 si
1945 1502 2232 1556 curaret
2274 1507 2435 1555 eam
2476 1492 2903 1571 particulam
2948 1492 3187 1554 carnis

715 1591 850 1655 sibi
879 1596 1226 1675 praecidi,
1261 1605 1330 1660 et
1361 1615 1522 1661 cum
1553 1598 1626 1662 id
1653 1598 1962 1678 fecisset,
1998 1599 2249 1663 melius
2278 1599 2541 1663 habere
2570 1598 2827 1679 coepit;
2858 1598 3187 1678 quamvis

717 1700 929 1778 paulo
958 1711 1149 1781 ante,
1185 1714 1260 1766 ut
1290 1704 1467 1784 dixi,
1503 1716 1856 1787 quartana
1888 1724 2049 1770 eum
2075 1706 2443 1787 reliquerit
2477 1706 2517 1765 ¹.

833 1805 975 1871 641.
1062 1808 1386 1889 Rogatus
1416 1813 1700 1893 quidem
1743 1824 1899 1877 erat
1944 1833 1984 1876 a
2029 1814 2269 1878 multis
2314 1825 2389 1877 ut
2432 1814 3013 1892 concionaretur3
3059 1813 3184 1876 sed

715 1927 938 1993 usque
969 1913 1059 1977 ad
1087 1917 1714 1999 quadragesimam
1742 1919 1953 2001 huJus
1975 1922 2176 2001 anni,
2204 1929 2280 1984 ut
2303 1920 2761 1985 confirmaret
2782 1920 3179 1997 sanitatem,

715 2018 808 2081 ab
837 2036 922 2082 ea
951 2023 1464 2090 exercitatione
1495 2026 1865 2106 abstinuit,
1898 2027 2203 2108 privatis
2246 2026 2861 2092 exhortationibus
2902 2034 3183 2090 conten·

722 2133 861 2188 tus,
897 2126 1208 2208 Optabat
1237 2140 1477 2195 tamen
1507 2134 1599 2196 ad
1639 2151 1897 2197 munus
1936 2134 2412 2198 concionandi
2455 2134 2644 2197 vires
2682 2133 2974 2212 habere,
3022 2149 3183 2196 cum

717 2232 1034 2313 religiosi
1064 2236 1352 2317 quidam
1373 2288 1388 2318 ,
1431 2240 1551 2321 qui
1594 2242 2239 2319 concionabantur,
2284 2258 2329 2303 a
2368 2249 2713 2321 suggestu
2752 2240 3175 2303 descenden-

716 2346 824 2403 tes
849 2388 864 2415 ,
895 2342 1175 2422 publice
1203 2346 1295 2409 ad
1325 2346 1630 2427 hospitia
1661 2347 2113 2412 divertebant
2135 2360 2203 2413 et
2226 2348 2761 2413 inebriabantur
2780 2397 2795 2425 ,
2824 2356 2895 2410 et
2915 2347 3015 2409 ita
3035 2347 3177 2410 fru-

713 2452 907 2509 ctum
936 2466 1082 2512 non
1109 2451 1544 2518 referebant:
1578 2455 1973 2519 lutheranis
2011 2457 2227 2519 etiam
2268 2454 2643 2536 provincia
2683 2453 2892 2535 plena
2934 2461 3087 2517 erat
3129 2458 3173 2515 ².

717 2551 1001 2634 Rogatu
1031 2574 1208 2638 ergo
1238 2561 1536 2640 parochi
1568 2560 1936 2642 cujusdam
1957 2562 2131 2641 loci,
2159 2564 2233 2626 in
2253 2580 2391 2644 quo
2412 2562 2866 2640 versabatur,
2892 2561 3177 2624 nomine

716 2658 1020 2728 Perveto
1072 2662 1127 2744 ³,
1183 2668 1496 2731 secunda
1546 2669 1903 2733 dominica
1949 2669 2543 2750 quadragesimae
2598 2678 2762 2731 ante
2800 2666 3177 2748 prandium

715 2769 1129 2835 concionari
1176 2774 1410 2854 coepit
1430 2824 1446 2854 ,
1499 2786 1570 2838 et
1619 2785 1780 2856 post
1827 2776 2317 2856 vespertinum
2361 2775 2668 2839 officium
2714 2774 3177 2838 christianam

713 2874 1114 2942 doctrinam
1141 2880 1572 2961 explicabat,
1608 2891 1677 2945 et
1705 2882 1805 2946 ita
1833 2882 2292 2965 sequentibus
2322 2882 2697 2946 dominicis
2726 2891 2796 2944 et
2834 2879 3049 2944 semel
3090 2896 3174 2941 ac

713 2980 968 3045 iterum
994 2984 1069 3047 in
1098 2984 1545 3052 hebdomada
1595 2990 1976 3053 conciones
2024 2998 2497 3071 prosequutus
2536 2996 2665 3052 est.
2720 2986 2901 3051 Tam
2939 2997 3175 3049 autem

713 3088 1095 3153 conciones
1133 3110 1348 3173 quam
1377 3096 1715 3159 lectiones
1757 3096 2091 3177 frequens
2136 3095 2563 3161 auditorium
2602 3095 3062 3175 sequebatur,
3109 3101 3176 3155 et

709 3196 914 3259 multi
941 3197 1030 3260 ab
1053 3215 1193 3263 una
1217 3209 1287 3263 et
1309 3201 1582 3267 duabus
1615 3204 1832 3267 leucis
1853 3204 1949 3268 ad
1978 3222 2136 3267 eum
2161 3202 2591 3268 audiendum
2621 3199 3079 3279 accedebant,
3108 3208 3177 3261 et

711 3318 875 3365 cum
905 3320 1164 3385 magna
1198 3310 1684 3414 consolatione
1715 3312 2004 3375 domum
2036 3309 2387 3374 redibant.

830 3407 974 3473 642.
1059 3410 1296 3477 Distat
1327 3412 1706 3480 Pervetum
1735 3416 2063 3480 Tornaco
2092 3427 2237 3480 tres
2264 3418 2546 3495 leucaS,
2580 3422 2648 3478 et
2677 3414 2774 3477 ibi
2812 3414 3001 3495 apud
3038 3412 3172 3477 fra·

711 3524 892 3579 trem
922 3534 1130 3583 suum
1165 3517 1190 3550 ⁴
1217 3522 1586 3586 commode
1615 3524 2014 3587 habitabat:
2052 3534 2347 3603 rogatus
2377 3523 2609 3586 suerat
2641 3539 2682 3584 a
2713 3520 3021 3585 Domina
3052 3538 3176 3584 cu-

793 3794 809 3827 ·
865 3794 1099 3842 Euan-at
1115 3798 1244 3843 haec
1261 3802 1371 3855 ipse
1387 3801 1684 3847 Bet-nardus
1694 3802 1955 3849 oliverius
1971 3804 2163 3848 litteris
2179 3802 2248 3847 ad
2266 3802 2317 3847 S.
2332 3802 2592 3857 ignatium
2604 3800 2827 3845 Tornaci
2838 3800 2977 3844 datis
2992 3799 3177 3845 ultima

711 3864 950 3916 Januarll
981 3869 1100 3914 1554.

789 3939 812 3970 ²
869 3940 914 3983 ⁸.
928 3972 942 3985 .
955 3941 1028 3984 .in
1047 3943 1223 3988 verita
1241 3956 1344 3989 non
1363 3946 1432 3989 ml
1451 3956 1578 4001 pare
1599 3946 1779 3991 hauer‘
1801 3950 1905 3993 mai
1928 3950 2065 3993 visto
2083 3955 2229 3991 terra
2248 3947 2345 3990 che
2364 3957 2428 3990 ne
2452 3946 2643 3990 habbia
2664 3945 2753 4000 plu
2772 3946 2823 3989 dl
2844 3946 3059 3996 bisogno
3080 3944 3175 3987 che

709 4018 913 4065 questa,
928 4013 1222 4068 imperoche
1243 4017 1438 4061 benche
1459 4020 1486 4061 e
1509 4030 1635 4063 vero
1657 4021 1749 4064 che
1771 4031 1897 4065 sono
1917 4019 2091 4065 alcuni
2107 4018 2339 4073 religiosi
2360 4018 2453 4061 che
2474 4017 2771 4073 predicano,
2792 4027 2877 4060 ma
2898 4026 2997 4059 non
3018 4018 3045 4059 ὲ
3064 4017 3177 4059 cosl

711 4089 887 4135 presto
906 4083 1053 4130 linita
1071 4089 1126 4131 la
1143 4088 1372 4143 predica,
1394 4091 1488 4134 che
1509 4102 1608 4135 non
1632 4092 1822 4136 vadlno
1842 4092 2223 4147 publicamente
2245 4102 2277 4135 a
2300 4091 2329 4133 1·
2360 4090 2597 4137 hoctarla
2616 4088 2972 4139 inebriacarsi,
2994 4094 3049 4130 et
3068 4088 3177 4130 cosl

709 4164 812 4198 non
831 4156 984 4201 fanno
1005 4159 1187 4204 frntto.
1207 4160 1350 4206 Hora
1381 4164 1518 4207 lasso
1538 4164 1601 4207 de
1639 4164 1676 4208 ll
1708 4165 1968 4208 lutherani
2004 4164 2067 4207 de
2095 4166 2131 4208 li
2165 4164 2303 4218 quali
2338 4164 2372 4206 il
2400 4172 2557 4217 paese
2590 4164 2617 4205 e
2650 4162 2847 4215 pleno...
2880 4158 3179 4203 Bet-nardus

712 4224 973 4273 oliverius
1003 4230 1196 4277 Sancto
1225 4234 1432 4288 Ignatio
1460 4234 1512 4279 31
1544 4235 1775 4287 januarii
1808 4237 1936 4280 1554.

791 4298 815 4332 ⁸
868 4300 1150 4349 Peruwelz.
1172 4306 1308 4351 Vide
1338 4319 1516 4363 supra,
1535 4310 1756 4363 pamm
1777 4342 1788 4363 ,
1810 4310 1924 4354 ms.
1960 4309 2255 4353 “Peruwelz
2288 4314 2341 4351 et
2378 4308 2621 4361 Antolng·‚
2640 4309 2788 4349 etant
2818 4305 2982 4349 situes
3016 4314 3105 4349 eur
3126 4305 3177 4347 la

709 4372 824 4417 rive
854 4374 1024 4420 droite
1053 4376 1116 4421 de
1146 4378 1412 4435 l'Escaut‚
1435 4382 1834 4436 appartenaient
1855 4392 1922 4425 au
1957 4381 2161 4425 diocese
2196 4382 2259 4425 de
2292 4379 2564 4433 Cambrass
2585 4379 2633 4422 le
2656 4377 2713 4420 P.
2740 4375 2941 4421 Olivler
2972 4388 3007 4433 y
3028 4376 3175 4419 avait

711 4445 962 4501 innume
982 4459 1075 4493 son
1094 4450 1380 4505 miniscere,
1403 4464 1492 4496 sur
1512 4454 1545 4497 1·
1563 4452 1842 4498 invitation
1865 4455 1957 4497 des
1976 4457 2169 4507 cures...
2188 4452 2469 4496 Dafnen
2482 4482 2493 4495 .
2512 4452 2546 4495 l.
2568 4462 2629 4503 c.,
2651 4458 2771 4503 pag.
2791 4446 2888 4491 310.

789 4518 815 4553 ⁴
867 4518 968 4565 “Le
988 4521 1046 4566 P.
1066 4522 1305 4567 Ber-nard
1326 4522 1526 4569 Ollvler
1546 4526 1694 4569 avait
1713 4536 1781 4569 un
1801 4526 1957 4577 frere,
1980 4524 2158 4580 Henry
2188 4522 2405 4574 Οιὶνὶετ,
2430 4522 2515 4576 qui
2538 4520 2737 4565 habitai
2763 4520 3038 4574 Peruwe123
3059 4520 3176 4573 plus

708 4594 846 4647 tard,
867 4604 925 4638 ce
946 4595 1084 4640 frere
1105 4604 1254 4641 entra
1275 4598 1404 4642 dans
1423 4599 1476 4641 la
1497 4596 1813 4655 Compagnie
1834 4599 1969 4643 ainsi
1986 4609 2083 4652 que
2099 4597 2230 4641 trois
2249 4597 2312 4640 de
2330 4607 2413 4639 ses
2428 4594 2523 4649 fils;
2550 4595 2649 4639 l'un
2668 4594 2831 4647 d'eux‚
2850 4594 3035 4647 appele
3056 4592 3176 4635 Ber·

711 4667 861 4721 nard,
883 4678 1082 4713 comme
1102 4681 1196 4715 non
1218 4671 1381 4725 oncle,
1403 4672 1480 4715 fut
1501 4678 1709 4716 recteur
1729 4674 1761 4715 a
1781 4670 2163 4715 valenciennes
2180 4676 2235 4712 et
2262 4667 2555 4723 provincial
2584 4667 2645 4710 de
2666 4666 2934 4720 Belgique.
2958 4664 3003 4708 11
3027 4666 3175 4708 avait

707 4742 792 4782 dte
814 4742 962 4784 elev&
982 4752 1080 4796 par
1104 4750 1254 4787 autre
1276 4742 1338 4787 de
1370 4754 1456 4787 een
1477 4744 1666 4798 oncles,
1697 4743 1920 4797 Jacques
1940 4740 2156 4794 olivier,
2182 4744 2302 4785 eure
2322 4740 2385 4783 de
2402 4738 2801 4792 saint-jacqua
2821 4740 2853 4781 a
2873 4736 3098 4782 Tournal
3121 4743 3177 4779 et
