3742 5392
735 517 848 576 550
1661 515 1919 578 Canon.
1962 515 2115 577 Socss
2156 517 2295 591 Jns.

741 647 877 711 Dei
903 655 974 710 et
1001 648 1254 710 salutis
1284 647 1703 724 animarum,
1738 663 1877 727 quo
1909 645 2275 726 praeditus
2316 656 2495 725 erat,
2528 662 2754 726 nuper
2782 645 3205 710 accessisset

743 753 999 834 Legati
1040 753 1243 818 Sedis
1273 753 1732 834 Apostolicae
1771 752 2077 816 officium
2114 754 2187 816 in
2228 753 2555 816 omnibus
2583 753 2995 833 provinciiS,
3030 751 3209 832 Regi

738 861 1220 941 Portugalliae
1233 859 1592 942 subjectiS,
1610 861 2136 925 commendavit
2155 860 2231 925 P.
2252 859 2510 924 Mironi
2531 869 2609 924 ut
2624 869 2818 924 recte
2834 876 3208 942 quaecum·

743 985 880 1048 que
917 987 958 1031 a
1010 969 1275 1032 nostris
1312 968 1794 1032 scriberentur
1835 985 1927 1032 ex
1968 968 2169 1032 India
2210 968 2302 1031 ad
2344 967 2763 1047 religionem
2791 983 3209 1048 promoven-

742 1077 911 1139 dam
937 1076 1311 1139 adnotaret
1360 1086 1430 1138 et
1466 1076 1561 1139 ad
1609 1093 1688 1140 se
1717 1074 2041 1154 referret;
2072 1074 2265 1139 dedit
2303 1083 2541 1138 autem
2569 1074 2935 1140 Cardinali
2976 1075 3209 1154 legen·

743 1183 875 1246 das
910 1181 1058 1246 fere
1096 1199 1342 1246 omnes
1373 1183 1670 1261 litteraS,
1702 1199 1883 1262 quas
1908 1182 2239 1260 habebat,
2272 1181 2506 1246 Patris
2535 1182 2903 1246 Francisci
2936 1181 3209 1245 Xavier

745 1290 839 1353 ad
873 1287 951 1352 Ρ.
985 1287 1346 1354 Simonem
1391 1291 1731 1370 scriptaS,
1773 1290 2027 1370 quibus
2063 1289 2288 1369 lectiS,
2320 1289 2613 1370 perinde
2650 1299 2861 1370 atque
2899 1305 3081 1352 unus
3121 1289 3211 1352 de

747 1396 1102 1461 Societate
1131 1406 1378 1460 nostra
1409 1399 1714 1460 laetatus
1744 1406 1874 1474 est,
1920 1408 1989 1460 et
2028 1397 2437 1460 memoriale
2478 1397 2611 1460 sibi
2652 1396 2807 1461 dari
2845 1397 3072 1460 voluit
3102 1415 3211 1460 eo·

745 1523 928 1581 rum,
960 1522 1142 1585 quae
1175 1522 1338 1568 cum
1367 1503 1562 1584 Rege
1591 1513 1796 1568 erant
1841 1503 2330 1584 transigenda,
2372 1521 2555 1584 quae
2594 1503 2892 1584 ipsemet
2930 1503 3211 1584 expedi-

750 1624 953 1677 turus
980 1613 1272 1693 recepit,
1308 1623 1379 1676 et
1420 1612 1671 1676 eadem
1709 1612 2064 1676 charitate
2106 1631 2192 1675 ac
2230 1611 2617 1693 diligentia,
2652 1629 2833 1693 quae
2862 1611 2953 1674 ad
2980 1611 3211 1676 Brasi-

750 1722 918 1784 liam
940 1719 1411 1800 pertinebant,
1446 1719 1772 1783 confecta
1801 1719 2015 1783 dedit.

873 1825 1050 1889 1178.
1137 1827 1297 1891 Non
1335 1826 1776 1890 existimavit
1813 1825 1890 1889 P.
1936 1825 2213 1890 Natalis
2253 1827 2794 1891 constitutiones
2833 1825 3210 1890 Societatis

746 1937 883 1999 hoc
911 1952 1099 1998 anno
1131 1935 1204 1998 in
1233 1933 1503 1998 Indiam
1533 1932 1915 1998 mittendas
1944 1949 2125 2012 esse,
2151 1951 2239 1997 eo
2267 1935 2457 2014 quod
2483 1935 2717 1997 nullus
2738 1934 2825 1997 de
2854 1933 3211 1998 Societate

749 2042 1170 2118 mitteretur,
1214 2041 1335 2120 qui
1374 2040 1466 2106 ad
1511 2056 1638 2103 eas
1676 2038 2147 2104 declarandas
2187 2041 2483 2104 idoneus
2512 2041 2897 2119 videretur;
2940 2052 3009 2104 et
3052 2041 3211 2104 ideo

747 2152 821 2212 in
850 2159 1262 2228 sequentem
1293 2165 1559 2211 annum
1586 2165 1834 2212 earum
1855 2147 2100 2211 missio
2130 2148 2351 2212 dilata
2378 2159 2487 2211 est
2519 2147 2561 2210 ¹.

876 2254 1052 2319 1179.
1138 2255 1566 2318 Invenerant
1608 2255 1834 2317 nostri
1867 2255 2146 2333 regiam
2183 2255 2563 2336 quamdam
2607 2255 3141 2319 concessionem
3170 2273 3213 2317 a

751 2363 827 2426 Ρ.
870 2360 1158 2427 Simone
1207 2362 1683 2442 impetratam,
1730 2378 1915 2443 quae
1953 2361 2026 2425 id
2065 2361 2494 2440 continebat,
2536 2371 2615 2426 ut
2654 2379 2901 2426 omnes
2946 2362 3217 2426 reditus

749 2470 1214 2550 collegiorum
1243 2469 1507 2548 Indiae,
1542 2486 1726 2549 quae
1755 2469 1848 2532 ad
1877 2485 2138 2550 pueros
2168 2469 2543 2548 indigenas
2572 2467 3041 2533 instituendos
3062 2467 3219 2532 Rex

749 2578 1261 2660 applicaverat,
1303 2575 1641 2640 Societati
1691 2585 1980 2640 nostrae
2032 2577 2583 2657 applicarentur.
2624 2577 2701 2641 Id
2740 2587 2979 2640 tamen
3022 2576 3217 2657 prior

748 2686 870 2749 illa
900 2684 1281 2766 applicatio
1307 2683 1638 2760 habebat,
1687 2694 1764 2746 ut
1801 2684 2069 2748 nostris
2109 2684 2323 2748 etiam
2363 2685 2575 2748 iidem
2612 2684 2882 2749 reditus
2909 2684 3219 2747 deservi·

751 2800 932 2870 rent,
965 2809 1008 2853 a
1031 2792 1288 2871 quibus
1318 2790 1638 2869 Collegia
1667 2807 2051 2870 puerorum
2080 2790 2394 2871 regenda
2425 2800 2651 2867 erant,
2678 2801 2749 2855 et
2776 2808 2862 2854 ea
2891 2807 3092 2855 mens
3116 2790 3219 2853 vi·

750 2900 1052 2964 debatur
1079 2899 1302 2963 fuisse
1327 2898 1559 2962 Patris
1588 2897 1923 2978 Simonis,
1956 2909 2033 2962 ut
2056 2899 2345 2963 liberior
2373 2908 2561 2962 esset
2589 2896 2911 2963 Societas
2938 2899 3031 2962 ad
3054 2916 3219 2980 pue-

752 3025 876 3071 ros
905 3007 1062 3071 illos
1093 3007 1166 3070 in
1195 3007 1517 3086 collegiis
1547 3005 1955 3069 retinendos
1984 3007 2099 3070 vel
2127 3006 2605 3086 dimittendOS,
2638 3017 2708 3070 et
2736 3018 2813 3070 ut
2841 3007 2993 3070 sine
3024 3023 3217 3070 scru-

752 3117 919 3196 pulo
949 3115 1176 3179 nostri
1213 3113 1619 3194 hujusmodi
1655 3111 2001 3177 reditibus
2042 3122 2635 3179 sustentarentur.
2663 3113 3057 3179 Infantibus
3098 3132 3218 3178 au·

750 3232 892 3286 tem
950 3221 1124 3284 nihil
1172 3222 1529 3301 agendum
1574 3237 1730 3284 esse
1773 3238 1937 3285 cum
1983 3220 2178 3301 Rege
2207 3221 2605 3302 videbatur,
2650 3223 3222 3303 quandoquidem

753 3348 843 3393 ex
881 3329 1080 3393 India
1123 3329 1297 3392 nihil
1345 3329 1750 3410 petebatur,
1785 3338 1853 3391 et
1892 3328 2048 3392 Rex
2087 3339 2543 3393 concesserat
2582 3339 2659 3393 ut
2714 3330 2852 3393 illis
2881 3329 3223 3394 reditibus

749 3436 982 3501 nostri
1007 3436 1109 3499 uti
1141 3443 1452 3516 possent,
1487 3443 1558 3498 et
1588 3435 1889 3514 collegia
1916 3453 2301 3515 puerorum
2322 3437 2817 3503 conservanda
2842 3437 2912 3501 in
2942 3455 3223 3501 omnem

750 3554 1088 3608 eventum
1131 3543 1656 3621 existimabant,
1698 3553 1769 3605 et
1806 3543 2307 3624 improbabant
2343 3545 2531 3624 quod
2569 3544 2645 3607 P.
2680 3545 3035 3609 Antonius
3084 3543 3223 3609 Go-

753 3669 907 3715 mez
935 3667 1196 3731 pueros
1224 3666 1316 3714 ex
1355 3649 1671 3728 Collegio
1711 3647 1979 3714 Goensi
2026 3649 2359 3730 eJecerat:
2402 3669 2568 3716 cum
2609 3652 2798 3715 enim
2826 3652 2965 3715 viri
3002 3652 3225 3715 adulti

753 3758 1068 3822 moribus
1117 3756 1292 3820 satis
1331 3757 1648 3836 corrupti
1687 3756 1850 3836 sint,
1906 3773 2140 3820 novae
2189 3759 2475 3838 plantae
2525 3758 2705 3822 bene
2747 3759 3224 3824 instituendae

755 3865 1010 3929 merito
1039 3863 1633 3928 existimabantur
1661 3881 1706 3926 a
1729 3873 2019 3927 nostrae
2041 3863 2419 3928 Societatis
2439 3865 2860 3929 hominibus,
2893 3865 3222 3932 Nondum

753 3975 892 4036 hoc
914 3981 1232 4051 tempore
1261 3971 1284 4002 ²
1313 3972 1403 4036 de
1445 3981 1672 4035 morte
1714 3970 1791 4034 P.
1834 3971 2183 4051 Gasparis
2208 3969 2232 4002 ³
2262 3989 2394 4036 nec
2436 3971 2512 4036 P.
2545 3973 2915 4037 Francisci
2950 3973 3224 4038 Xavier

843 4249 858 4280 ¹
915 4247 1118 4293 “I-lanne
1140 4252 1238 4293 aea
1257 4250 1398 4293 visto
1417 4251 1498 4293 las
1527 4249 1925 4294 informacionea
1944 4251 2007 4294 de
2027 4251 2109 4294 las
2128 4250 2329 4304 Indias,
2351 4265 2385 4308 y
2406 4253 2459 4294 la
2482 4251 2746 4306 provision
2767 4263 2865 4307 qne
2885 4264 2940 4296 ae
2970 4253 3039 4297 ha
3060 4253 3226 4298 hecho

755 4329 869 4365 este
903 4323 1002 4365 nno
1030 4323 1148 4365 esta
1181 4322 1365 4365 mucho
1385 4323 1527 4376 bien,
1547 4334 1584 4378 y
1602 4323 1648 4365 el
1671 4333 1735 4365 no
1755 4323 1944 4366 enviar
1970 4324 2052 4367 lan
2080 4323 2483 4367 constituciones
2504 4324 2733 4367 tambien
2752 4334 2809 4368 se
2840 4323 2909 4369 ha
2938 4325 3103 4370 hecho
3132 4336 3228 4369 con

758 4404 916 4437 razon
935 4405 1031 4447 por
1051 4404 1266 4447 esperar
1287 4393 1438 4446 quien
1468 4395 1548 4437 las
1567 4394 1838 4438 declarase
1852 4426 1864 4447 ,
1886 4395 1938 4438 lo
1958 4395 2078 4438 eual
2094 4395 2261 4449 podra
2289 4395 2451 4438 hacer
2470 4406 2570 4439 nno
2591 4395 2653 4438 de
2675 4396 2751 4440 los
2770 4407 2869 4450 que
2898 4407 2954 4440 se
2976 4397 3227 4441 envinren

759 4467 807 4508 el
828 4467 929 4509 ano
949 4476 1046 4520 que
1069 4465 1244 4518 viene,
1267 4467 1311 4507 si
1343 4464 1470 4508 Dios
1491 4465 1634 4508 suere
1667 4465 1926 4520 servido.„
1959 4465 2242 4518 Polaneus,
2273 4477 2341 4510 ex
2373 4477 2523 4520 com„
2552 4465 2698 4512 Patri
2726 4465 2922 4520 Jacobo
2956 4467 3146 4523 Miron,
3174 4469 3232 4512 26

761 4535 884 4589 Julu
915 4537 1037 4582 1554.

842 4609 865 4640 ἱ
923 4607 1133 4653 Scilicet
1155 4617 1279 4653 ante
1300 4615 1602 4654 autumnum
1625 4611 1780 4665 hujus
1803 4611 1945 4654 anni.
1965 4609 2099 4655 Vide
2122 4611 2257 4654 infra
2273 4644 2285 4665 ,
2308 4621 2355 4654 n.
2376 4609 2483 4655 12oe
2500 4617 2554 4654 et
2574 4609 2769 4655 cartas
2788 4611 2856 4655 de
2876 4611 2987 4656 San
3008 4611 3229 4666 Ignacto

762 4691 802 4726 t.
823 4693 894 4726 w.
915 4693 1036 4737 pag.
1057 4683 1154 4726 ⁴0¹2.

844 4755 867 4786 δ
925 4754 1165 4798 Barcaei.
