3742 5392
769 455 878 519 384
1691 455 1944 515 Canon.
1988 456 2139 515 See.
2182 458 2321 531 JsS.

883 601 1028 665 828.
1112 603 1272 666 Fuit
1297 616 1530 665 autem
1559 603 2010 683 Methymnae
2036 604 2299 667 indicta
2324 606 2785 685 congregatio
2810 616 3219 670 nostrorum

771 710 1281 788 professorum,
1316 728 1496 791 quae
1527 711 1755 791 prima
1789 712 2098 773 omnium
2144 712 2296 786 fuit,
2332 730 2511 792 quae
2554 714 2833 793 quidem
2864 712 2937 776 in
2968 713 3214 793 Hispa-

770 820 888 881 nia
919 820 1277 882 celebrata
1309 818 1438 882 fuit
1473 820 1514 898 ¹,
1547 829 1891 881 evocatus
1920 828 2024 880 est
2056 818 2131 881 Ρ.
2166 818 2594 881 Franciscus
2624 820 2910 899 Borgia,
2943 819 3019 883 P.
3054 820 3219 884 Tor-

768 945 908 1005 reS,
941 926 1018 988 P.
1052 924 1308 988 Strada
1333 936 1402 988 et
1434 922 1508 988 P.
1536 926 1688 1004 ipse
1721 923 2188 988 Provincialis
2218 925 2483 1003 Araoz;
2510 944 2641 989 nec
2664 927 2850 989 enim
2880 927 3001 990 alii
3022 940 3227 1005 erant

767 1035 839 1096 in
871 1033 1216 1113 Hispania
1246 1032 1578 1111 Professi,
1615 1042 1899 1111 praeter
1928 1050 2071 1109 eOS,
2108 1033 2228 1112 qui
2258 1033 2328 1095 in
2372 1032 2802 1112 Portugallia
2842 1034 3221 1097 versaban-

767 1152 880 1204 tur
910 1140 954 1205 '.
989 1141 1226 1204 Causa
1255 1149 1490 1203 autem
1523 1138 1728 1218 hujus
1757 1140 2340 1219 congregationis
2382 1140 2555 1202 haec
2596 1140 2747 1218 fuit,
2791 1142 2981 1221 quod
3027 1142 3231 1205 initio

768 1246 973 1327 hujus
989 1249 1155 1311 anni
1177 1246 1260 1309 Ρ.
1286 1246 1625 1326 IgnatiuS,
1656 1248 1740 1309 de
1769 1257 1955 1310 statu
1983 1264 2218 1309 rerum
2242 1248 2799 1325 hispaniensium
2826 1266 2865 1310 a
2888 1248 2961 1309 P.
2988 1248 3227 1312 Natali

767 1355 1192 1433 admonituS,
1229 1355 1659 1417 existimavit
1692 1355 1826 1416 tria
1859 1354 1987 1416 sibi
2019 1372 2173 1415 esse
2218 1355 2287 1417 in
2334 1354 2671 1433 Hispania
2704 1356 3228 1418 constituenda:

767 1462 1070 1541 primum
1101 1474 1253 1523 erat
1285 1471 1359 1523 ut
1393 1462 1463 1523 in
1493 1462 1730 1539 plures
1761 1460 2169 1539 provincias
2201 1460 2545 1540 Hispania
2575 1462 3109 1525 distribueretur
3156 1476 3225 1525 et

769 1571 872 1632 eis
901 1569 1387 1633 Provinciales
1419 1567 2008 1647 p1·aeficerentur;
2044 1569 2341 1629 alterum
2376 1579 2449 1629 ut
2482 1569 2809 1631 omnibus
2848 1570 2985 1632 illis
3027 1568 3223 1633 Com-

769 1676 1134 1739 missarius
1167 1675 1442 1755 aliquis,
1477 1674 1566 1736 ad
1598 1692 1806 1753 quem
1837 1673 2321 1735 provinciales
2352 1683 2418 1736 et
2450 1676 2569 1736 alii
2614 1693 2977 1737 recursum
3020 1676 3235 1739 habe-

764 1791 942 1861 rent,
979 1783 1484 1845 institueretur:
1521 1782 1800 1844 tertium
1834 1794 1907 1843 ut
1934 1782 2316 1843 triennales
2340 1792 2614 1844 tantum
2639 1781 3037 1861 hujusmodi
3060 1783 3225 1846 Pro—

767 1891 1108 1953 vinciales
1139 1900 1206 1951 et
1239 1890 1784 1951 Commissarius
1820 1898 2076 1951 essent.
2488 1974 2492 1977 ι

883 1996 1024 2059 829.
1115 1996 1318 2058 Hanc
1362 2006 1596 2058 autem
1643 1997 2097 2075 partitionem
2144 1995 2216 2057 P.
2264 1995 2579 2071 [gnatius
2624 1996 3023 2061 faciendam
3066 2016 3219 2061 cen-

765 2104 926 2167 suit:
971 2112 1045 2165 ut
1085 2102 1408 2178 Regnum
1452 2102 1886 2181 Aragoniae,
1940 2102 2315 2165 Valentiae
2365 2113 2431 2165 et
2484 2103 2967 2181 Catalauniae,
3016 2116 3223 2185 prout

765 2222 1150 2290 coeperant
1181 2210 1224 2285 ⁵,
1261 2210 1386 2271 sub
1419 2228 1556 2272 uno
1582 2218 1816 2272 essent
1847 2208 2305 2286 Provinciali;
2332 2228 2491 2272 eum
2523 2220 2757 2273 autem
2780 2230 2937 2273 esse
2968 2212 3223 2275 debere

762 2318 840 2380 Ρ.
875 2316 1226 2393 Stradam‚
1262 2328 1404 2393 aut,
1439 2318 1500 2379 si
1532 2318 1644 2379 ille
1675 2335 1815 2379 non
1847 2316 2273 2391 admitteret,
2308 2316 2382 2378 Ρ.
2410 2317 2803 2397 Baptistam
2828 2319 3231 2394 de'Barma,

769 2424 887 2505 qui
927 2434 1094 2487 tunc
1138 2424 1434 2503 Collegii
1474 2422 1901 2486 Gandiensis
1942 2420 2200 2485 Rector
2232 2433 2408 2485 erat.
2444 2424 2521 2486 In
2550 2424 2927 2487 Provincia
2964 2424 3222 2489 Castel-

763 2534 897 2610 lae,
929 2542 1005 2595 ut
1028 2531 1421 2611 Collegium
1445 2530 1875 2610 Ognatense,
1906 2530 2291 2609 Burgense,
2320 2531 2930 2611 Vallisoletanum,
2958 2532 3230 2614 Methy—

765 2657 1055 2703 mnense
1095 2648 1163 2702 et
1204 2638 1700 2719 Complutense
1741 2649 2107 2701 manerent
2156 2639 2283 2700 sub
2330 2636 2405 2699 P.
2448 2638 2723 2717 AraOZ,
2768 2640 2887 2719 qui
2927 2641 2999 2703 in
3028 2641 3230 2703 curia.

764 2757 1188 2827 occupatuS‚
1223 2748 1433 2825 longe
1465 2746 1554 2808 ab
1585 2762 1670 2807 ea
1711 2746 2044 2808 recedere
2086 2745 2235 2807 sine
2279 2746 2725 2809 incommodo
2766 2764 2909 2810 non
2942 2748 3231 2811 videba-

761 2864 896 2915 tur.
931 2853 1322 2932 Collegium
1355 2861 1592 2915 autem
1620 2848 2180 2915 Salmanticense
2208 2850 2249 2929 ⁸,
2280 2852 2735 2915 Cordubense
2760 2864 2827 2917 et
2852 2854 3015 2931 alia,
3042 2872 3233 2934 quae

761 2960 834 3023 in
863 2960 1152 3023 Baetica
1198 2959 1839 3040 praeparabantur,
1874 2975 2080 3021 suum
2120 2959 2379 3022 habere
2424 2958 2943 3024 Provincialem
2985 2961 3228 3024 distin·

761 3080 952 3131 ctum
976 3065 1284 3146 jubebat,
1319 3076 1388 3129 et
1416 3064 1802 3129 Doctorem
1832 3065 2096 3128 Torres
2126 3066 2429 3145 primurn
2459 3066 2791 3130 Baeticae
2820 3068 3221 3131 Provincia·

759 3177 896 3237 lem
927 3174 1369 3254 designabat.
1403 3174 1483 3237 In
1505 3172 1941 3253 Portugallia
1968 3190 2144 3235 vero
2177 3174 2396 3236 voluit
2428 3172 2496 3235 P.
2532 3172 2879 3237 Mironem
2902 3156 2974 3237 in
2998 3174 3231 3237 officio·

759 3280 1230 3345 Provincialis
1260 3298 1745 3362 perseverare,
1774 3280 1998 3343 donec
2024 3280 2404 3345 triennium
2428 3281 2828 3344 absolveret
2850 3283 2963 3345 vel
2994 3282 3063 3345 in
3089 3282 3231 3345 Ae—

761 3388 1100 3470 thiopiam
1131 3388 1545 3465 mitteretur,
1580 3387 1640 3450 si
1669 3405 1752 3450 eo
1787 3387 2173 3451 mittendus
2204 3398 2379 3451 erat.

843 3560 857 3591 ¹
919 3557 996 3601 De
1019 3563 1269 3612 tempore,
1301 3568 1398 3612 quo
1427 3556 1559 3601 haec
1587 3556 1756 3611 prima
1782 3556 2135 3600 Provincialls
2161 3555 2519 3611 Congregatio
2552 3558 2601 3601 in
2624 3557 2875 3612 Hispania
2908 3558 3091 3601 habita
3122 3566 3221 3609 est,

761 3630 969 3674 consule
990 3630 1131 3673 dicta
1152 3630 1202 3673 in
1226 3628 1413 3673 Canas
1436 3630 1501 3671 de
1534 3628 1644 3671 San
1677 3626 1915 3681 lgnacio,
1938 3634 1974 3671 t.
2008 3638 2084 3683 xv,
2104 3638 2225 3683 pag.
2260 3627 2325 3682 10,
2358 3636 2529 3673 annot.
2561 3630 2601 3679 23
2630 3629 2721 3673 sed
2740 3641 2804 3673 ea
2824 3630 3000 3673 confer
3021 3640 3138 3674 cnm
3158 3630 3231 3673 iis

758 3714 890 3755 quae
911 3702 1014 3753 hic,
1029 3701 1360 3755 praecedenti
1381 3712 1430 3743 n.
1450 3700 1547 3753 827,
1569 3700 1708 3744 dicta
1729 3706 1866 3743 sunt.

837 3772 859 3802 ⁸
913 3770 1048 3815 Vide
1069 3781 1246 3825 supra,
1269 3777 1305 3814 t.
1329 3780 1405 3823 ιιι,
1428 3780 1548 3824 pag.
1573 3769 1636 3817 18.
1656 3776 1830 3813 annot.
1853 3770 1891 3823 l,
1914 3776 1965 3813 et
1990 3770 2041 3813 in
2066 3770 2163 3813 hoc
2184 3777 2221 3814 t.
2242 3781 2315 3821 w,
2338 3781 2458 3826 pag.
2489 3771 2533 3825 6,
2566 3778 2741 3815 annot.
2760 3770 3099 3815 5.—Praeter
3126 3770 3221 3814 hos

759 3847 984 3896 quatuor
1003 3841 1287 3894 professos,
1307 3841 1454 3895 alios,
1475 3842 1561 3895 qui
1585 3840 1810 3884 Professi
1831 3851 1933 3884 non
1965 3848 2131 3893 erant,
2164 3842 2316 3886 immo
2348 3850 2401 3886 et
2424 3842 2714 3897 quemdam,
2748 3843 2835 3897 qui
2856 3842 2919 3886 de
2958 3840 3227 3887 societate

757 3925 856 3955 non
877 3919 1011 3967 erat,
1031 3912 1150 3956 huic
1169 3912 1370 3967 primae
1392 3911 1706 3965 hispaniensi
1729 3912 2125 3966 congregationi
2162 3914 2459 3958 interfuisse
2481 3914 2559 3957 ait
2580 3912 2903 3957 Crassuscos
2922 3913 3005 3958 his
3024 3912 3219 3957 verbis:

753 3984 1162 4027 “Concurrieron
1183 3986 1214 4026 a
1234 3983 1336 4027 ella
1359 3994 1454 4027 con
1472 3984 1519 4025 el
1542 3982 1705 4026 Santo
1727 3982 1883 4038 Borja
1904 3984 1951 4027 el
1974 3984 2029 4027 P.
2050 3982 2279 4027 Maestro
2302 3985 2484 4039 Nadal,
2508 3985 2554 4027 el
2591 3984 2648 4027 P.
2681 3982 2874 4038 Miguel
2912 3984 2975 4028 de
3006 3982 3219 4037 Torres,

758 4056 950 4099 Rector
968 4054 1029 4098 de
1051 4053 1378 4105 salamanca,
1401 4054 1450 4097 el
1470 4054 1527 4097 P.
1549 4053 1745 4097 Doctor
1764 4054 1957 4108 Araoz,
1979 4056 2027 4097 el
2049 4054 2105 4097 P.
2138 4054 2387 4109 Estrada,
2414 4057 2461 4099 el
2494 4056 2549 4099 P.
2587 4056 2945 4105 Bu.tamante.
2982 4056 3032 4099 el
3053 4055 3111 4098 P.
3134 4052 3226 4098 Vi·-

755 4127 1022 4181 llanueva,
1045 4125 1235 4170 Rector
1255 4126 1318 4169 de
1341 4126 1545 4173 Alcala.
1565 4136 1598 4179 y
1619 4128 1666 4169 el
1690 4126 1748 4170 P.
1771 4124 2041 4180 Tablares;
2063 4139 2097 4182 y
2116 4127 2176 4169 de
2191 4127 2373 4171 asuera
2388 4132 2609 4182 (aunque
2628 4130 2771 4171 tenta
2793 4126 2999 4172 vestida
3016 4128 3064 4169 ei
3079 4126 3217 4170 alma

756 4208 854 4241 con
873 4199 926 4243 la
941 4197 1106 4252 Ropa)
1125 4198 1174 4241 el
1195 4197 1503 4241 ilustrislmo
1533 4196 1739 4251 Torres,
1773 4196 1964 4252 obispo
1996 4208 2093 4252 que
2128 4198 2211 4241 fue
2243 4199 2304 4243 de
2338 4198 2583 4251 canaria,
2616 4210 2751 4253 cusa
2788 4210 2921 4253 gran
2954 4198 3221 4243 sabiduria

756 4269 873 4324 dcjo
889 4276 1143 4324 perpetua
1163 4282 1198 4326 y
1218 4270 1332 4313 bien
1355 4270 1620 4323 esculpida
1638 4280 1698 4313 su
1719 4270 1967 4313 memoria
1989 4281 2052 4313 en
2076 4272 2125 4313 la
2148 4272 2411 4325 republica
2436 4272 2719 4325 Παιανιᾶ...
2745 4268 2878 4315 Vida
2896 4270 2985 4314 del
3004 4268 3219 4313 Grande

757 4341 792 4381 S
811 4352 866 4384 m
887 4340 1179 4385 F'rancisco
1199 4341 1265 4385 de
1283 4340 1471 4395 Boria,
1491 4341 1579 4385 lib.
1600 4352 1671 4395 iv,
1694 4352 1814 4395 cap.
1839 4354 1888 4385 x.

833 4412 856 4445 ⁸
913 4412 1205 4468 Coeperant
1227 4418 1403 4457 autem
1423 4424 1536 4456 cum
1559 4424 1690 4457 anno
1718 4414 1821 4457 1552
1839 4416 2153 4460 constitutus
2176 4422 2255 4459 est
2277 4415 2579 4469 Aragoniae
2599 4413 2947 4458 Provincialis
2966 4413 3024 4456 P.
3044 4412 3222 4457 Simon

761 4482 1068 4538 Redi-ignes.
1089 4483 1222 4527 Vide
1237 4494 1412 4538 supra,
1436 4490 1474 4527 t.
1496 4494 1550 4537 ιι,
1573 4495 1691 4540 pag.
1711 4484 1788 4528 701
1812 4492 1864 4529 et
1886 4496 2012 4540 seq.,
2036 4498 2085 4529 n.
2106 4486 2187 4529 622
2206 4493 2258 4529 et
2280 4497 2404 4541 seq„
2428 4492 2479 4529 et
2504 4493 2541 4529 t.
2566 4496 2640 4539 m,
2660 4496 2779 4539 pag.
2800 4484 2896 4537 3:32,
2921 4496 2967 4529 n.
2990 4484 3087 4528 73⁹.

833 4556 860 4589 ⁴
913 4554 1220 4599 Dubitatum
1239 4556 1596 4609 agitatumque
1617 4555 1703 4599 diu
1724 4563 1803 4599 est
1825 4556 2031 4601 cuinam
2064 4557 2375 4601 Provinciae
2396 4557 2773 4601 attribueretur
2806 4556 3221 4600 salmanticense

759 4624 1064 4681 Collegium,
1086 4624 1400 4669 Baeticaene
1422 4636 1490 4668 an
1511 4624 1858 4671 castellanae:
1880 4627 1973 4671 sed
2004 4627 2211 4672 tandem
2244 4626 2574 4672 castellanae
2603 4628 2914 4671 attributum
2954 4634 3049 4673 est.
3082 4626 3225 4669 Vide-

757 4696 950 4739 Cartas
970 4696 1036 4741 de
1053 4696 1163 4739 San
1185 4695 1420 4750 Ignacio,
1439 4704 1478 4740 t.
1510 4706 1580 4749 ιν,
1603 4707 1727 4750 pag.
1750 4697 1778 4739 9
1797 4706 1848 4741 et
1869 4710 1957 4753 seq
1984 4706 2065 4749 ,et
2086 4699 2237 4753 infra,
2260 4705 2434 4743 annot.
2456 4698 2485 4741 3
2502 4700 2565 4741 ad
2590 4709 2636 4741 n.
2660 4698 2758 4743 wo.

3046 4876 3083 4943 1
