3742 5392
669 445 782 504 310
1593 444 1851 503 Canon.
1892 442 2043 505 Soc.
2087 444 2223 515 ⁵lits.

679 591 1072 671 explicare;
1124 591 1276 671 ipse
1327 602 1567 653 autem
1615 590 1690 653 P.
1745 590 2153 653 Bernardus
2204 606 2411 651 mane
2460 586 3019 651 concionabatur
3066 586 3137 647 in

673 700 936 775 templo
966 698 1310 777 quodam,
1344 698 1532 777 quod
1562 697 1901 761 Vicarius
1930 696 2263 777 Episcopi
2282 780 2285 782 Α
2306 697 2409 758 eis
2448 693 2540 757 ad
2576 693 3138 774 praedicandum

671 804 1209 884 assignaverat;
1271 816 1418 867 tam
1475 806 1660 867 enim
1720 804 2166 867 tornacensis
2216 820 2430 883 quam
2479 800 3003 864 cameracensis
3053 818 3137 862 eo

675 921 990 991 tempore
1042 910 1419 975 Societatis
1455 911 1847 975 ministeria
1907 927 2241 974 exercere
2301 908 2563 972 nostris
2612 907 3134 987 permittebant:

674 1029 828 1081 erat
877 1029 1116 1081 autem
1166 1020 1468 1082 ecclesia
1509 1018 1889 1098 conjuncta
1941 1017 2226 1081 cuidam
2276 1015 2741 1091 monasterie,
2784 1014 2975 1094 quod
3014 1012 3135 1099 Be-

667 1125 1053 1203 ghinarum
1078 1134 1364 1205 vocant,
1387 1143 1714 1207 quarum,
1733 1134 2115 1204 antequam
2133 1123 2461 1186 Tornaco
2484 1122 2873 1199 recederet,
2892 1138 3137 1184 curam

670 1232 822 1311 ipse
852 1230 927 1295 Ρ.
961 1232 1338 1311 Quintinus
1367 1233 1750 1311 habuerat,
1785 1243 1854 1295 et
1896 1241 2064 1295 tunc
2094 1232 2160 1295 ei
2190 1230 2649 1293 restituerant
2689 1229 2703 1258 ¹
2733 1228 2826 1291 ad
2868 1226 3138 1291 confes-

670 1342 906 1402 siones
949 1356 1195 1402 earum
1245 1339 1636 1403 audiendas
1688 1349 1758 1401 et
1800 1339 2099 1402 verbum
2142 1336 2279 1400 Dei
2321 1335 2905 1417 praedicandum.
2956 1334 3137 1398 Cum

669 1455 910 1509 autem
959 1446 1271 1510 Tornaci
1313 1445 1798 1510 confessiones
1835 1464 1919 1508 eo
1962 1458 2277 1524 tempore
2322 1444 2638 1507 rariores
2677 1450 2953 1519 essent,
3000 1460 3141 1505 non

672 1554 1264 1617 existimaverunt
1292 1554 1518 1617 nostri
1550 1551 1640 1615 ad
1669 1562 1945 1632 tempus
1976 1552 2044 1614 id
2075 1568 2331 1614 munus
2371 1550 2912 1613 detrectandum
2950 1565 3135 1625 esse,

673 1659 898 1723 donec
931 1661 1067 1723 alia
1101 1659 1393 1739 majoris
1421 1660 1765 1723 momenti
1795 1659 2081 1739 negotia
2114 1675 2238 1721 eos
2269 1658 2408 1721 alio
2440 1667 2851 1720 avocarent.

789 1767 931 1829 661.
1021 1767 1380 1831 Vivebant
1403 1778 1642 1831 autem
1667 1765 1962 1847 pacifice
1988 1765 2391 1841 admodum,
2418 1764 2545 1827 sed
2568 1764 2722 1827 sine
2740 1764 3131 1843 superiore,

671 1875 742 1936 in
771 1874 994 1936 initio.
1029 1874 1206 1938 Cum
1237 1883 1474 1937 autem
1504 1872 1580 1937 P.
1613 1873 1934 1953 Ignatius
1965 1891 2087 1936 eos
2117 1872 2612 1948 consuluisset,
2638 1870 2823 1934 sicut
2846 1880 2915 1933 et
2938 1871 3131 1933 lova-

675 1982 956 2043 vienses
986 1998 1071 2044 ac
1103 1981 1586 2058 colonienseS,
1634 1998 1728 2043 an
1760 1980 2118 2043 videretur
2162 1979 2419 2059 aliquis
2462 1978 2769 2041 Tornaci
2816 1978 3137 2057 superior

675 2087 1072 2167 eligenduS,
1137 2106 1222 2151 ac
1280 2097 1653 2168 praeterea
1705 2105 1799 2149 an
1853 2087 2320 2151 provincialis
2369 2086 2657 2166 aliquiS,
2723 2085 2842 2166 qui
2891 2102 3139 2148 curam

671 2195 963 2258 haberet
992 2204 1437 2273 nostrorum,
1470 2195 1590 2274 qui
1620 2196 1692 2258 in
1721 2194 2049 2258 Inferiori
2078 2193 2459 2257 Germania
2482 2240 2497 2271 ,
2524 2192 2882 2271 Coloniae,
2909 2192 3137 2255 Lova·

673 2302 771 2363 nii
798 2313 867 2364 et
897 2302 1204 2365 Tornaci
1237 2300 1670 2380 residebant,
1704 2312 1772 2366 et
1803 2302 1864 2365 si
1894 2304 2013 2383 qui
2044 2302 2117 2365 in
2148 2301 2411 2381 Anglia
2443 2309 2679 2363 essent
2726 2298 3051 2363 mittendi
3090 2300 3135 2377 ¹²,

675 2410 933 2486 nostri,
968 2410 1189 2489 quiin
1233 2409 1456 2472 tribus
1493 2410 1604 2473 his
1648 2410 1826 2472 locis
1869 2410 2375 2483 versabantur,
2424 2408 2690 2487 scripto
2739 2405 2815 2469 P.
2861 2405 3139 2485 Ignatio

675 2533 843 2579 suas
875 2517 1264 2579 sententias
1293 2517 1660 2579 miserunt.
1707 2514 1884 2579 Erat
1922 2524 2160 2579 autem
2198 2514 2347 2577 fere
2386 2515 2701 2577 omnium
2739 2513 3137 2577 communis

675 2640 1064 2686 consensus
1087 2670 1100 2701 ,
1134 2622 1446 2685 Tornaci
1475 2623 1913 2703 superiorem
1940 2623 2247 2703 aliquem
2274 2629 2396 2683 aut
2417 2630 2768 2684 rectorem
2791 2638 2945 2683 esse
2970 2638 3135 2683 con-

673 2730 1136 2793 stituendum:
1172 2731 1358 2809 quod
1401 2729 1494 2793 ad
1540 2727 2063 2793 Provincialem
2104 2729 2393 2805 attinet,
2438 2745 2579 2791 non
2618 2728 2902 2808 quidem
2938 2728 3131 2791 illum

675 2837 902 2900 videri
934 2838 1446 2916 necessarium,
1482 2854 1644 2900 cum
1673 2837 1883 2917 pauci
1914 2845 2150 2899 essent
2179 2836 2250 2899 in
2281 2837 2507 2899 tribus
2545 2835 2935 2915 praedictis
2964 2835 3139 2898 locis

681 2944 832 3017 (vix
861 2944 1045 3007 enim
1072 2961 1318 3007 omnes
1342 2944 1738 3025 quindecim
1765 2943 2032 3021 erant),
2060 2959 2221 3005 cum
2243 2942 2654 3005 scholastici
2678 2942 2850 3005 nulli
2873 2950 3132 3019 essent,

673 3060 745 3114 et
775 3050 1068 3113 admissi
1097 3050 1398 3113 Romam
1442 3060 1563 3113 aut
1612 3048 1969 3113 Viennam
2010 3050 2569 3129 destinarentur;
2616 3050 2859 3112 utilem
2903 3058 3141 3110 tamen

677 3158 829 3221 sore
859 3156 1261 3237 hujusmodi
1290 3156 1815 3220 Provincialem
1841 3156 1988 3220 fere
2018 3174 2265 3219 omnes
2286 3156 2696 3220 sentiebant
2726 3155 2774 3217 ³.

792 3264 932 3327 662.
1022 3265 1200 3328 Cum
1251 3273 1486 3327 autem
1537 3264 1864 3343 quisnam
1912 3264 2016 3325 eis
2060 3262 2149 3325 ad
2192 3274 2565 3343 utrumque
2604 3279 2859 3326 munus
2910 3263 3140 3342 aptior

676 3371 1072 3448 videretur,
1099 3370 1301 3451 jussu
1332 3370 1404 3433 P.
1436 3370 1693 3449 Ignatii
1737 3366 1762 3399 ⁴
1801 3387 2006 3433 suam
2049 3370 2473 3433 sententiam
2515 3369 2926 3432 sacerdotes
2972 3370 3141 3431 scri-

755 3614 768 3643 ·
827 3612 994 3657 Minus
1007 3619 1150 3656 certe
1165 3613 1250 3657 hic
1267 3612 1484 3666 exprimi
1499 3612 1710 3655 videtur
1727 3622 1885 3665 quam
1899 3611 2060 3655 habet
2076 3610 2369 3663 Datamen,
2388 3611 2421 3654 1.
2444 3622 2506 3659 e..
2525 3622 2645 3665 pag.
2662 3610 2761 3655 314.
2778 3610 2879 3654 *Le
2902 3610 2959 3654 P.
2979 3610 3143 3663 Quen-

669 3686 746 3728 tin
765 3684 1006 3739 prechait
1024 3686 1204 3739 depuis
1221 3694 1314 3728 son
1335 3684 1542 3727 arrivee
1560 3686 1593 3727 a
1612 3684 1812 3736 l’eglise
1834 3683 1903 3727 du
1924 3682 2231 3737 begutnage,
2248 3694 2314 3727 ou
2328 3683 2365 3725 il
2381 3682 2531 3727 avait
2551 3685 2807 3727 conserve
2822 3694 2883 3727 sa
2898 3683 3143 3738 jurisdic-

672 3758 776 3800 tion
797 3756 843 3799 d'
864 3756 1160 3810 autrefois„
1181 3755 1442 3800 011verius
1462 3756 1749 3798 scribebat:
1777 3754 1999 3807 “Questo
2020 3756 2048 3797 e
2070 3753 2387 3797 monasterio
2407 3754 2457 3797 di
2481 3754 2646 3799 donne
2676 3756 2773 3798 che
2801 3754 2843 3798 si
2866 3754 3143 3798 chiamano

669 3828 894 3882 baghine
927 3828 1046 3881 (sic)
1078 3828 1162 3871 del
1191 3829 1345 3882 quale
1378 3828 1558 3870 soleva
1589 3828 1756 3870 havet
1777 3826 1815 3869 il
1847 3825 1903 3869 P.
1924 3825 2167 3878 Quintino
2195 3826 2248 3869 la
2278 3835 2406 3870 cura
2437 3826 2607 3880 prima
2635 3827 2729 3869 che
2758 3836 2816 3869 se
2846 3827 2894 3869 n’
2920 3826 3143 3870 undasse

668 3908 720 3943 et
745 3900 927 3943 adesso
947 3899 1020 3953 gii
1041 3900 1212 3943 hanno
1244 3909 1359 3943 reso
1383 3900 1433 3941 la
1454 3909 1600 3941 cura.
1615 3926 1630 3941 .
1645 3930 1691 3951 .„

747 3972 771 4003 2
827 3972 1018 4026 “petra
1035 3971 1195 4015 etiam
1229 3970 1472 4014 trattarsi
1503 3980 1558 4013 se
1592 3969 1736 4013 saria
1767 3970 1895 4012 bene
1916 3969 2011 4013 che
2046 3969 2325 4014 havessino
2346 3970 2397 4013 di
2430 3972 2482 4013 la
2504 3981 2570 4013 un
2599 3980 2728 4024 capo
2748 3980 2893 4013 come
2926 3968 3143 4012 Provin-

667 4044 800 4087 ciale
818 4076 829 4097 ,
851 4054 884 4087 a
903 4043 984 4087 cui
1007 4042 1298 4087 obedientia
1326 4048 1553 4086 stessero
1575 4040 1612 4085 li
1643 4040 1794 4089 altri,
1814 4046 1868 4085 et
1888 4040 1931 4084 si
1953 4046 2135 4095 questo
2156 4042 2233 4085 tal
2254 4052 2387 4095 capo
2415 4041 2588 4096 poti-ia
2611 4042 2823 4084 bastare
2859 4052 2951 4096 per
2970 4039 3141 4083 Leva-

667 4116 750 4159 nio
771 4121 823 4159 et
847 4113 1062 4159 Colonia
1079 4126 1108 4157 ο
1129 4125 1256 4158 vero
1277 4126 1393 4159 non.
1414 4113 1476 4157 D·
1493 4112 1614 4168 ogni
1645 4123 1767 4157 cosa
1787 4112 2059 4156 trattundo
2078 4112 2161 4156 fra
2184 4124 2238 4156 se
2254 4146 2266 4167 ,
2287 4120 2541 4167 poti-anno
2564 4113 2659 4155 dar
2679 4123 2744 4156 un
2774 4124 2904 4167 poco
2924 4112 2971 4155 d'
2992 4112 3141 4155 aviso

667 4187 812 4231 accio
833 4186 980 4231 Ntro.
999 4187 1170 4230 Padre
1189 4186 1468 4241 proveda...
1481 4186 1755 4229 Polaticus.
1769 4195 1837 4228 ex
1849 4196 2003 4237 com„
2018 4184 2169 4229 Patri
2192 4184 2458 4229 Bernardo
2480 4184 2729 4235 oliverio,
2745 4184 2800 4227 23
2820 4183 2940 4239 MaJi
2964 4184 3141 4227 1554.-

665 4258 1074 4313 “Exspectamus
1092 4259 1214 4313 quid
1234 4257 1526 4302 statueritis
1546 4258 1628 4301 his
1648 4258 1711 4300 de
1732 4257 1903 4307 rebus,
1922 4268 2051 4310 quas
2072 4256 2141 4299 ad
2158 4268 2255 4300 vos
2270 4257 2453 4301 uitimo
2472 4257 2775 4311 scripsimus
2794 4257 2940 4300 circa
2958 4258 3147 4310 guber·

667 4332 930 4375 nationem
960 4329 1241 4376 Societatis
1273 4331 1341 4375 ad
1372 4330 1670 4375 inferiorem
1699 4328 2035 4373 Germaniam
2070 4336 2121 4372 et
2156 4338 2225 4371 an
2256 4328 2641 4373 Provincialem
2673 4328 2919 4373 constitui
2954 4329 3142 4372 debere

665 4404 954 4457 judicetis„
975 4402 1116 4447 Idem
1135 4401 1286 4448 Patri
1307 4403 1539 4447 Adriano
1564 4402 1948 4445 Adriaenssens
1962 4432 1973 4454 ,
1994 4400 2049 4444 26
2066 4400 2094 4452 J
2100 4400 2203 4444 unii
2228 4400 2349 4444 1554.

747 4476 771 4507 ³
826 4475 1079 4519 Bet-nardi
1099 4473 1318 4519 oliverii
1336 4475 1597 4519 sententia
1618 4474 1916 4517 continetur
1938 4473 2147 4527 litteris,
2172 4483 2389 4527 quarum
2410 4474 2618 4527 saepius
2638 4474 2747 4527 Jam
2788 4471 2978 4516 mentio
2998 4472 3143 4516 facta

669 4553 767 4601 est,
788 4546 843 4590 27
860 4545 998 4599 Junii
1019 4546 1242 4591 Tornaci
1264 4546 1419 4591 datis.

752 4618 774 4651 ⁴
829 4618 1050 4663 Litteris
1067 4627 1100 4662 a
1120 4618 1179 4661 P.
1194 4618 1440 4667 Polanco,
1459 4627 1525 4660 ex
1553 4627 1665 4660 com
1683 4647 1698 4665 ,
1718 4616 1857 4659 datis
1887 4614 1955 4660 ad
1976 4614 2032 4658 P.
2056 4614 2345 4659 Adrianum
2368 4616 2748 4661 Adriaenssens
2762 4650 2773 4669 ‚
2794 4616 2848 4661 24
2866 4617 2989 4670 Julii
3022 4616 3140 4669 155⁴,

667 4700 724 4733 et
746 4690 862 4735 aliis
881 4690 1062 4735 eadem
1081 4690 1164 4733 die
1185 4690 1252 4733 ad
1273 4689 1330 4732 P.
1347 4688 1666 4732 Bernardum
1686 4688 1991 4731 oliverium.
