3742 5392
1253 507 1276 546 ο
1629 491 1757 549 ΑΝ.
1801 489 1943 549 1554
2916 487 3027 548 529

548 639 795 719 nepoti
823 637 864 716 ¹,
892 635 1214 701 confecta
1239 643 1464 714 erant,
1492 644 1562 699 et
1583 634 2011 716 perlibenter
2034 651 2118 697 ea
2142 635 2420 716 accepit
2442 651 2573 716 pro
2597 649 2682 696 ea
2704 632 3021 712 benigni-

548 754 700 809 tate
724 761 809 808 ac
831 743 1347 820 benevolentia,
1375 759 1516 822 qua
1539 749 1825 804 nostros
1847 742 2431 821 prosequebatur;
2454 750 2523 804 et
2547 739 2676 804 Dr.
2695 738 3018 816 PifieruS,

553 852 774 932 Regis
801 852 1269 915 concionator
1297 859 1366 912 et
1396 865 1702 928 magnae
1732 847 2151 912 eruditionis
2184 848 2314 924 vir,
2347 855 2595 929 postea
2624 847 3025 929 Episcopus

555 958 1027 1024 Mirandensis
1055 957 1110 1033 ¹,
1143 957 1425 1021 dicebat
1455 955 1634 1035 Regi
1665 973 1805 1020 non
1835 971 1995 1018 esse
2041 955 2514 1037 Olyssiponae
2551 973 2702 1020 rem
2732 953 3024 1036 perinde

555 1067 909 1147 insignem
939 1082 1152 1146 quam
1182 1065 1318 1128 hoc
1350 1063 1746 1143 Collegium
1773 1062 1886 1125 his
1914 1063 2375 1144 temporibus.

681 1172 858 1236 1123.
943 1150 1118 1236 Erat
1147 1181 1384 1234 autem
1411 1181 1560 1234 tam
1586 1169 1767 1249 Regi
1797 1187 2011 1251 quam
2042 1169 2360 1250 Reginae
2388 1178 2458 1233 et
2487 1169 2883 1234 Infantibus
2912 1187 3027 1234 cu-

555 1297 682 1344 rae
710 1289 788 1344 ut
821 1279 1298 1358 intelligerent
1340 1295 1524 1358 quae
1563 1277 1634 1358 in
1665 1278 1784 1340 illo
1834 1275 2153 1355 Collegio
2182 1277 2647 1356 gerebantur:
2690 1277 2777 1340 de
2818 1277 3030 1340 rebus

550 1387 982 1452 necessariis
1014 1387 1106 1450 ad
1133 1387 1401 1448 victum
1435 1385 1697 1464 partim
1735 1384 1893 1448 Rex
1924 1384 2073 1465 ipse
2114 1383 2566 1464 providebat,
2610 1384 2730 1465 qui
2761 1391 3029 1448 certam

557 1495 900 1576 pecuniae
929 1509 1284 1557 summam
1321 1501 1391 1556 et
1421 1491 1852 1556 frumentum
1899 1499 1968 1554 et
2012 1508 2193 1571 quae
2236 1491 2328 1554 ad
2368 1491 2895 1571 aegrotantium
2932 1493 3032 1554 vi·

553 1611 752 1666 ctum
781 1611 850 1665 et
882 1600 1272 1665 medicinas
1301 1607 1702 1679 opportuna
1732 1607 1968 1673 erant,
2004 1607 2074 1660 et
2103 1599 2243 1660 alia
2274 1598 2367 1661 ad
2397 1615 2604 1661 usum
2633 1598 2887 1662 domus
2916 1613 3031 1661 ne-

562 1709 875 1773 cessaria
904 1707 1509 1770 subministrabat.
1542 1704 1794 1768 Effecit
1823 1706 2041 1768 etiam
2072 1715 2147 1768 ut
2178 1705 2435 1768 civitas
2466 1723 2556 1768 ex
2584 1706 2864 1768 aerario
2909 1705 3028 1769 du·

558 1825 811 1879 centos
839 1824 909 1878 et
939 1814 1454 1895 quinquaginta
1484 1830 1740 1876 aureos
1772 1811 1910 1874 hoc
1943 1829 2129 1874 anno
2159 1812 2299 1875 illis
2328 1812 2715 1888 conferret;
2750 1821 2821 1876 et
2850 1829 3036 1876 eam-

567 1922 727 1986 dem
757 1932 880 1986 aut
912 1919 1255 2002 majorem
1286 1936 1637 1983 summam
1667 1919 1969 1999 singulis
2015 1919 2223 1982 annis
2252 1919 2759 1983 conferendam
2798 1937 3036 1999 spera-

563 2031 770 2110 bant,
805 2038 874 2093 et
902 2031 1039 2094 hoc
1084 2045 1272 2091 anno
1311 2028 1496 2090 intra
1536 2043 1808 2107 paucos
1852 2043 2132 2090 menses
2177 2027 2433 2090 civitas
2471 2026 2619 2090 fere
2659 2033 3037 2090 sexcentos

579 2153 834 2200 aureos
863 2135 1222 2216 expendit.

693 2243 868 2307 1124.
957 2241 1229 2305 Privati
1268 2241 1484 2304 etiam
1520 2239 1810 2320 quidam
1844 2240 1985 2302 viri
2028 2242 2177 2303 suis
2228 2241 2697 2321 eleemosynis
2742 2240 3035 2321 adjuva·

571 2353 766 2415 bant:
802 2351 1093 2431 quidam
1123 2351 1261 2412 duo
1291 2349 1510 2413 millia
1542 2348 1965 2411 ducatorum
1986 2346 2199 2424 dedit,
2236 2348 2487 2428 quibus
2508 2349 2831 2428 perpetui
2860 2347 3037 2411 redi·

567 2471 685 2522 tus
716 2468 1001 2522 centum
1029 2467 1097 2520 et
1125 2457 1386 2536 viginti
1428 2456 1738 2536 quinque
1768 2455 2190 2518 ducatorum
2236 2464 2661 2533 emerentur,
2708 2457 2889 2518 alius
2940 2474 3040 2519 re·

563 2567 760 2630 <litus
791 2565 880 2629 ad
912 2582 1126 2628 unum
1156 2581 1248 2626 ex
1278 2563 1388 2626 his
1417 2562 1906 2641 collegialibus
1934 2571 2280 2643 perpetuo
2312 2563 2678 2642 alendum,
2713 2563 2833 2626 alii
2866 2563 3045 2626 alias

567 2689 889 2736 summas
918 2673 1160 2750 legare
1190 2670 1736 2733 constituerunt:
1780 2669 1911 2732 fuit
1950 2678 2021 2732 et
2064 2669 2182 2749 qui
2223 2669 2599 2733 haeredem
2649 2670 3046 2749 relinquere

571 2774 1214 2858 vellet'Collegium
1243 2778 1495 2858 ipsum.
1540 2775 1704 2840 Fuit
1734 2789 1974 2840 autem
2002 2775 2426 2839 firmissimis
2454 2777 2845 2857 parietibus
2890 2778 3047 2841 hor-

573 2899 694 2950 tus
723 2896 995 2966 septuS,
1030 2894 1099 2949 et
1130 2885 1221 2948 ad
1252 2884 1323 2947 id
1352 2884 1644 2947 civitate
1674 2899 2031 2963 expensas
2060 2877 2249 2946 bona
2278 2901 2367 2946 ex
2390 2893 2593 2963 parte
2616 2883 3044 2960 conferente,

571 2994 910 3075 quamvis
939 2993 1137 3073 prius
1167 2989 1736 3055 aedificationem
1764 2989 2224 3069 impedierat;
2258 2999 2326 3052 et
2352 2991 2449 3053 ita
2486 2989 2772 3053 hortum
2800 2991 3045 3066 latum,

573 3099 880 3165 fertilem
900 3149 914 3178 ‚
949 3108 1019 3163 et
1048 3098 1374 3162 omnibus
1403 3097 1647 3160 usibus
1675 3095 2089 3160 domesticis
2130 3097 2441 3161 maxime
2482 3097 2880 3177 appositum
2927 3097 3045 3160 ha-

573 3209 910 3271 buerunt.

703 3314 878 3378 1125.
964 3313 1286 3378 Medicus
1337 3312 1654 3393 quidam,
1711 3310 1832 3392 qui
1874 3319 2283 3375 nostrorum
2331 3327 2635 3392 corpora
2680 3311 2909 3392 gratis
2960 3330 3051 3376 ex

665 3591 683 3624 ¹
740 3591 951 3636 Scilicet
985 3592 1038 3635 in
1065 3592 1313 3634 honorem
1333 3590 1478 3633 sacta
1499 3597 1550 3632 et
1583 3590 1790 3633 laudem
1824 3589 1998 3641 Regis.
2021 3590 2232 3644 ejusque
2254 3590 2504 3645 fratrum,
2525 3597 2579 3634 et
2614 3590 2871 3645 Principis
2903 3591 3057 3636 Seba-

581 3664 740 3709 stlnni
756 3697 766 3716 ,
791 3675 971 3708 recens
993 3663 1120 3706 nati.
1144 3661 1276 3705 Vide
1299 3672 1458 3715 supra
1475 3693 1486 3714 ,
1509 3671 1629 3716 pag.
1650 3661 1746 3714 894,
1769 3673 1817 3705 n.
1837 3659 1943 3705 847.

665 3737 690 3770 ²
742 3735 832 3780 Ἴ).
855 3734 1083 3779 Αηιοῃίο
1102 3733 1364 3780 Pinhelro.
1387 3733 1542 3788 Bispo
1563 3733 1626 3776 de
1659 3731 1899 3777 miranda
1934 3743 1961 3776 e
1992 3734 2055 3776 de
2086 3733 2281 3786 Leiria,
2302 3734 2517 3780 natural
2544 3735 2613 3780 dn
2634 3735 2778 3780 Villa
2806 3737 2871 3780 de
2902 3735 3060 3780 Porto

581 3809 649 3852 de
669 3807 806 3860 Moz.
827 3819 894 3850 na
914 3805 1185 3861 provincia
1205 3805 1270 3848 da
1287 3804 1690 3849 Extremadura.
1705 3804 1882 3848 Tendo
1903 3806 2117 3859 seguido
2138 3817 2195 3849 os
2216 3807 2426 3850 estudos
2445 3818 2528 3851 em
2550 3806 2711 3858 Paris.
2730 3809 2913 3852 voltou
2931 3819 3063 3862 para

587 3879 840 3934 Portugal
861 3911 871 3928 ,
889 3879 1018 3922 onde
1045 3878 1103 3932 ja
1123 3883 1313 3920 estava
1342 3888 1408 3920 no
1441 3888 1576 3920 anno
1599 3876 1718 3918 1541.
1742 3874 1834 3920 Foi
1868 3882 2059 3920 mestre
2082 3877 2146 3920 do
2178 3877 2415 3932 Principe
2435 3877 2499 3922 D.
2522 3877 2667 3931 Joao,
2690 3877 2813 3923 fllho
2837 3879 2883 3923 d'
2902 3879 3065 3936 Elrey

587 3951 651 3996 D.
670 3951 799 4004 Joao
821 3950 912 4004 ΙΙΙ,
935 3949 1150 3994 Guarda
1169 3953 1282 3993 mor
1303 3949 1367 3992 do
1391 3949 1624 3992 Archivo
1645 3947 1776 3992 Real
1791 3981 1802 4002 ,
1824 3959 1852 3992 e
1874 3947 2148 3994 Visitador
2167 3962 2194 3992 e
2230 3948 2573 3994 Reformador
2592 3951 2661 3994 da
2679 3951 3065 3996 Univereldade

583 4024 649 4067 de
689 4023 948 4068 Coimbra.
989 4022 1228 4065 Exerceu
1267 4021 1426 4064 ainda
1459 4027 1637 4064 outros
1675 4031 1862 4072 cargos
1903 4022 2247 4076 imponantes
2285 4022 2589 4076 (pregador
2624 4025 2677 4067 α’
2712 4023 2869 4068 Εινει·
2904 4035 3065 4068 nosse

588 4093 812 4144 Senhor,
831 4096 968 4146 etc.),
989 4092 1229 4136 havendo
1247 4103 1426 4146 potem
1446 4091 1641 4135 duvida
1661 4101 1716 4134 ee
1739 4098 1858 4134 teve
1882 4103 1910 4134 o
1932 4092 1993 4135 de
2016 4092 2299 4136 Chronista
2320 4099 2431 4136 mor
2451 4105 2548 4148 que
2570 4093 2807 4140 Barbosa
2840 4096 2890 4139 le
2912 4096 3067 4139 attri-

587 4166 703 4209 bue.
727 4165 830 4208 Por
849 4175 945 4208 sua
965 4163 1237 4207 influencla
1259 4175 1286 4206 e
1307 4163 1550 4207 conselho
1581 4172 1864 4206 concorreu
1887 4175 1970 4207 em
1999 4165 2198 4218 grande
2234 4171 2387 4219 parte
2416 4176 2551 4220 para
2569 4177 2603 4211 a
2633 4173 2852 4221 enti-ega
2872 4166 2941 4211 da
2962 4177 3068 4211 mo-

585 4236 806 4281 narchia
826 4247 859 4280 a
895 4235 1094 4290 Filippe
1130 4235 1176 4278 ΙΙ
1197 4236 1259 4278 de
1291 4233 1548 4284 Ca’stella.
1567 4246 1600 4279 a
1629 4235 1745 4289 quo
1765 4236 1993 4289 respeito
2026 4237 2208 4288 podem
2228 4247 2400 4280 ver-se
2428 4248 2490 4281 as
2510 4237 2673 4282 Mem.
2692 4239 2760 4283 de
2780 4237 2976 4283 ωηεν.
3001 4238 3071 4283 da

591 4308 756 4352 Acad.
779 4307 840 4350 R.
861 4307 955 4351 das
976 4306 1058 4350 Sc.
1082 4307 1144 4350 de
1165 4304 1357 4350 Lisboa
1379 4318 1442 4350 no
1466 4313 1603 4350 tomo
1625 4317 1708 4360 111,
1732 4317 1851 4360 pag.
1874 4305 2135 4350 76.—Nam
2157 4308 2224 4351 soi
2248 4311 2335 4352 ate
2356 4318 2523 4362 agorn
2553 4309 2781 4364 possivel
2804 4309 3073 4354 descrimi-

586 4389 686 4422 nar
706 4391 738 4423 a
759 4379 959 4433 epocha
977 4379 1043 4422 do
1064 4390 1154 4422 seu
1177 4379 1526 4432 falecimento,
1543 4390 1642 4433 que
1662 4388 1850 4432 parece
1876 4379 2047 4424 tivera
2074 4381 2225 4433 loger
2244 4385 2394 4424 entre
2415 4391 2474 4424 os
2504 4391 2666 4426 annos
2694 4381 2756 4426 de
2774 4381 2877 4426 1581
2893 4393 2923 4426 e
2943 4381 3065 4426 1583.

590 4451 638 4494 A
667 4463 762 4495 sua
794 4451 1105 4506 biographia
1143 4462 1170 4493 e
1204 4457 1408 4494 retrato
1443 4461 1562 4494 vem
1597 4460 1690 4494 nos
1719 4449 1979 4494 Retratos
2000 4461 2027 4494 e
2049 4451 2180 4505 Etog
2221 4452 2287 4497 de
2320 4451 2519 4497 Vardes
2537 4464 2566 4496 e
2588 4452 2791 4506 Donas,
2820 4453 3070 4508 eta—E...

592 4522 865 4567 Iuocmtcxo
895 4521 1185 4566 Famcrsco
1215 4533 1286 4565 DA
1307 4521 1488 4574 Suam,
1506 4519 1852 4564 Diccionario
1871 4521 2311 4578 Bibliographtco
2330 4523 2649 4577 Poreuguu,
2667 4533 2703 4569 t.
2720 4535 2758 4579 t,
2779 4537 2898 4581 pag.
2920 4525 3073 4581 286„—

592 4595 728 4638 Vide
763 4595 924 4638 etiam
957 4593 1246 4648 Biograt'ia
1282 4594 1622 4638 eclesiastica
1659 4592 1942 4648 completa,
1975 4601 2011 4639 t.
2032 4604 2191 4648 xvm,
2215 4607 2336 4650 pag.
2355 4595 2454 4649 Sm,
2476 4597 2647 4652 ibique
2679 4599 2905 4642 observa
2944 4610 3075 4654 quas

593 4671 775 4721 partes
807 4665 891 4709 vir
925 4666 1006 4710 hic
1041 4666 1094 4710 ln
1127 4667 1383 4710 tradenda
1414 4666 1644 4710 lusitana
1677 4666 1982 4711 monarchia
2015 4665 2250 4724 Philippo
2285 4666 2334 4711 11
2364 4669 2587 4722 gessisse
2622 4669 2855 4724 dicatum
2878 4671 3077 4718 distant

595 4737 738 4782 enim
760 4743 870 4782 toto
892 4739 1038 4782 coelo
1057 4739 1125 4782 ab
1145 4738 1209 4782 lis
1225 4771 1236 4791 ,
1259 4749 1391 4792 quae
1412 4739 1457 4781 ei
1481 4737 1664 4782 tribuit
1687 4747 1756 4781 uA
1788 4736 1968 4782 Sava.

822 4827 900 4886 T.
944 4845 1027 4883 ιν.
2726 4845 2794 4900 34
