3742 5392
675 479 790 538 490
1595 480 1856 541 Canon.
1894 479 2049 540 Soc.
2090 479 2231 552 Jas.

807 626 983 692 1034.
1071 627 1270 691 Patri
1298 627 1544 691 Araoz
1571 626 2102 692 commendavit
2129 636 2209 690 ut
2231 626 2325 689 ad
2346 625 2807 706 particularia
2831 622 3147 687 Societa—

589 787 624 806 κ
683 734 776 797 tis
822 735 1117 813 negotia
1165 734 1545 798 tractanda
1597 735 1829 813 magis
1882 735 2199 798 animum
2236 732 2631 814 applicaret
2668 740 2738 796 et
2777 731 3009 795 minus
3050 729 3145 792 ad

679 842 1104 918 saecularia;
1135 843 1467 923 quamvis
1495 843 1644 920 ille,
1677 851 1756 906 ut
1793 842 2123 923 superius
2160 839 2469 905 diximus
2502 838 2554 919 ¹,
2588 856 2753 904 cum
2790 840 3142 920 spirituali

680 949 1072 1014 intentione
1099 958 1172 1012 et
1201 949 1434 1014 fructu
1463 950 1865 1014 saecularia
1895 967 1973 1013 se
2004 958 2319 1013 tractare
2348 947 2753 1012 affirmaret.

807 1054 983 1120 1035.
1069 1055 1146 1119 P.
1178 1055 1644 1121 Franciscum
1673 1057 2012 1136 Borgiam
2040 1056 2225 1120 bono
2254 1056 2493 1120 animo
2522 1055 2981 1120 commissum
3008 1056 3144 1120 sibi

677 1179 936 1226 munus
964 1173 1416 1227 exercentem
1445 1164 1748 1244 reliquit,
1783 1174 1852 1228 et
1879 1165 2069 1228 serio
2095 1163 2593 1244 gubernationi
2616 1172 2688 1227 et
2709 1163 3144 1227 constitutio-

680 1268 890 1333 nibus
917 1281 1320 1349 vacantem,
1355 1269 1534 1334 adeo
1563 1283 1640 1334 ut
1670 1271 1821 1351 ipse
1849 1271 1926 1335 P.
1954 1271 2229 1335 Natalis
2250 1271 2630 1336 miraretur
2652 1278 2721 1333 et
2742 1269 2949 1334 simul
2970 1285 3142 1350 gau-

681 1374 883 1440 deret
911 1393 1371 1457 magnopere;
1406 1376 1530 1440 sed
1559 1378 1850 1442 fervens
1873 1378 2255 1442 admodum
2276 1377 2351 1441 iu
2373 1375 2829 1440 admittendis
2852 1376 3145 1440 homini·

679 1483 812 1547 bus
841 1494 910 1548 et
939 1485 1262 1564 collegiis
1289 1486 1506 1550 etiam
1535 1495 1714 1549 erat.
1755 1485 2087 1549 Affirmat
2115 1493 2353 1549 autem
2393 1484 2583 1564 quod
2613 1500 2877 1563 magna
2908 1485 2997 1548 de
3023 1486 3145 1548 illo

677 1591 1113 1656 existimatio
1153 1602 1308 1656 erat
1337 1593 1616 1672 ubique,
1650 1602 1720 1656 et
1747 1593 1937 1672 quod
1966 1608 2096 1655 suo
2134 1592 2459 1673 exemplo
2489 1592 2870 1680 plurimum
2899 1608 3146 1656 omnes

678 1698 1136 1776 aedificabat,
1169 1709 1240 1763 et
1277 1700 1562 1763 demum
1599 1717 1762 1765 cum
1800 1700 2039 1764 fructu
2078 1717 2343 1780 magno
2381 1700 2453 1763 in
2494 1700 2715 1763 variis
2754 1696 3145 1780 Hispaniae

679 1807 856 1870 locis
877 1807 1324 1886 versabatur;
1338 1815 1409 1871 et
1429 1816 1807 1888 postquam
1833 1807 2071 1887 aliqua
2094 1823 2255 1870 cum
2273 1806 2601 1886 Principe
2621 1805 2897 1888 Joanna
2920 1815 3143 1869 trans-

679 1913 979 1994 egisset,
1022 1913 1532 1978 Salmanticam
1572 1915 1676 1979 ire
1716 1914 2117 1978 destinabat
2142 1963 2157 1994 ,
2199 1923 2270 1977 et
2306 1913 2470 1978 inde
2508 1914 2816 1978 transire
2853 1912 3142 1977 Placen·

675 2020 876 2100 tiam,
903 2021 1024 2085 ubi
1045 2021 1132 2086 de
1154 2021 1471 2102 Collegio
1501 2023 1934 2086 instituendo
1964 2039 2129 2086 cum
2154 2021 2512 2103 Episcopo
2544 2021 2915 2100 agebatur,
2948 2031 3021 2084 et
3042 2019 3137 2084 ibi

677 2126 992 2192 vicinum
1046 2128 1406 2209 quoddam
1455 2130 1985 2194 heremitorium
2026 2138 2148 2192 aut
2187 2126 2351 2210 [ad]
2394 2145 2473 2192 se
2516 2126 2991 2208 colligendum
3020 2125 3142 2190 do-

675 2251 872 2298 mum
902 2235 1166 2315 eligere
1187 2246 1561 2311 statuerat,
1593 2247 1672 2300 ut
1695 2235 1768 2299 in
1790 2237 2023 2299 medio
2044 2245 2350 2317 quatuor
2372 2235 2904 2316 provinciarum
2926 2245 3137 2313 esset,

677 2350 750 2406 et
789 2357 1328 2422 quoquoversus
1367 2341 1531 2406 inde
1571 2344 1816 2424 egredi
1845 2353 2121 2423 posset,
2162 2343 2467 2420 scilicet,
2502 2342 2573 2406 in
2608 2340 3141 2420 Portugalliam,

675 2446 1097 2529 Castellam,
1138 2450 1501 2514 Baeticam
1541 2461 1610 2514 et
1648 2449 2217 2530 Aragonensem.
2258 2449 2649 2514 Admonuit
2694 2458 2937 2512 tamen
2980 2465 3145 2512 eum

679 2553 754 2618 P.
794 2553 1072 2619 Natalis
1099 2573 1188 2619 ne
1217 2573 1482 2620 nomen·
1501 2557 1938 2621 heremitorii
1965 2557 2067 2620 illi
2096 2556 2337 2620 domui
2358 2557 2775 2636 imponeret,
2800 2554 2929 2618 sed
2954 2553 3145 2618 aliud

675 2660 884 2742 Juxta
912 2662 1291 2727 formulam
1319 2665 1904 2727 constitutionum
1932 2674 2339 2727 nostrarum
2362 2661 2407 2722 ⁸.

805 2767 984 2832 1036.
1067 2769 1373 2850 Quidam
1415 2770 1542 2834 Dr.
1599 2769 1933 2835 Sanctius
1982 2769 2071 2834 de
2118 2769 2458 2850 Mugnon,
2504 2769 2622 2850 qui
2665 2766 3146 2834 Salmanticae

686 2876 1166 2955 praebendam
1197 2877 1502 2941 habebat
1531 2877 1588 2955 ³,
1623 2895 1786 2940 cum
1814 2876 2117 2941 Romam
2147 2877 2353 2940 annis
2374 2877 2781 2957 praeteritis
2801 2876 3141 2952 venisset,

681 2991 752 3045 et
782 2981 974 3046 domi
1001 2994 1294 3048 nostrae
1322 2985 1806 3065 spiritualibus
1835 2985 2197 3048 exercitiis
2226 2983 2615 3048 instructus
2652 2982 2935 3062 suisset,
2976 2969 3146 3046 tunc

681 3089 963 3170 quidem
991 3089 1420 3156 Societatem
1451 3093 1728 3172 ingredi
1757 3109 1899 3156 non
1942 3093 2337 3171 constituit,
2368 3091 2494 3155 sed
2524 3091 2660 3155 hoc
2699 3108 2889 3154 anno
2927 3091 3145 3154 omni-

677 3214 772 3260 no
797 3215 876 3261 se
902 3199 1154 3263 vocari
1181 3217 1227 3263 a
1256 3199 1440 3264 Dno,
1475 3201 1759 3264 dicebat
1787 3217 1864 3264 se
1895 3201 2191 3280 sentire,
2222 3210 2295 3263 et
2324 3200 2627 3280 amplius
2664 3216 2743 3262 se
2787 3199 2972 3262 nolle
2994 3197 3145 3277 Spi-

677 3305 846 3368 ritui
875 3303 1142 3371 Sancto
1171 3308 1536 3389 resistere;
1569 3318 1639 3372 et
1667 3310 1769 3372 ita
1796 3308 2085 3390 scripsit
2116 3307 2188 3372 P.
2224 3308 2503 3388 Ignatio
2526 3324 2603 3371 se
2626 3317 2958 3387 paratum
2987 3323 3143 3369 esse

679 3420 748 3476 et
771 3411 918 3493 jam
950 3414 1360 3494 expeditum
1400 3415 1491 3478 ad
1535 3415 1975 3496 ingressum,
2019 3427 2090 3478 et
2130 3415 2390 3495 agebat
2438 3431 2602 3477 cum
2650 3413 2727 3478 P.
2780 3413 3020 3477 Natali
3068 3421 3145 3476 ut

679 3516 981 3583 Romam
1035 3520 1269 3602 ipsum
1325 3521 1708 3586 deduceret
1727 3571 1742 3601 ,
1801 3521 1862 3585 si
1920 3521 2316 3599 videretur;
2354 3511 2509 3583 'nec
2564 3519 3016 3600 improbabat
3073 3518 3144 3582 id

676 3625 754 3688 P.
795 3625 1104 3706 NataliS,
1149 3644 1280 3691 nec
1322 3629 1537 3692 etiam
1577 3629 1653 3692 P.
1696 3628 2163 3708 FranciscuS,
2218 3645 2426 3708 quem
2467 3628 2960 3704 consuluerat;
3001 3644 3144 3690 non

677 3743 915 3797 tamen
943 3735 1177 3798 venit:
1203 3744 1272 3798 et
1302 3735 1468 3816 quia
1497 3736 1876 3800 videbatur
1902 3751 2155 3816 parum
2184 3734 2483 3813 stabilis,
2524 3731 2613 3796 de
2652 3750 2737 3796 eo
2774 3732 3143 3796 admitten-

675 3841 769 3904 do
799 3858 943 3904 non
971 3851 1080 3905 est
1107 3843 1410 3922 amplius
1439 3852 1680 3907 actum
1706 3841 1752 3902 ⁴.

759 4010 776 4044 ¹
835 4009 969 4054 Vide
989 4021 1166 4065 supra,
1187 4022 1308 4067 pag.
1327 4012 1426 4062 434.
1450 4024 1498 4057 n.
1518 4012 1617 4056 934.

756 4081 780 4114 ⁸
834 4081 1052 4137 Saepius
1073 4083 1230 4127 etlam
1250 4083 1317 4127 ab
1339 4083 1543 4138 ignatio
1565 4084 1791 4128 monitus
1810 4090 1892 4127 est
1914 4083 1953 4127 P
1992 4083 2307 4128 Franciscns
2327 4093 2389 4126 ne
2408 4093 2595 4127 nomen
2614 4083 2714 4128 hoc
2744 4083 3029 4127 eremitorii
3050 4081 3142 4126 ulli

677 4154 848 4198 domui
870 4153 1152 4199 societatis
1171 4155 1500 4209 lmplneeret.
1521 4156 1765 4210 quoniam
1784 4167 1886 4200 uon
1908 4161 1965 4200 ut
1985 4155 2411 4209 contemplationi
2431 4156 2483 4200 in
2501 4165 2677 4199 eremo
2699 4163 2871 4205 vacet,
2892 4155 2984 4198 sed
3004 4161 3063 4198 ut
3088 4154 3143 4198 in

677 4225 832 4269 vinca
855 4225 1060 4270 Domini
1093 4237 1443 4280 prox-morum
1463 4227 1621 4271 saluti
1643 4227 1906 4271 curandae
1940 4227 2091 4270 enixe
2110 4227 2373 4292 incumbat
2394 4226 2675 4271 societatis
2704 4227 3001 4271 institutum
3034 4233 3138 4270 ent.

677 4295 810 4342 Vide
825 4330 836 4349 .
857 4303 916 4341 ut
937 4309 1092 4342 unum
1122 4305 1324 4342 tantum
1358 4299 1639 4342 offex-amm
1667 4300 1979 4352 exemplum,
2000 4297 2228 4353 Can-rao,
2250 4298 2498 4342 Historia
2519 4299 2607 4341 det
2629 4297 2835 4352 Colegao
2852 4298 2920 4343 de
2934 4297 3147 4346 Alcaia',

673 4368 761 4413 lib.
782 4380 836 4423 v,
855 4379 972 4422 cap.
999 4371 1068 4413 12.
1127 4369 1204 4413 De
1227 4369 1308 4413 his
1326 4371 1478 4424 plura
1499 4371 1548 4413 in
1571 4369 1720 4413 Nova
1743 4370 1866 4414 Seri
1888 4384 1895 4396 ·
1914 4370 2229 4413 litterarum
2252 4370 2441 4413 Sancti
2466 4369 2682 4420 Ignatii.

755 4441 781 4475 ⁸
835 4440 968 4486 Vide
991 4441 1184 4485 Canas
1201 4442 1270 4485 de
1289 4441 1400 4484 San
1423 4440 1659 4494 Ignacto.
1679 4448 1715 4485 t.
1739 4452 1812 4494 tv,
1833 4453 1961 4496 pag.
1987 4441 2077 4494 ¹53.
2098 4443 2185 4486 ubi
2206 4442 2359 4497 hujus
2388 4441 2813 4486 salmanticensis
2832 4441 3141 4492 beneficiati

675 4525 956 4568 cognomen
977 4514 1228 4568 >criptum
1248 4520 1331 4557 est
1351 4513 1555 4558 Μίῆοη.
1577 4513 1674 4558 Est
1696 4522 1873 4559 tamen
1893 4515 1945 4558 in
1962 4515 2200 4570 pluribus
2222 4515 2444 4567 Regesca'
2464 4515 2608 4568 iocis,
2630 4523 2785 4568 prout
2806 4515 2889 4558 hic
2912 4515 2963 4558 in
2984 4513 3139 4558 Chro-

677 4587 812 4638 nico,
843 4585 1061 4629 Mation.

753 4659 779 4692 ⁴
831 4657 924 4702 “El
944 4656 1172 4702 Maestro
1193 4655 1380 4702 Muliou
1395 4690 1408 4706 .
1427 4657 1698 4702 racionero
1719 4658 1782 4702 de
1803 4657 2134 4712 salamanca,
2150 4669 2341 4714 parece
2360 4657 2572 4713 queri-la
2593 4657 2741 4702 venir
2759 4659 2792 4701 a
2808 4656 2970 4702 Roma
2984 4669 3021 4714 y
3041 4668 3139 4701 con

673 4730 870 4774 ciertas
888 4730 1215 4774 condiciones
1233 4740 1332 4784 que
1365 4739 1467 4774 non
1495 4740 1590 4774 son
1611 4729 1796 4774 faciles
1816 4730 1880 4773 de
1902 4729 2084 4774 haber.
2107 4731 2153 4773 Α
2172 4729 2399 4774 Nuestro
2430 4729 2599 4774 Padre
2631 4729 2683 4772 ni
2703 4739 2799 4772 con
2820 4730 2953 4773 clins
2982 4727 3034 4772 ni
3058 4727 3143 4772 sin
