3742 5392
759 489 870 549 482
1683 490 1937 550 (innox.
1981 492 2133 549 Soc.
2192 493 2313 561 las.

884 636 1059 701 1018.
1146 636 1576 702 Admonitus
1625 638 1842 702 etiam
1889 635 1964 701 P.
2016 635 2341 720 [Natalis]
2371 638 2561 717 quod
2591 639 2664 701 in
2692 638 2895 703 Italia
2926 656 3068 704 non
3106 643 3237 705 ad—

757 744 1100 809 mittenda
1131 746 1466 809 censebat
1509 746 1818 825 collegia
1860 743 1936 807 P.
1977 745 2327 825 IgnatiuS,
2370 745 2443 809 in
2480 746 2735 825 quibus
2763 747 3014 809 saltem
3058 764 3238 827 qua--

757 852 1148 915 tuordecim
1171 852 1556 916 sustentari
1584 870 1728 915 non
1751 862 2064 933 possent,
2094 852 2166 916 id
2189 862 2557 933 tamquam
2584 854 2816 934 legem
2837 854 2909 918 in
2940 857 3228 935 provin-

755 958 886 1022 ciis
914 958 1303 1039 Hispaniae
1335 957 1794 1041 [servandum
1818 957 2220 1040 injungens]
2253 959 2622 1023 admonuit
2652 978 2743 1023 ne
2774 961 3225 1027 admitteren-

754 1075 898 1146 tur,
933 1075 1004 1129 et
1030 1066 1200 1130 utile
1229 1065 1383 1129 fore
1420 1067 1754 1146 sperabat
1789 1065 1830 1129 ¹.

877 1172 1053 1236 1019.
1140 1172 1590 1238 Divisionem
1626 1174 2163 1254 provinciarum
2195 1174 2287 1237 ad
2315 1173 2619 1239 fructum
2652 1176 3121 1256 copiosiorem
3152 1189 3223 1242 et

751 1280 1318 1345 aedificationem
1347 1282 1905 1345 redundaturam
1945 1280 2377 1361 confidebat,
2412 1282 2741 1361 quamvis
2778 1282 2856 1346 P.
2891 1282 3221 1349 Stradam

751 1388 1100 1468 aptiorem
1127 1386 1218 1450 ad
1247 1405 1516 1466 munus
1557 1387 2028 1451 concionandi
2074 1405 2290 1468 quam
2333 1388 2777 1468 gubernandi
2828 1390 3223 1455 existimari

750 1496 1057 1575 scripsit,
1083 1504 1152 1558 et
1177 1496 1528 1559 utiliorem
1560 1512 1853 1575 operam
1881 1494 2221 1559 Societati
2252 1505 2708 1573 navaturum,
2736 1496 2797 1559 si
2829 1496 2921 1560 ad
2946 1516 3029 1561 ea
3063 1501 3221 1562 loca

747 1620 825 1666 se
853 1602 1241 1677 conferret,
1297 1603 1415 1666 ubi
1465 1604 1768 1683 collegia
1815 1601 2197 1667 Societatis
2227 1601 2782 1681 inchoabantur;
2824 1604 2919 1668 ad
2964 1622 3233 1669 munus-

749 1718 987 1774 autem
1017 1709 1557 1789 gubernationis
1590 1709 1666 1773 P.
1702 1710 2103 1790 Baptistam
2132 1710 2218 1773 de
2255 1709 2519 1773 Barma
2552 1760 2565 1787 ,
2600 1728 2843 1791 quem,
2875 1728 3041 1775 cum
3080 1712 3221 1775 Va-

745 1817 1035 1881 lentiam
1066 1816 1366 1896 veniret,
1401 1816 1493 1879 ad
1523 1816 2039 1896 professionem
2077 1816 2457 1880 admittere
2504 1817 2989 1881 constituerat.
3036 1817 3219 1898 Quia

745 1934 984 1989 tamen
1025 1924 1101 1988 P.
1147 1924 1465 2004 Ignatius
1504 1941 1665 1987 eum
1695 1923 1718 1954 ¹
1747 1925 2247 1987 nominaverat
2295 1924 2525 2004 primo
2555 1925 2738 2003 loco,
2771 1926 3099 2003 quamvis
3143 1928 3217 1989 in

745 2031 1058 2095 secundo
1109 2032 1340 2111 ipsum
1389 2030 1465 2094 P.
1521 2031 1913 2111 Baptistam
1967 2030 2427 2109 nominasset,
2471 2048 2605 2095 nec
2656 2030 2881 2111 ipsius
2922 2033 3217 2096 arbitrio

745 2156 896 2203 rem
927 2139 1291 2203 videretur
1320 2139 1782 2215 committere,
1817 2140 1890 2201 in
1921 2138 2439 2202 Provincialem
2474 2136 2922 2219 Aragoniae‚
2959 2140 3216 2204 Valen-

743 2245 885 2309 tiae
915 2256 984 2309 et
1017 2246 1506 2321 catalauniae,
1540 2256 1614 2309 ut
1646 2245 1973 2326 superius
2001 2244 2313 2308 diximus
2362 2243 2407 2322 ³,
2442 2262 2605 2308 eum
2642 2246 2894 2325 elegit,
2928 2255 2998 2309 et
3026 2264 3217 2311 eum-

745 2353 907 2417 dem
964 2352 1041 2416 Ρ.
1102 2353 1496 2432 Baptistam
1555 2352 2056 2416 Collateralem
2123 2351 2189 2414 ei
2254 2351 2469 2415 dedit.
2532 2352 2620 2416 Et
2685 2353 2854 2433 quia
2922 2354 3214 2433 optabat

741 2459 820 2522 P.
852 2459 1111 2523 Strada
1139 2470 1417 2541 tempus
1448 2458 1734 2539 aliquod
1761 2459 1896 2522 sibi
1920 2459 2076 2522 dari
2106 2467 2180 2521 ut
2203 2457 2612 2537 theologiae
2635 2459 2867 2523 studia
2894 2459 3213 2525 absolve·

741 2578 872 2648 ret,
905 2584 1044 2647 quo
1075 2567 1371 2631 suavius
1399 2568 1538 2629 hoc
1566 2564 2042 2630 Provincialis
2082 2564 2312 2629 officio
2356 2564 2805 2645 fungeretur,
2848 2567 3217 2631 constituit

739 2675 1146 2755 theologum
1171 2674 1546 2755 quemdam
1569 2692 1660 2737 ex
1681 2673 1814 2751 his,
1841 2673 1963 2754 qui
1988 2671 2313 2737 Gandiae
2335 2673 2835 2752 versabantur,
2857 2674 2920 2737 ei
2940 2675 3215 2737 socium

737 2783 911 2847 dare
941 2793 1017 2847 ut
1048 2800 1210 2845 cum
1241 2800 1324 2845 eo
1356 2782 1696 2862 privatim
1718 2828 1732 2857 ,
1766 2780 1958 2861 quod
1982 2780 2388 2860 theologiae
2420 2780 2850 2845 audiendum
2879 2780 2942 2844 ei
2972 2798 3212 2860 super·

739 2901 919 2969 erat,
952 2898 1321 2965 tractaret,
1356 2899 1423 2952 et
1455 2889 1547 2951 ad
1576 2888 1650 2952 id
1688 2888 2219 2951 Barchinonam
2258 2905 2338 2950 se
2376 2887 2760 2967 reciperet,
2806 2897 2877 2950 et
2913 2886 3211 2952 admini-

735 2998 1104 3062 strationis
1132 2995 1555 3061 Provinciae
1601 3013 1782 3059 onus
1811 2994 1888 3059 P.
1934 2995 2300 3075 Baptistae
2329 2994 2847 3073 imponeretur,
2882 2996 2980 3059 ita
3009 3006 3088 3059 ut
3116 2998 3211 3059 ad

733 3104 808 3168 Ρ.
841 3102 1175 3169 Sti-adam
1203 3104 1500 3169 referret
1527 3121 1711 3184 quae
1739 3104 2176 3183 gerebantur
2204 3100 2250 3182 ⁴,
2288 3119 2421 3164 nec
2451 3111 2809 3165 teneretur
2840 3100 2915 3165 P.
2941 3101 3199 3167 Strada

729 3212 822 3277 ad
851 3212 1336 3275 confessiones
1365 3211 1757 3274 audiendas
1799 3221 1925 3273 aut
1956 3210 2047 3272 ad
2084 3208 2549 3272 salutationes
2588 3217 3049 3273 externorum
3078 3211 3199 3273 ad—

729 3319 1136 3397 mittendaS,
1170 3336 1260 3381 ne
1289 3336 1332 3380 a
1363 3317 1919 3398 praedicationis
1950 3315 2181 3379 officio
2212 3316 2696 3395 impediretur.

854 3426 1032 3490 1020.
1119 3424 1464 3505 Quamvis
1494 3435 1731 3488 autem
1762 3423 1969 3487 D.¹·01¹¹
1998 3422 2429 3487 Torrensem
2458 3422 2791 3486 Baeticae
2812 3431 2883 3486 et
2912 3422 3205 3503 conjun-

729 3544 889 3599 ctae
937 3532 1362 3598 Provinciae
1414 3534 1655 3613 (quam
1704 3531 2305 3595 Extremaduram
2350 3530 2641 3609 vocant)
2682 3530 3207 3594 Provincialem

729 3642 1233 3721 constituisset,
1287 3657 1428 3703 non
1481 3640 1548 3703 ei
1577 3636 1601 3668 ⁵
1631 3639 2031 3717 assignavit
2062 3637 2458 3717 Collegium
2486 3635 3068 3715 Salmanticense,
3126 3649 3209 3701 ut

727 3749 806 3812 Ρ.
837 3749 1158 3829 Ignatius
1187 3748 1677 3811 insinuaverat
1700 3745 2057 3825 (quamvis
2081 3746 2152 3809 id
2179 3744 2476 3808 arbitrio
2502 3744 2578 3807 P.
2607 3744 2881 3807 Natalis
2912 3745 3205 3825 relique-

728 3860 891 3935 rat),
922 3856 1090 3936 quia
1121 3853 1198 3918 P.
1233 3854 1475 3919 Araoz
1501 3869 1721 3933 aegre
1751 3852 1822 3917 id
1851 3852 2041 3917 ferre
2069 3852 2467 3931 videbatur,
2501 3862 2570 3915 et
2600 3852 2897 3931 ipsemet
2921 3850 2999 3915 P.
3033 3852 3208 3916 Tor-

729 3980 845 4026 res
875 3964 1318 4027 tantumdem
1349 3980 1425 4025 se
1455 3962 1720 4025 sentire
1749 3959 2225 4039 significabat,
2255 3975 2417 4022 cum
2440 3958 2825 4022 Provincia
2857 3959 3205 4022 dividere-

806 4317 822 4348 Ι
881 4315 1009 4359 Vide
1030 4325 1191 4369 supra
1209 4346 1219 4365 ,
1241 4324 1362 4368 pag.
1383 4314 1478 4357 471.
1497 4324 1548 4355 n.
1574 4312 1696 4356 1003.

804 4390 826 4420 Ἰ
883 4386 1091 4432 Scilicet
1107 4420 1119 4438 ,
1145 4386 1354 4430 Patrem
1375 4384 1714 4429 Francis-cum
1736 4384 1798 4427 de
1821 4382 2034 4426 Strada.

808 4460 831 4494 ³
885 4460 1020 4505 Vide
1041 4469 1227 4513 supra.
1250 4468 1370 4512 pag.
1389 4457 1488 4504 389.
1508 4468 1543 4499 n
1579 4457 1697 4499 834.-

809 4538 830 4568 ⁴
883 4534 1004 4577 Ideo
1025 4534 1160 4575 hunc
1181 4530 1394 4574 Patrem
1415 4530 1664 4582 joannem
1697 4528 1991 4583 Baptistam
2022 4528 2085 4570 de
2106 4526 2316 4575 Barma.
2339 4525 2495 4568 etiam
2519 4526 2639 4569 dum
2674 4524 2835 4568 Pater
2872 4525 3064 4569 strada
3096 4537 3202 4569 mu-

723 4619 845 4653 nere
881 4607 1195 4655 sungebatur
1216 4602 1561 4646 Provincialis
1578 4634 1588 4653 ,
1622 4600 2149 4655 vice-provincialem
2183 4586 2509 4653 quandoque,
2530 4606 2586 4641 ut
2619 4597 2757 4651 apud
2776 4596 3047 4649 ΑιπΛιεκ.
3078 4600 3110 4641 1.
3134 4609 3201 4653 α,

723 4690 836 4733 cap.
859 4678 929 4730 71,
952 4677 1274 4730 appellatum
1295 4674 1544 4729 reperies.

803 4749 825 4781 ⁸
879 4759 980 4793 nou
999 4747 1149 4793 Patri
1172 4745 1364 4790 Turres
1384 4746 1596 4801 ejusque
1619 4744 1929 4792 Provinciae
1951 4743 2247 4797 assignavit
2269 4743 2323 4786 Ρ.
2348 4740 2556 4785 Natalis
2594 4773 2601 4781 .
2622 4772 2631 4783 .
