3742 5392
760 468 877 527 660
1676 470 1940 531 Canos.
1979 470 2134 530 Soc.
2173 470 2318 543 Jns.

764 616 1089 687 docebat:
1122 628 1193 679 et
1224 628 1371 679 tam
1400 617 1545 680 late
1572 628 1821 697 patere
1850 618 2088 696 coepit
2117 617 2297 679 haec
2337 622 2786 692 exercitatio,
2817 632 2894 683 ut
2923 625 3236 702 complu—

760 740 877 784 res
900 721 1049 801 jam
1078 724 1403 786 homines
1430 726 1501 787 in
1532 724 1715 787 vicis
1744 724 1970 787 variis
2015 724 2210 787 urbis
2239 738 2406 789 ante
2449 744 2618 790 snas
2645 740 2894 807 portas
2925 730 3234 792 multitu-

756 828 999 893 dinem
1054 848 1435 913 puerorum
1486 846 2046 929 congregarent,
2099 835 2466 913 dispositis
2515 852 2647 914 per
2699 835 3018 899 ordinem
3081 854 3235 899 sca·

756 938 945 999 mnis
976 948 1051 1001 ut
1080 956 1241 1001 eam
1266 942 1638 1004 commode
1664 945 2014 1021 audirent,
2047 954 2120 1007 et
2133 944 2462 1006 certatim
2493 943 2720 1005 eidem
2759 942 3236 1005 addiscendae

760 1060 1055 1125 operam
1080 1046 1371 1123 dabant;
1402 1048 1527 1110 sed
1556 1062 1627 1111 et
1658 1052 1794 1129 ipsi
1824 1053 2027 1130 pueri
2069 1061 2404 1131 parentes
2447 1061 2516 1112 et
2553 1049 2986 1113 domesticos
3013 1060 3232 1113 noctu

760 1152 1229 1216 instruebant.

884 1258 1061 1322 1418.
1148 1260 1355 1324 Alius
1382 1280 1477 1326 ex
1502 1262 1865 1343 fratribuS,
1899 1264 2202 1328 Amator
2231 1264 2502 1329 Correa
2543 1264 2850 1340 nomine,
2881 1266 3126 1343 legere
3159 1276 3232 1327 et

758 1366 1071 1431 scribere
1118 1367 1267 1431 fere
1306 1368 1651 1433 ducentos
1690 1381 1761 1432 et
1800 1372 2318 1452 quinquaginta
2367 1388 2630 1451 pueros
2678 1369 3002 1434 docebat:
3059 1388 3231 1449 qua·

756 1474 1093 1553 draginta
1129 1493 1221 1537 ex
1257 1476 1369 1538 his
1408 1477 1801 1545 domestici.
1846 1478 2118 1541 caeteri
2153 1479 2434 1542 externi
2475 1485 2700 1540 erant.
2749 1477 2942 1540 Idem
2981 1478 3230 1540 diebus

756 1580 1133 1645 dominicis
1172 1592 1241 1646 et
1268 1582 1495 1661 sestis,
1528 1602 1691 1647 cum
1718 1584 2190 1648 tintinnabulo
2227 1604 2356 1665 per
2391 1586 2638 1647 urbem
2681 1602 3010 1665 pergens,
3044 1586 3228 1647 ultra

758 1700 1117 1752 trecentos
1144 1706 1233 1753 ac
1262 1692 1717 1771 septuaginta
1738 1708 2000 1771 pueros
2029 1711 2118 1755 ac
2141 1695 2414 1773 puellas
2437 1694 2506 1755 in
2530 1692 2909 1754 ecclesiam
2931 1690 3058 1755 Sti.
3083 1690 3226 1754 An-

752 1794 931 1858 tonii
960 1795 1377 1875 deducebat,
1408 1806 1479 1860 et
1508 1816 1631 1861 eos
1659 1800 1733 1860 in
1762 1797 2156 1861 christiana
2177 1798 2506 1861 doctrina
2530 1797 2948 1863 instituebat
2977 1798 3228 1861 eadem

754 1902 955 1981 hora,
1010 1920 1151 1983 qua
1188 1902 1441 1967 Petrus
1478 1904 1567 1967 de
1604 1904 1936 1968 Almeida
1973 1906 2110 1967 hoc
2151 1923 2444 1969 munere
2483 1906 2558 1968 in
2601 1904 2920 1984 Collegio
2963 1914 3211 1968 nostro

754 2008 1207 2089 fungebatur.

878 2115 1053 2180 1419.
1142 2116 1335 2180 Idem
1361 2117 1667 2181 Amator
1708 2118 2004 2197 Correa,
2039 2118 2132 2181 ad
2175 2117 2546 2197 cujusdam
2573 2120 2894 2198 primarii
2927 2118 3066 2181 viri
3107 2118 3228 2181 do-

752 2240 949 2287 mum
976 2240 1053 2287 se
1082 2223 1479 2300 conserenS,
1514 2225 1861 2288 ducentos
1898 2235 1967 2287 et
2013 2242 2100 2287 eo
2139 2226 2442 2305 amplius
2471 2242 2722 2287 servos
2749 2225 2938 2287 illius
2965 2224 3218 2287 eodem

748 2330 961 2395 modo
1010 2331 1443 2395 instituebat.
1496 2332 1711 2410 Idem,
1756 2332 1827 2394 in
1870 2349 2136 2411 magna
2186 2332 2494 2413 quadam
2539 2333 2702 2395 aula
2743 2348 2964 2412 prope
3001 2332 3223 2407 littuS,

748 2438 930 2518 aliis,
962 2438 1083 2519 qui
1112 2436 1331 2519 Regis
1372 2440 1563 2501 servi
1594 2450 1823 2517 erant,
1864 2440 2190 2502 eumdem
2229 2440 2740 2502 catechismum
2783 2440 3214 2518 explicabat.

750 2544 1015 2609 Omnes
1044 2556 1283 2609 autem
1310 2546 1569 2609 fratres
1598 2564 1894 2609 numero
1921 2547 2004 2609 25
2031 2555 2258 2623 erant,
2301 2556 2586 2626 praeter
2623 2546 2934 2626 quinque
2977 2562 3206 2608 sacer·

746 2652 950 2716 dotes
978 2653 1231 2731 dictos,
1264 2672 1355 2716 ex
1376 2654 1632 2733 quibus
1662 2654 1881 2733 aliqui
1909 2654 2162 2716 litteris
2193 2671 2488 2733 operam
2516 2654 2802 2717 dabant.

872 2760 1047 2824 1420.
1134 2760 1437 2841 Quidam
1475 2771 1709 2824 autem
1758 2760 2010 2824 Petrus
2061 2760 2298 2841 Lopez
2334 2761 2876 2839 grammaticam
2915 2760 3214 2823 docebat

744 2878 887 2930 tam
920 2869 1185 2931 nostris
1212 2884 1425 2949 quam
1454 2870 1793 2943 externiS,
1826 2868 2151 2931 scholam
2181 2868 2453 2930 habens
2483 2876 2688 2931 extra
2719 2866 3021 2946 Collegii
3049 2883 3208 2946 por·

746 2986 913 3053 tam,
946 2976 1275 3055 quamvis
1305 2976 1455 3056 ipse
1484 2976 1555 3038 in
1586 2976 1740 3055 ipso
1772 2976 2094 3055 Collegio
2125 2975 2505 3039 habitaret.
2537 2974 2824 3055 Septem
2853 2985 3092 3037 autem
3123 2992 3212 3035 ex

742 3082 855 3145 his
902 3082 1349 3146 scholasticis
1404 3080 1481 3144 P.
1542 3082 1886 3145 Melchior
1945 3082 2034 3144 ad
2085 3083 2396 3161 logicam
2445 3081 2874 3145 audiendam
2919 3081 3214 3143 idoneos

738 3188 1105 3270 judicavit,
1140 3198 1209 3253 et
1238 3207 1396 3252 eam
1424 3208 1465 3252 a
1498 3189 1807 3271 quodam
1837 3189 2172 3269 religioso
2201 3188 2329 3253 Sti.
2364 3188 2751 3268 Augustini
2778 3188 3030 3252 audire
3059 3204 3210 3250 coe·

742 3308 1021 3376 petunt,
1052 3313 1261 3376 quem
1289 3308 1494 3360 extra
1524 3314 1731 3360 suum
1760 3296 2082 3360 ordinem
2115 3306 2501 3376 vagantem
2532 3296 2718 3359 idem
2749 3294 2824 3357 P.
2861 3294 3204 3357 Melchior

742 3402 1013 3481 adiuvit
1053 3412 1127 3467 ut
1165 3402 1257 3466 ad
1298 3404 1651 3467 saniorem
1690 3413 1996 3467 mentem
2040 3403 2326 3481 rediret;
2368 3402 2494 3466 sed
2537 3420 2701 3465 cum
2745 3410 2906 3482 post
2944 3400 3096 3480 ejus
3139 3400 3216 3463 in·

742 3510 1090 3591 Japonem
1122 3526 1481 3573 recessum
1509 3510 1733 3573 variis
1760 3510 1875 3573 ille
1899 3510 2405 3573 tentationibus
2431 3510 2752 3590 pulsatus
2773 3508 3206 3583 recessisset,

744 3617 1054 3681 studium
1083 3616 1219 3679 hoc
1247 3616 1377 3681 fuit
1406 3616 1839 3698 impeditum,
1873 3626 1942 3680 et
1972 3617 2069 3679 ita
2115 3617 2726 3697 pernecessarium
2754 3615 3214 3679 existimabat

746 3724 821 3787 P.
856 3724 1236 3789 Balthasar
1263 3734 1339 3789 ut
1368 3744 1459 3789 ex
1488 3724 1926 3805 Portugallia
1957 3734 2458 3806 praeceptores
2487 3725 2958 3802 mitterentur;
2985 3724 3222 3786 nostri·

744 3832 933 3897 enim
982 3832 1073 3896 ad
1123 3832 1258 3896 hoc
1311 3850 1532 3913 usque
1584 3842 1863 3912 tempus
1913 3842 2190 3896 tantum
2237 3835 2476 3912 legere
2527 3842 2737 3911 atque
2788 3830 3100 3893 scribere
3144 3839 3213 3892 et

745 3938 1273 4004 arithmeticam
1318 3940 1525 4003 simul
1569 3957 1733 4003 cum
1783 3940 2108 4002 doctrina
2161 3939 2552 4002 christiana
2601 3938 2978 4011 docebant,
3025 3946 3097 3999 et
3141 3935 3213 3998 id

746 4062 917 4111 sane
947 4063 1111 4111 cum
1139 4046 1375 4110 fructu
1404 4062 1693 4126 magno;
1736 4045 1860 4109 sed
1905 4046 2118 4109 etiarn
2159 4048 2230 4109 in
2270 4045 2804 4109 humanioribus
2843 4044 3094 4107 litteris
3141 4052 3212 4105 et

746 4154 817 4217 in
846 4152 1300 4217 facultatibus
1338 4153 1821 4234 superioribus
1858 4162 2362 4233 praeceptores
2397 4150 2930 4215 constituendos
2974 4150 3212 4213 existi-

746 4261 1009 4340 mabat,
1050 4270 1119 4324 et
1156 4261 1375 4324 multo
1414 4261 1649 4341 magis
1685 4260 1888 4323 Goae
1933 4258 1946 4290 ¹
1991 4278 2208 4341 quarn
2237 4259 2394 4323 aliis
2433 4260 2505 4323 in
2535 4260 2711 4323 locis
2750 4276 2872 4321 eos
2903 4274 3062 4321 esse
3093 4274 3212 4321 ne·

744 4368 1121 4431 cessariOS.

871 4474 1047 4538 1421.
1135 4475 1295 4539 Goa
1327 4474 1727 4556 quindecim
1756 4472 2028 4553 gradus
2059 4490 2223 4537 cum
2252 4472 2541 4537 dimidio
2573 4472 2662 4535 ab
2708 4470 3214 4553 aequinoctiali

828 4713 845 4747 ί
904 4712 997 4759 Mn.
1020 4714 1177 4759 habet
1202 4714 1431 4771 Eborac
1450 4716 1542 4761 scd
1563 4726 1710 4759 error
1732 4715 1946 4759 evidens
1966 4722 2060 4761 est.
