3742 5392
1674 532 1800 590 ΑΝ.
1848 532 1986 589 1554
2955 530 3070 591 603

598 678 768 741 dam
812 676 911 739 illi
950 677 1277 757 ostendit,
1321 679 1393 741 in
1421 678 1673 758 quibus
1702 677 1880 741 vidit
1912 678 2230 741 illicitum
2261 677 2331 741 id
2377 695 2556 755 esse,
2589 677 2781 756 quod
2823 677 3064 741 facere

590 785 1083 865 constituerat,
1116 794 1187 849 et
1214 786 1403 849 mala
1434 803 1522 848 ex
1554 802 1640 848 eo
1660 787 1987 867 exemplo
2017 795 2540 866 consequutura
2563 785 3059 865 exaggeravit:

592 891 1053 981 nihilominus
1080 892 1195 955 ille
1226 892 1455 971 prima
1486 892 1811 973 sequenti
1837 891 2192 955 dominica
2226 892 2696 956 concubinam
2717 892 2912 955 illam
2939 908 3062 972 pu-

594 998 775 1062 blice
806 1009 875 1062 et
905 1010 1167 1079 magna
1196 1016 1357 1063 cum
1378 998 1826 1062 solemnitate
1850 999 2117 1078 eduxit,
2141 1008 2235 1075 et,
2264 1016 2394 1079 pro
2417 998 2687 1062 foribus
2717 998 3062 1061 ecclesiae

596 1104 909 1186 maJ'oriS,
944 1106 1091 1169 suis
1134 1105 1205 1169 in
1234 1106 1583 1186 Reginam
1617 1123 1701 1169 ac
1733 1105 2115 1170 Dominam
2144 1104 2360 1169 dedit:
2393 1107 2692 1170 aderant
2722 1106 2964 1169 clerici
2994 1116 3061 1168 et

594 1212 917 1277 homines
945 1213 1109 1294 albi,
1142 1213 1263 1293 qui
1293 1213 1509 1277 etiam
1538 1230 1825 1276 manum
1848 1210 1999 1291 eJus
2024 1213 2328 1276 osculati
2350 1222 2536 1291 sunt,
2569 1212 2786 1276 immo
2808 1223 2877 1275 et
2898 1229 3062 1275 con·

590 1318 936 1383 fessarius
964 1318 1205 1399 RegiS,
1238 1328 1305 1383 et
1336 1320 1435 1382 ita
1471 1318 1627 1383 Rex
1657 1319 1935 1400 publice
1965 1320 2038 1382 in
2069 1320 2358 1384 domum
2385 1336 2591 1383 suam
2620 1319 2926 1383 reduxit.

632 1460 637 1465 -
720 1425 895 1490 1282.
982 1424 1290 1505 Injunxit
1318 1426 1533 1490 etiam
1562 1424 1717 1489 Rex
1745 1426 2251 1507 Pro-episcopo
2297 1435 2374 1491 ut
2405 1426 2812 1491 testimonia
2843 1442 3053 1506 quae·

588 1534 757 1597 dam
785 1531 969 1597 falsa
997 1532 1397 1613 conficeret,
1417 1550 1598 1615 quae
1628 1542 1819 1597 metu
1842 1544 1913 1597 et
1934 1534 2254 1597 notarius
2278 1543 2346 1599 et
2369 1544 2589 1597 testes
2605 1532 2965 1613 jurabant,
2990 1542 3060 1596 et

595 1641 761 1721 quia
790 1640 928 1707 hoc
958 1640 1242 1722 saepius
1271 1640 1426 1704 Rex
1454 1640 1784 1718 faciebat,
1819 1652 1889 1705 et
1923 1642 2161 1705 multis
2188 1641 2468 1722 peccati
2488 1657 2708 1705 causa
2733 1648 2910 1716 erat,
2945 1640 3062 1703 ad-

594 1748 867 1812 monuit
894 1746 1219 1812 eumdem
1248 1746 1325 1811 P.
1372 1746 1746 1811 Cornelius
1796 1748 1986 1828 quod
2029 1748 2314 1811 minime
2351 1748 2424 1811 id
2459 1745 2699 1811 facere
2747 1746 3056 1826 deberet,

595 1873 727 1918 nec
776 1864 1048 1935 posset,
1102 1854 1453 1935 quaedam
1496 1855 1710 1918 etiam
1751 1855 1891 1917 alia
1936 1852 2198 1933 iniusta
2238 1854 2505 1919 frustra
2555 1853 2804 1917 eodem
2851 1852 3064 1917 Patre

592 1963 1041 2039 admonente,
1076 1962 1404 2043 quamvis
1434 1962 1537 2025 eis
1570 1961 1585 1993 ¹
1618 1961 1984 2026 videretur
2026 1962 2505 2043 acquiescere,
2550 1962 2642 2025 ad
2682 1961 2936 2027 horam
2963 1961 3060 2024 ni-

598 2068 981 2133 hilominus
1009 2080 1246 2133 tamen
1281 2069 1611 2133 faciebat.

721 2174 895 2239 1283.
980 2176 1170 2239 Inter
1200 2186 1487 2240 caetera
1516 2179 1775 2240 multos
1806 2177 2037 2240 occidi
2075 2175 2365 2255 jubebat
2407 2194 2552 2241 non
2590 2176 2894 2253 auditOS,
2937 2174 3062 2239 sed

594 2292 885 2363 propter
916 2284 1175 2364 aliqua,
1212 2301 1394 2363 quae
1424 2282 1514 2345 ad
1545 2300 1790 2347 aurem
1839 2284 2060 2363 aliqui
2105 2284 2170 2347 ei
2214 2283 2565 2363 dicebant;
2601 2292 2671 2348 et
2709 2300 2874 2347 cum
2899 2298 3064 2347 eum

597 2388 1083 2453 admonuisset
1113 2388 1187 2453 P.
1224 2389 1592 2455 Cornelius
1629 2388 1818 2469 J'uste
1857 2390 1931 2453 id
1960 2390 2112 2454 fieri
2151 2408 2295 2453 non
2325 2406 2559 2471 posse,
2592 2391 2720 2454 sed
2748 2390 3062 2455 dandum

596 2498 700 2559 eis
729 2499 965 2561 locum
995 2507 1070 2560 ut
1100 2514 1175 2559 se
1198 2496 1679 2572 defenderent,
1711 2496 2000 2561 minime
2029 2508 2269 2561 tamen
2297 2495 2447 2576 ejus
2476 2498 2775 2561 consilio
2798 2497 3058 2578 paruit,

598 2615 667 2666 et
698 2603 933 2668 virum
965 2603 1342 2683 quemdam
1383 2604 1595 2683 paulo
1634 2616 1798 2683 post
1842 2614 2152 2685 captum,
2187 2604 2378 2685 quod
2418 2603 2745 2668 audierat
2773 2621 2935 2668 eum
2963 2606 3063 2667 in-

596 2710 854 2774 tuitum
882 2726 1039 2773 esse
1068 2710 1450 2791 quamdam
1480 2710 1703 2791 ipsius
1742 2710 2108 2789 ancillam;
2139 2711 2262 2790 qui
2301 2719 2541 2775 tamen
2562 2711 2844 2776 occisus
2887 2722 2993 2775 est
3016 2712 3060 2785 ²,

594 2828 666 2881 et
696 2816 882 2881 inter
910 2816 1339 2881 christianos
1366 2818 1626 2881 bonam
1656 2816 1921 2881 samam
1951 2816 2278 2882 habebat.
2313 2816 2684 2899 Quaedam
2715 2817 2952 2897 etiam,
2987 2818 3062 2880 li-

595 2926 726 2987 bro
757 2924 1067 3005 quodam
1094 2926 1278 2987 lecto
1308 2924 1382 2986 in
1409 2923 1655 3003 lingua
1687 2926 2018 3003 lusitana,
2051 2941 2216 2988 cum
2243 2941 2391 2988 non
2419 2926 2597 2989 bene
2627 2924 3060 3004 intelligeret

596 3032 885 3111 idioma,
918 3031 1214 3112 putabat
1264 3048 1340 3093 se
1390 3041 1580 3095 recte
1623 3031 2042 3111 intelligere,
2077 3042 2168 3110 et,
2217 3033 2401 3096 male
2431 3032 2788 3096 intellecto
2821 3048 3058 3108 sensu,

594 3138 853 3219 injuste
892 3138 1243 3219 quaedam
1282 3138 1758 3218 perpetrabat;
1804 3150 1873 3201 et
1912 3139 2124 3203 simili
2165 3139 2378 3204 modo
2419 3140 2708 3220 scriptis
2750 3137 3060 3219 Scriptu-

597 3263 842 3309 rarum
865 3245 1308 3323 abutebatur,
1342 3254 1411 3309 et
1441 3245 1874 3327 Episcopum
1904 3245 2532 3327 quemdam,quem
2564 3255 2960 3311 vexaverat
2991 3258 3060 3309 et

592 3353 970 3433 expulerat
1019 3369 1111 3415 ex
1149 3370 1279 3415 suo
1319 3369 1568 3432 regn0,
1587 3352 1744 3433 Jure
1774 3370 1851 3416 se
1881 3370 2185 3417 vexasse
2217 3356 2352 3418 hac
2381 3356 2658 3418 ratione
2689 3354 3064 3418 ostendere

580 3460 901 3523 volebat.
952 3457 1281 3523 Accessit
1331 3459 1423 3523 ad
1462 3477 1624 3524 eum
1662 3459 1739 3523 P.
1788 3460 2181 3541 Cornelius,
2228 3471 2298 3525 et
2338 3461 2735 3527 declaravit
2775 3461 2841 3525 ei
2869 3460 3062 3543 quod

596 3584 741 3630 non
768 3568 945 3631 bene
966 3566 1393 3646 intelligeret
1424 3568 1679 3630 librum
1708 3568 1926 3647 illum,
1961 3585 2093 3632 nec
2123 3570 2260 3649 ipsi
2303 3568 2548 3632 favere
2577 3570 2767 3649 quod
2796 3568 3064 3633 citabat

594 3690 691 3737 ex
732 3674 876 3737 illo:
924 3682 1090 3737 tunc
1141 3672 1256 3737 ille
1293 3671 1316 3703 ⁸
1356 3683 1601 3753 aperte
1639 3674 1839 3751 dixit,
1886 3675 2071 3756 quod
2117 3692 2412 3756 prorsus
2455 3674 2714 3739 falsum
2752 3684 2932 3756 erat,
2975 3676 3062 3739 de

596 3781 780 3844 bello
810 3780 945 3844 sibi
972 3779 1339 3844 inserendo
1369 3781 1625 3860 egisse,
1659 3791 1728 3845 et
1766 3800 1931 3847 cum
1972 3782 2279 3863 quodam
2309 3784 2448 3847 alio
2481 3784 2700 3847 nobili
2741 3783 3056 3863 expiras-

596 3906 675 3951 se
704 3886 727 3917 ⁴
777 3886 868 3951 ad
908 3888 1139 3969 ipsum
1178 3904 1271 3951 ex
1312 3904 1535 3967 regno
1576 3888 2092 3967 expellendum.
2136 3890 2313 3954 Cum
2355 3899 2591 3955 autem
2622 3892 3063 3972 promisisset

608 4056 970 4101 Universidad
989 4056 1055 4099 de
1078 4054 1340 4099 Cocrnbra.
1362 4054 1576 4100 Editum
1600 4058 1710 4113 jam
1730 4063 1853 4102 ante
1885 4058 1981 4103 hoc
2003 4065 2205 4113 tempus
2227 4060 2370 4111 (¹554)
2392 4060 2561 4105 suerat
2588 4060 2664 4104 bis
2687 4060 3065 4114 conimbricae,

574 4141 733 4174 auno
752 4129 953 4174 scilicet
976 4128 1083 4172 1552
1110 4128 1401 4182 lusitanice,
1426 4134 1478 4171 et
1500 4139 1632 4173 anuo
1659 4130 1761 4174 1553
1792 4130 2081 4185 hispanice.
2117 4134 2357 4175 AluGrtA.
2381 4130 2450 4174 El
2469 4132 2665 4176 Ductor
2698 4132 2964 4185 Navarro,
2983 4144 3067 4175 ca·

594 4202 704 4256 pite
726 4212 819 4255 vu,
840 4201 871 4257 g
891 4201 935 4245 2.
1016 4238 1021 4243 .

679 4276 693 4307 ¹
757 4272 1099 4328 subintellige
1122 4272 1357 4317 monitis.

676 4348 697 4379 ⁸
752 4346 834 4391 Ita
856 4348 1128 4402 perspicue
1150 4346 1345 4401 legitur
1364 4347 1414 4390 in
1437 4358 1547 4401 ms„
1568 4350 1753 4393 melius
1768 4357 1946 4394 tamen
1966 4350 2188 4395 fortasse
2203 4352 2278 4396 ita
2293 4352 2594 4397 concinnari
2617 4354 2807 4407 poterit
2828 4353 2958 4398 haec
2978 4367 3064 4410 pe-

594 4418 787 4461 riodus:
809 4420 889 4462 “et
913 4418 1079 4461 virum
1102 4416 1375 4471 quemdam
1395 4422 1552 4473 paulo
1570 4428 1689 4475 post
1708 4427 1938 4476 captum,
1958 4423 2092 4476 quod
2108 4424 2348 4467 audierat
2363 4436 2480 4469 eum
2497 4424 2742 4469 intuitum
2755 4436 2870 4469 esse
2891 4437 3066 4480 quam-

592 4490 715 4533 dam
734 4489 895 4543 ipsius
915 4490 1177 4539 ancillam,
1198 4498 1293 4531 rex
1314 4491 1479 4535 occidi
1510 4492 1684 4547 jussit:
1716 4493 1801 4547 qui
1838 4500 2016 4538 tamen
2043 4494 2181 4538 inter
2213 4496 2529 4541 christianos
2550 4497 2738 4541 bonam
2763 4496 2957 4541 famum
2977 4497 3066 4541 ha·

596 4564 799 4615 bebat„

676 4632 701 4665 ⁸
754 4634 1026 4679 Cornelius
1046 4648 1113 4679 an
1135 4636 1249 4679 Rex
1270 4648 1367 4681 non
1389 4636 1523 4680 satis
1542 4636 1723 4690 liquet.

676 4707 701 4739 ⁴
756 4704 841 4749 Sic
862 4706 915 4751 iu
936 4718 1049 4760 ms„
1068 4714 1251 4762 aperte
1274 4713 1451 4752 tamen
1472 4713 1623 4763 patet
1644 4709 1928 4754 Polaucum
1949 4712 2168 4755 verbum
2190 4713 2534 4767 conspirasse
2554 4713 2604 4757 in
2625 4720 2800 4757 mente
2820 4712 3065 4757 habuisse

598 4789 700 4821 una
720 4788 837 4822 cum
859 4779 1019 4822 verbo
1040 4779 1419 4834 expellendum
1441 4780 1573 4835 quod
1595 4781 1775 4825 statim
1797 4782 2050 4837 sequitur,
2074 4792 2126 4827 et
2158 4783 2272 4829 ideo
2293 4784 2564 4839 scripsisse
2587 4795 2653 4829 ex
2673 4794 2768 4839 pro
2789 4796 2900 4829 con.
