3742 5392
1676 500 1804 559 ΑΝ.
1850 499 1989 558 155⁴

591 648 873 713 videret
901 665 1074 711 suos
1105 657 1405 712 conatus
1436 648 1674 710 irritos
1706 663 1863 709 esse
1892 653 2183 725 propter
2206 643 2557 708 Ducissae
2580 641 3069 723 pertinaciam,

589 755 916 819 decrevit
955 755 1020 818 ei
1061 753 1465 818 valedicere
1509 762 1580 817 et
1620 754 1692 817 in
1732 753 2043 816 Galliam
2080 751 2345 829 redire,
2389 749 2857 830 significando
2889 750 3075 830 quod

589 861 853 925 acerbe
904 862 1188 925 dolebat
1239 862 1432 942 quod
1478 861 1655 925 nihil
1704 859 1876 924 boni
1924 858 2107 938 Regi
2158 857 2434 922 Galliae
2485 855 2761 920 deferre
2809 865 3071 936 posset,

591 969 788 1048 quod
819 967 954 1049 ipsi
983 969 1544 1032 consolationem
1573 967 1882 1031 afferret.

725 1075 860 1138 131.
948 1073 1088 1140 Sed
1127 1093 1294 1139 ecce
1334 1075 1585 1139 eadem
1622 1083 1833 1138 nocte
1886 1073 2194 1138 Ducissa
2242 1070 2679 1152 praefectum
2725 1087 2898 1133 suae
2954 1069 3073 1133 do-

600 1199 793 1261 muS,
827 1191 1074 1262 vocat;
1108 1184 1283 1263 petit
1311 1201 1408 1246 an
1450 1181 1577 1245 Dr.
1622 1180 1747 1246 Ori
1782 1179 1931 1262 jam
1970 1179 2451 1257 discessisset,
2498 1187 2569 1241 et
2608 1177 2834 1241 voluit
2871 1187 2948 1240 ut
2986 1175 3078 1238 ad

593 1289 824 1370 ipsius
853 1289 1141 1352 domum
1169 1289 1413 1353 statim
1441 1289 1598 1367 iret,
1631 1297 1702 1352 et
1732 1305 1862 1352 suo
1894 1287 2178 1351 nomine
2206 1294 2500 1364 rogaret
2523 1292 2597 1348 ut
2620 1283 2962 1364 postridie
2987 1282 3080 1345 ad

603 1395 897 1460 Missam
927 1412 1173 1460 coram
1211 1397 1367 1476 ipsa
1405 1396 1907 1460 celebrandam
1943 1394 2243 1458 veniret.
2289 1391 2540 1476 Venit,
2587 1400 2657 1454 et
2698 1408 2861 1454 eum
2902 1391 3078 1454 cele·

595 1504 931 1568 brantem
959 1511 1130 1566 tunc
1158 1504 1466 1584 primum
1494 1502 1802 1566 Ducissa
1834 1501 2109 1566 audivit
2139 1499 2193 1579 ¹3
2224 1499 2551 1580 promisit
2587 1497 2803 1562 etiam
2842 1497 2916 1560 in
2944 1497 3081 1576 pri·

602 1627 723 1673 mo
753 1610 992 1691 aliquo
1019 1610 1202 1674 festo
1231 1627 1309 1674 se
1337 1609 1430 1674 ad
1459 1618 1913 1674 sacramenta
1951 1607 2421 1672 confessionis
2459 1615 2531 1668 et
2561 1603 3079 1668 communionis

606 1733 1086 1781 accessuram.
1137 1717 1292 1781 Hoc
1326 1716 1478 1797 jam
1523 1717 1673 1780 fere
1721 1717 1851 1780 sub
1902 1715 2211 1779 medium
2251 1712 2685 1795 Septembris
2727 1711 2987 1776 accidit
3030 1710 3077 1769 ³.

593 1823 874 1888 Eodem
904 1823 1018 1888 die
1045 1824 1214 1888 Dux
1242 1824 1582 1904 virgineS,
1616 1839 1798 1905 quae
1827 1823 1895 1886 ei
1922 1821 2427 1901 inserviebant,
2454 1819 2785 1899 restituit,
2814 1837 2957 1882 non
2982 1828 3083 1881 ta-

610 1947 772 1994 men
799 1929 980 1994 filias
1008 1930 1224 2012 (quas
1254 1932 1330 1995 in
1358 1931 1794 1995 monasterio
1824 1929 1901 1994 P.
1934 1929 2351 1994 Pelletarius
2380 1928 2632 1992 crebro
2662 1927 3078 2006 invisebat),

597 2047 683 2102 et
711 2038 1144 2118 significavit
1171 2039 1240 2101 ei
1275 2047 1564 2118 gratum
1592 2038 1725 2102 sibi
1762 2036 1981 2100 fuisse
2011 2037 2199 2118 quod
2229 2036 2497 2100 fecerat
2527 2053 2614 2098 ac
2636 2034 3082 2114 promiserat,

605 2156 684 2208 et
711 2146 900 2226 quod
929 2147 1004 2208 in
1031 2154 1420 2226 posterum,
1454 2155 1666 2225 prout
1694 2145 1815 2208 illa
1854 2161 1933 2208 se
1970 2152 2284 2224 gereret,
2327 2144 2427 2206 ita
2465 2152 2535 2206 et
2575 2143 2726 2222 ipse
2763 2141 3086 2205 facturus

609 2261 788 2316 erat.
841 2251 1020 2317 Cum
1068 2261 1306 2316 autem
1358 2251 1678 2316 confiteri
1728 2269 1806 2315 se
1857 2252 2040 2314 velle
2090 2250 2359 2314 diceret
2413 2248 2757 2326 Ducissa,
2814 2245 3084 2312 confes·

595 2359 880 2422 :sarium
907 2359 1336 2440 postulavit,
1368 2359 1487 2439 qui
1519 2368 1757 2423 tamen
1786 2375 1932 2421 non
1974 2366 2161 2420 esset
2198 2374 2290 2420 ex
2326 2357 2819 2420 sacerdotibus
2863 2355 3081 2418 refor-

614 2465 821 2529 matis
852 2466 988 2544 (sic
1017 2476 1301 2530 nostros
1331 2466 1648 2531 nonnulli
1677 2463 2100 2542 vocabant),
2138 2474 2206 2527 et
2235 2463 2651 2528 nominatim
2681 2461 2757 2525 P.
2790 2462 3086 2526 Pelleta-

609 2572 796 2636 ·rium
824 2573 1205 2637 excludere
1234 2573 1542 2636 volebat.
1577 2572 1757 2637 Cum
1785 2581 2024 2635 autem
2053 2572 2222 2636 Dux
2253 2572 2387 2635 hoc
2418 2571 2909 2646 intellexisset,
2945 2578 3082 2633 sta-

615 2677 740 2741 tim
789 2679 1260 2743 subodoratus
1307 2689 1414 2743 est
1465 2695 1716 2742 veram
1767 2679 2310 2742 conversionem
2359 2678 2546 2742 hanc
2595 2695 2737 2742 non
2782 2693 2971 2755 esse;
3018 2685 3088 2739 et

597 2803 778 2849 cum
826 2785 1208 2851 Ducissam
1257 2787 1520 2860 adiret,
1574 2787 2040 2868 deprehendit
2086 2804 2246 2850 eam
2297 2787 2399 2849 sic
2450 2803 2527 2850 se
2579 2785 2842 2848 habere
2898 2785 3084 2848 sicut

617 2893 848 2973 prius;
882 2902 984 2972 et,
1020 2893 1345 2974 quamvis
1374 2893 1664 2957 Missam
1699 2894 2010 2971 audiret,
2060 2893 2247 2973 quod
2276 2893 2340 2956 ei
2378 2910 2521 2956 non
2550 2892 2902 2970 crederet,
2945 2891 3084 2955 nisi

608 3009 696 3063 ·ut
723 2999 1063 3064 haeretici
1093 3003 1354 3076 solent;
1389 3011 1460 3064 et
1489 3002 1833 3064 intellexit
1862 3001 2054 3082 quod
2087 3001 2347 3064 bonum
2385 3000 2774 3063 Doctorem
2815 2998 2943 3063 Ori
2973 2999 3085 3062 de·

605 3116 932 3187 ceperat,
965 3107 1087 3188 qui
1115 3107 1448 3172 Ferraria
1478 3117 1898 3184 recesserat,
1932 3107 2064 3171 sibi
2094 3105 2529 3186 persuadens
2558 3106 2749 3187 quod
2778 3104 3087 3169 Ducissa

623 3214 717 3277 ad
743 3213 936 3277 viam
966 3215 1215 3278 salutis
1246 3215 1542 3279 reducta
1573 3225 1780 3278 esset.

750 3321 883 3385 132.
970 3321 1167 3385 Haec
1199 3323 1436 3385 retulit
1473 3321 1641 3386 Dux
1681 3321 1757 3385 P.
1802 3321 2177 3384 Pelletario
2216 3322 2390 3384 satis
2428 3320 2730 3384 afflictus
2768 3329 2837 3383 et
2877 3319 3095 3382 admi·

623 3428 1006 3507 rabundus;
1038 3438 1301 3492 etcum
1337 3428 1752 3492 Pelletarius
1782 3429 1871 3491 ab
1901 3446 1986 3492 eo
2019 3437 2320 3510 peteret,
2354 3445 2523 3490 num
2556 3425 2889 3506 expedire
2913 3424 3092 3504 judi-

611 3548 822 3599 caret
850 3545 926 3598 ut
956 3535 1337 3600 Ducissam
1379 3537 1531 3617 ipse
1568 3536 1931 3600 inviseret:
1968 3544 2069 3613 te,
2116 3534 2371 3614 inquit,
2406 3533 2719 3597 maximo
2749 3532 2909 3597 odio
2938 3550 3097 3614 pro·

623 3642 973 3722 sequitur,
1005 3652 1082 3707 ut
1113 3643 1221 3706 sui
1250 3643 1517 3706 laboris
1547 3653 1945 3722 auctorem;
1979 3655 2049 3706 et
2090 3643 2189 3705 ita
2230 3641 2750 3721 expectandum
2786 3641 3100 3721 aliquan-

623 3749 749 3812 diu
801 3751 1096 3814 censuit.
1159 3749 1507 3814 Hortatus
1550 3759 1656 3813 est
1723 3767 1884 3813 eum
1924 3748 1999 3812 P.
2065 3748 2479 3813 Pelletarius
2534 3758 2612 3810 ut
2667 3748 2740 3811 in
2797 3746 3103 3828 conjuge

625 3857 1123 3938 restringenda
1143 3867 1656 3938 perseveraret,
1685 3875 1817 3920 nec
1841 3858 1933 3920 ad
1956 3875 2116 3921 eam
2132 3865 2540 3936 suspectum
2558 3855 2866 3936 aliquem
2880 3854 3099 3918 homi-

627 3983 795 4028 nem
821 3965 1123 4045 ingredi,
1156 3982 1288 4029 nec
1320 3965 1536 4028 libros
1567 3973 1688 4027 aut
1718 3965 1991 4027 litteras
2020 3964 2306 4040 habere,
2333 3963 2485 4026 sine
2505 3963 2728 4042 ipsius
2752 3979 3105 4026 consensu

717 4171 733 4204 ¹
791 4170 1112 4216 “Fraucesco
1135 4169 1562 4224 Balbi.1·envoye
1582 4167 1848 4222 florentin,
1874 4167 2099 4212 ecrivait
2131 4169 2162 4210 a
2184 4165 2364 4209 cosme
2395 4167 2457 4208 de
2488 4164 2724 4218 Medicis,
2757 4166 2803 4209 le
2832 4165 2861 4208 2
2886 4171 3111 4219 septem-

635 4245 746 4294 bre.
767 4255 832 4287 eu
852 4253 940 4286 cen
961 4249 1171 4286 termes:
1193 4240 1430 4285 “Comme
1447 4241 1500 4296 je
1523 4240 1813 4284 raimunde
1835 4242 1867 4283 a
1891 4238 2057 4283 Votre
2080 4238 2387 4282 Excelleuce
2408 4237 2446 4281 il
2465 4249 2501 4294 y
2521 4248 2552 4281 a
2566 4237 2823 4292 plusieurs
2836 4236 3110 4288 semaiues,

639 4317 686 4359 ie
707 4315 786 4359 roi
807 4325 842 4359 a
859 4317 1060 4370 euvoye
1083 4313 1148 4357 ici
1168 4325 1260 4357 son
1281 4313 1605 4367 inquisiteur,
1628 4313 1714 4366 qul
1735 4319 1814 4354 est
1836 4315 1961 4366 pere
1983 4311 2045 4354 de
2068 4309 2217 4354 Salnt
2248 4309 2579 4364 Dominique,
2608 4320 2739 4364 pour
2764 4307 3047 4363 persuadet
3077 4310 3109 4350 a

639 4394 780 4430 cette
815 4388 927 4430 tres
959 4386 1246 4429 excellente
1284 4384 1434 4428 dame
1464 4383 1526 4426 de
1557 4387 1734 4427 menet
1763 4395 1862 4426 une
1893 4389 2043 4426 autre
2078 4382 2180 4425 vie.
2215 4379 2538 4430 Fiualmeut.
2569 4383 2726 4435 apres
2756 4381 3022 4433 beaucoup
3049 4378 3113 4422 de

639 4461 889 4514 disputes,
913 4457 1014 4501 Son
1034 4456 1344 4500 Excellence
1367 4465 1399 4499 ι
1419 4455 1644 4499 entendu
1664 4457 1715 4498 la
1736 4465 1903 4498 messe
1925 4465 1983 4497 ce
2016 4454 2181 4497 mntin
2197 4485 2207 4505 ‚
2232 4452 2385 4496 chose
2417 4454 2501 4506 qu’
2521 4452 2619 4495 elle
2640 4451 2839 4496 u'avait
2860 4462 2955 4505 pas
2982 4450 3111 4494 faite

635 4531 821 4586 depuis
837 4531 997 4574 douze
1017 4539 1128 4572 aus.
1151 4526 1424 4582 (Archivio
1443 4525 1706 4578 Mediceoe
1741 4525 1989 4570 Fonrmu
2010 4559 2020 4579 ‚
2058 4533 2094 4568 t.
2131 4535 2185 4577 11,
2224 4535 2345 4578 pag.
2380 4524 2530 4577 872)...
2565 4523 2951 4576 Rooocanaciu,
2983 4524 3018 4566 l.
3048 4533 3112 4574 c..

642 4615 757 4658 cap.
771 4615 823 4657 x,
843 4613 967 4657 pag.
982 4602 1080 4646 243.
3012 4609 3019 4616 ·

722 4674 745 4707 ¹
796 4674 868 4718 2.·
884 4673 1192 4729 septembris
1210 4705 1221 4726 ,
1243 4672 1319 4716 ait
1342 4671 1489 4715 Balbi
1507 4669 1677 4722 (Vide
1697 4674 1881 4714 annot.
1898 4668 2321 4723 praecedentem)
2341 4680 2352 4723 ;
2374 4668 2473 4711 uisi
2493 4667 2627 4712 forte
2650 4677 2799 4710 error
2828 4664 3039 4720 irrepsit
3062 4663 3075 4706 i
3083 4675 3117 4707 ιι

639 4746 673 4790 2
690 4757 783 4802 pro
807 4747 874 4790 12.
