3742 5392
1648 518 1776 577 An.
1826 517 1967 577 1554
2931 520 3048 580 573

567 662 885 726 triarcha
916 662 1100 726 mitti
1130 663 1483 744 cupiebat,
1526 673 1594 727 et
1623 664 1819 728 circa
1850 665 2009 728 illos
2037 666 2253 730 etiam
2277 664 2622 747 Judicium
2660 666 2741 729 P.
2779 665 3034 747 Ignatii

560 770 981 850 intelligere,
1016 779 1085 834 et
1117 788 1604 853 quaecumque
1636 772 1777 835 alia
1806 772 2260 854 suggerenda
2291 774 2704 837 viderentur
2732 772 2823 836 ad
2847 774 3033 837 hanc

561 876 998 957 missionem,
1033 895 1077 941 a
1104 876 1182 941 P.
1216 878 1494 958 Ignatio
1526 878 1659 942 sibi
1688 880 1982 959 suggeri
2024 880 2432 960 postulabat
2463 878 2505 945 ¹.

689 984 866 1048 1227.
952 984 1284 1049 Moverat
1311 985 1583 1067 Regem
1603 987 1956 1071 Joannem
1984 996 2061 1051 ut
2090 988 2176 1051 de
2204 986 2624 1052 Patriarcha
2653 988 2727 1051 in
2751 986 3036 1052 Aethio-

564 1091 754 1172 piam
804 1091 1147 1156 mittendo
1186 1104 1467 1173 ageret,
1502 1094 1693 1175 quod
1722 1095 2063 1159 Claudius
2103 1100 2158 1175 ¹,
2195 1093 2614 1175 Aethiopiae
2642 1094 2834 1173 Rex,
2881 1095 3037 1159 sive

566 1199 755 1279 quod
785 1216 1005 1280 opera
1032 1198 1503 1264 lusitanorum
1548 1201 1904 1282 indigeret
1931 1210 2009 1265 ut
2037 1218 2113 1264 se
2144 1220 2187 1265 a
2217 1200 2583 1265 saracenis
2611 1200 2868 1264 vicinis
2895 1219 3035 1265 me-

562 1305 699 1369 lius
732 1304 1177 1386 defenderet,
1219 1306 1375 1370 sive
1414 1307 1604 1388 quod
1641 1308 2012 1388 religionis
2053 1309 2448 1372 catholicae
2479 1325 2680 1371 amor
2711 1308 2774 1371 ei
2813 1326 2856 1370 a
2899 1304 3034 1371 Do·

559 1414 750 1477 mino
774 1413 1080 1477 donatus
1110 1430 1271 1477 eum
1294 1423 1605 1493 urgeret,
1632 1417 2126 1495 postulaverat
2147 1432 2190 1477 a
2215 1414 2698 1495 portugalliae
2725 1413 2923 1495 Rege
2948 1423 3028 1478 ut

557 1519 1055 1584 patriarcham
1078 1521 1227 1583 suis
1250 1520 1493 1600 regnis
1516 1539 1559 1583 a
1584 1520 1767 1585 Sede
1788 1521 2205 1602 Apostolica
2231 1522 2668 1602 impetraret;
2701 1529 2771 1585 et
2794 1538 3038 1603 quam-

562 1627 678 1690 vis
706 1644 795 1689 ex
827 1626 1099 1690 duobus
1129 1627 1281 1703 his,
1318 1628 1505 1708 quod
1534 1628 1757 1708 priori
1786 1630 1946 1693 loco
1978 1629 2243 1692 dictum
2272 1638 2410 1707 est,
2443 1628 2625 1693 forte
2652 1628 2884 1709 magis
2905 1627 3037 1692 Re-

559 1750 723 1813 gem
753 1732 1180 1814 Aethiopiae
1212 1732 1584 1797 Claudium
1616 1735 1840 1798 movit
1870 1734 1972 1814 (ut
2003 1745 2252 1816 postea
2281 1750 2522 1798 rerum
2551 1743 2851 1797 eventus
2871 1734 3030 1798 edo-

564 1840 757 1919 cuit),
789 1839 1249 1904 nihilominus
1279 1841 1467 1921 quod
1492 1842 1805 1905 secundo
1829 1842 1988 1906 loco
2011 1842 2342 1920 diximuS,
2376 1840 2761 1905 verisimile
2789 1840 3034 1920 fiebat;

562 1964 731 2011 nam
762 1956 838 2010 ut
869 1946 1212 2011 intellexit
1240 1948 1528 2027 quidam
1557 1948 1988 2012 Franciscus
2018 1948 2351 2027 Alvarez‚
2385 1947 2506 2029 qui
2527 1947 2785 2012 librum
2806 1947 2895 2011 de
2923 1965 3032 2011 re-

566 2054 701 2117 bus
730 2052 1157 2134 Aethiopiae
1187 2053 1496 2135 scripsit,
1529 2054 1647 2117 ubi
1688 2054 2099 2136 aliquandiu
2142 2064 2471 2119 versatus
2509 2052 2639 2117 suit
2668 2052 2714 2133 ³,
2762 2054 3030 2119 aethio-

564 2178 693 2241 pes
720 2161 792 2224 hi
817 2160 1073 2241 viginti
1098 2178 1325 2224 annos
1345 2170 1416 2224 et
1445 2162 1750 2242 amplius
1770 2162 1921 2225 sine
1940 2160 2361 2225 Patriarcha
2383 2161 2691 2241 fuerunt,
2718 2179 2804 2224 eo
2836 2162 3028 2243 quod

568 2265 725 2331 Rex
777 2268 891 2331 ille
946 2268 1178 2348 (quem
1228 2268 1347 2332 alii
1395 2266 1974 2348 PresteJ'oannem
1992 2318 2007 2349 ,
2061 2267 2182 2332 alii
2229 2270 2624 2349 pretiosum
2672 2269 3027 2353 Joannem

644 2618 659 2650 ¹
718 2616 895 2662 Habes
922 2617 1019 2662 has
1041 2617 1199 2671 Regis
1220 2616 1580 2673 Portugauiae
1606 2620 1673 2663 ad
1693 2618 1956 2675 Ignatium
1989 2619 2286 2663 litteras-in
2325 2618 2516 2663 Carras
2544 2619 2611 2662 de
2641 2619 2753 2663 San
2787 2620 3028 2674 Ignacio,

586 2719 599 2732 .
622 2698 683 2733 ιιι
696 2720 709 2745 ,
729 2700 852 2744 pag.
872 2688 968 2732 520.

638 2760 663 2792 ²
719 2759 819 2815 Sic;
840 2762 1047 2816 saepius
1069 2769 1243 2805 tamen
1263 2763 1331 2805 ab
1350 2762 1432 2816 iia,
1453 2760 1540 2815 qui
1561 2763 1624 2807 de
1646 2764 1800 2807 rebus
1819 2762 2132 2817 Aethiopiae
2155 2768 2336 2817 agunt,
2357 2762 2605 2807 scribitur
2629 2762 2902 2807 Claudios.

637 2831 661 2863 ³
714 2832 805 2875 “P.
828 2830 1112 2876 Francisco
1132 2833 1380 2887 Ain-aree,
1405 2833 1722 2889 Presbytero
1742 2835 1965 2887 secular,
1987 2835 2197 2877 natural
2218 2834 2281 2877 de
2300 2833 2559 2887 Coimbra,
2581 2835 2837 2879 mandado
2857 2846 2954 2890 por
2976 2839 3030 2881 el

556 2903 633 2946 rei
654 2902 724 2947 D.
750 2901 953 2947 Marmei
974 2915 1119 2948 como
1140 2904 1509 2959 companheiro
1528 2904 1591 2949 de
1612 2904 1812 2950 Duarte
1836 2906 2060 2961 Gnlvao,
2089 2916 2158 2949 na
2185 2905 2494 2950 embaixada
2515 2917 2613 2960 que
2637 2904 2828 2961 dirigiu
2849 2918 2914 2950 ao
2935 2908 3029 2951 im-

555 2975 780 3028 perador
800 2976 865 3018 da
887 2975 1151 3031 Ethiopia,
1174 2987 1255 3019 em
1276 2976 1593 3029 retribuicao
1614 2977 1681 3020 da
1702 2988 1798 3031 que
1821 2978 1867 3021 d'
1889 2980 2000 3021 este
2021 2978 2289 3021 reeebera.
2325 2978 2509 3021 Partiu
2539 2988 2570 3021 ο
2600 2977 2655 3021 Ρ.
2690 2978 2923 3024 Alvare·
2959 2980 3020 3024 de

556 3044 750 3089 Lisboa
772 3058 804 3090 a
822 3048 849 3090 7
868 3046 915 3089 d’
936 3048 1087 3090 Abril
1110 3048 1171 3090 de
1199 3047 1519 3101 1515;porem
1541 3049 1693 3092 tendo
1726 3048 1948 3092 falecido
1982 3049 2182 3093 Duarte
2213 3048 2420 3093 Galvao
2455 3054 2606 3093 antes
2640 3049 2703 3093 de
2733 3050 2930 3105 chegar
2960 3062 3030 3094 ao

556 3129 649 3163 teu
668 3118 886 3173 destino,
906 3131 934 3161 e
956 3119 1113 3162 sendo
1133 3119 1385 3163 nome-‚do
1404 3130 1537 3175 para
1556 3132 1587 3163 o
1620 3121 1896 3165 substituit
1917 3120 1978 3164 D.
2008 3121 2238 3175 Rodrigo
2272 3122 2335 3165 de
2369 3119 2539 3173 Lima.
2572 3132 2604 3165 a
2637 3127 2748 3165 este
2781 3133 3026 3177 acompa·

557 3190 697 3233 nhon
716 3200 745 3232 o
760 3190 940 3244 padre.
963 3191 1233 3246 enecando
1254 3192 1433 3235 ambos
1466 3203 1499 3235 n.
1518 3195 1662 3236 corte
1682 3192 1749 3236 dn.
1770 3193 2036 3237 Abissinia
2057 3204 2138 3237 em
2173 3192 2325 3237 Abril
2347 3193 2411 3236 de
2435 3193 2559 3237 1520.
2585 3193 2777 3237 Deoois
2800 3195 2865 3237 da
2899 3194 3026 3237 resi·

559 3260 741 3304 dencia
764 3262 811 3304 d'
832 3262 1021 3316 algens
1040 3274 1202 3306 annos
1222 3264 1269 3307 n'
1290 3265 1492 3317 aquelle
1514 3264 1745 3318 imperio,
1768 3265 1946 3308 volton
1969 3276 2002 3308 a.
2022 3263 2276 3318 Portugai
2305 3275 2420 3308 com
2455 3275 2485 3308 o
2520 3265 2876 3319 embaixador,
2913 3266 3025 3310 des-

557 3333 906 3377 ernbarcando
940 3334 1120 3379 ambos
1152 3346 1235 3378 em
1255 3335 1545 3379 lisboaa‘u
1567 3335 1629 3379 de
1649 3334 1805 3387 Julho
1838 3336 1900 3379 de
1939 3336 2055 3379 1527.
2091 3334 2193 3379 Fez
2215 3336 2392 3390 depois
2427 3346 2461 3379 a
2483 3336 2706 3390 jocunda
2743 3337 2806 3380 de
2839 3336 3023 3391 Roma,

554 3404 981 3458 acompanhando
1002 3417 1035 3449 n.
1054 3407 1365 3450 embalxada
1387 3407 1449 3450 de
1471 3407 1787 3459 obediencia.
1808 3418 1906 3461 que
1929 3418 1958 3451 o
1979 3407 2274 3462 imperador
2305 3407 2372 3451 da
2405 3406 2656 3461 Ethiopia
2688 3409 2941 3452 mandata
2960 3418 3030 3453 ao

552 3486 752 3520 summo
766 3476 1026 3531 pontifice,
1049 3478 1491 3522 reconhecendo·o
1512 3489 1658 3522 como
1680 3478 1826 3522 chefe
1849 3480 1916 3523 da
1937 3480 2116 3533 egreja
2136 3478 2422 3522 universal.
2444 3478 2728 3524 Concluida
2749 3487 2868 3523 esta.
2886 3490 3026 3525 eom-

550 3549 759 3603 missao,
780 3548 900 3593 veiu
922 3559 952 3592 o
972 3548 1030 3591 P.
1053 3550 1282 3594 Alvares
1302 3557 1613 3594 novamente
1633 3561 1764 3604 para
1784 3549 1994 3601 Lisboa.
2012 3563 2039 3594 e
2061 3549 2180 3604 aqui
2203 3550 2442 3604 publicou
2478 3562 2510 3593 a
2542 3554 2802 3604 narracao
2822 3551 2892 3596 da
2911 3562 3030 3595 sua·-

552 3620 779 3675 viagem.
798 3631 825 3663 e
846 3620 912 3665 do
933 3632 1031 3674 que
1050 3622 1341 3665 observ-ara
1360 3633 1440 3665 em
1461 3632 1557 3665 sua
1574 3622 1857 3666 demoradn.
1873 3622 2164 3665 residencin.
2183 3632 2251 3665 na
2270 3622 2554 3667 Abissinia.
2577 3620 2706 3666 Esta
2726 3624 2856 3666 obra
2874 3621 3026 3667 sahiu

552 3702 665 3735 com
684 3703 713 3734 ο
734 3692 903 3735 titulo:
928 3692 1261 3736 ‹Verdadera
1282 3692 1621 3745 informaeam
1642 3694 1734 3737 das
1754 3704 1928 3737 terras
1948 3693 2012 3737 do
2035 3693 2214 3737 Preste
2236 3692 2400 3748 Joam,
2424 3694 2653 3747 segundo
2683 3694 2771 3738 vio
2799 3706 2828 3736 e
2857 3704 3026 3738 esere-

552 3774 647 3807 veo
664 3762 730 3807 ho
744 3766 907 3818 padre
924 3762 1207 3808 Francisco
1226 3764 1471 3817 Aluarez,
1488 3766 1692 3819 capella
1710 3766 1790 3809 del
1804 3764 1920 3820 Rey
1935 3776 2084 3808 nosso
2103 3765 2310 3809 senhor.
2327 3766 2508 3819 Agora
2523 3770 2797 3810 nouat-nete
2815 3766 3028 3822 impres·

548 3844 607 3878 so
632 3845 724 3888 por
744 3834 1001 3879 mandacio
1024 3835 1088 3878 do
1110 3836 1217 3879 dito
1238 3836 1429 3879 senhor
1449 3847 1530 3879 em
1564 3848 1689 3881 casa
1724 3838 1785 3879 de
1835 3836 1960 3880 Luis
1993 3836 2290 3891 Rodriguez
2325 3837 2568 3882 liuereiro
2590 3838 2651 3881 de
2683 3848 2779 3881 sua
2808 3839 3022 3882 alteza.»

552 3906 598 3950 E
628 3918 693 3950 no
728 3906 815 3950 fim
848 3912 967 3950 tem:
1011 3908 1085 3950 «A
1107 3907 1273 3951 honra
1295 3908 1357 3951 de
1393 3908 1515 3951 deos
1545 3920 1573 3951 e
1606 3909 1671 3952 da
1702 3910 1932 3963 gloriosa
1965 3910 2112 3963 virge
2148 3920 2302 3953 nossa
2331 3912 2456 3953 stira
2486 3922 2542 3954 se
2563 3912 2763 3955 acabou
2793 3910 2860 3955 ho
2891 3911 3024 3955 liuro

550 3978 615 4021 do
639 3978 817 4022 Preete
859 3978 949 4029 loa
982 3978 1077 4021 das
1112 3979 1279 4023 indias
1314 3990 1395 4023 em
1427 3990 1459 4033 q
1488 3991 1543 4023 se
1575 3986 1729 4024 conta.
1760 3980 1909 4024 todos
1944 3980 2038 4023 hos
2067 3980 2216 4025 sitios
2246 3981 2339 4025 das
2382 3987 2569 4032 terras.
2603 3994 2632 4024 e
2666 3982 2759 4026 dos
2793 3988 2962 4026 tratos
2994 3995 3022 4026 e

550 4051 836 4094 comercios
856 4050 1038 4104 delius,
1060 4062 1087 4093 e
1109 4050 1173 4093 do
1194 4062 1291 4104 que
1313 4054 1533 4104 passara
1554 4062 1621 4095 na
1642 4052 1780 4107 viaje
1803 4052 1863 4095 de
1884 4053 2003 4097 dom
2024 4052 2254 4107 Rodrigo
2274 4054 2337 4097 de
2370 4052 2520 4097 Lima
2541 4065 2638 4107 qne
2661 4054 2750 4110 foy
2767 4064 2862 4107 por
2882 4064 3023 4098 man·

550 4122 684 4165 dado
706 4122 768 4165 de
789 4121 957 4175 Dioge
976 4122 1121 4176 lopez
1142 4120 1203 4165 de
1222 4122 1465 4177 sequeirn
1498 4134 1595 4177 que
1617 4132 1793 4166 entam
1825 4135 1920 4168 era
1953 4125 2283 4179 gouernador
2309 4135 2377 4168 na
2403 4125 2560 4168 india:
2591 4136 2618 4167 e
2647 4124 2752 4169 assi
2783 4124 2878 4168 das
2909 4136 3024 4170 ear-

550 4202 635 4237 tas
669 4204 696 4235 e
730 4201 1000 4247 presentes
1034 4205 1131 4247 que
1162 4194 1229 4237 ho
1262 4192 1443 4237 Preste
1478 4194 1575 4247 Joa
1606 4196 1827 4238 mandou
1846 4206 1880 4238 a
1909 4196 1955 4238 el
1989 4196 2102 4252 Rey
2121 4207 2274 4239 nosso
2293 4196 2498 4249 sentior,
2537 4200 2597 4239 co
2637 4204 2818 4240 outrns
2835 4206 3024 4240 consae

550 4268 789 4308 notaueis
810 4277 841 4319 q
862 4266 931 4308 ha
952 4276 1019 4308 na
1042 4272 1203 4309 terra.
1228 4264 1309 4309 Ho
1328 4268 1450 4319 qual
1470 4267 1559 4310 vio
1581 4278 1607 4309 e
1646 4278 1891 4311 escreueo
1926 4267 1992 4312 ho
2020 4268 2183 4321 padre
2205 4266 2454 4311 Fracisco
2486 4269 2698 4311 aiuarez
2718 4269 2922 4322 capena
2941 4268 3026 4311 del

548 4335 659 4391 Rey
692 4347 844 4380 nosso
873 4336 1061 4380 senhor
1093 4348 1203 4381 com
1232 4339 1395 4381 muita
1426 4337 1747 4391 diligentiae
1767 4340 2014 4383 verdade.
2037 4340 2311 4383 Acabouse
2343 4350 2476 4383 anno
2505 4339 2573 4383 dn.
2597 4350 2943 4393 enearnacam
2962 4339 3022 4383 de

549 4418 701 4451 nosso
718 4410 841 4451 sflor
857 4408 979 4461 Jesu
993 4408 1191 4452 christo
1206 4420 1237 4453 a
1254 4408 1349 4453 hos
1368 4410 1513 4453 vinte
1532 4410 1658 4454 duos
1678 4410 1793 4453 dias
1815 4410 1876 4454 de
1899 4410 2132 4456 Outnbro
2149 4410 2212 4455 de
2229 4412 2318 4455 mil
2339 4422 2368 4453 e
2388 4411 2698 4465 quinhentos
2721 4424 2748 4455 e
2769 4418 3028 4465 quarente

550 4490 755 4524 annos».
780 4478 890 4524 Fol.
910 4481 1139 4533 gothico,
1161 4492 1274 4525 com
1298 4481 1375 4523 136
1394 4480 1564 4526 solhas
1586 4483 1900 4526 numeradas
1917 4495 2013 4538 por
2030 4495 2132 4528 una
2149 4487 2207 4527 so
2225 4483 2355 4535 sace,
2370 4494 2480 4527 sem
2495 4488 2680 4526 contar
2696 4494 2755 4527 as
2776 4482 2840 4525 do
2859 4489 3025 4539 rosto,

550 4552 765 4606 prologo
793 4563 820 4595 e
842 4552 1023 4596 indice.
1046 4552 1181 4595 Traz
1215 4564 1281 4596 na
1302 4551 1444 4596 solha
1465 4554 1529 4597 do
1550 4561 1693 4598 rosto
1730 4566 1825 4610 por
1846 4556 1981 4598 eima
2015 4556 2078 4599 do
2117 4556 2270 4599 titulo
2305 4566 2425 4599 uma
2457 4560 2691 4609 estampa
2732 4555 2920 4598 uberta.
2937 4566 3022 4599 em

548 4623 801 4673 madeira.
823 4635 920 4677 que
942 4632 1245 4678 representa
1266 4636 1297 4667 a
1316 4625 1537 4668 entrada
1559 4626 1623 4668 do
1645 4628 1984 4670 embaixador
2005 4638 2071 4670 na
2094 4631 2233 4671 corte
2264 4627 2332 4671 da
2353 4626 2636 4679 Abissinia;
2658 4637 2686 4668 e
2715 4636 2782 4669 no
2805 4624 2890 4669 iim
2910 4631 3016 4669 tem

550 4702 721 4749 outra,
751 4706 831 4739 em
854 4694 997 4739 follia
1016 4696 1291 4750 separada.
1309 4707 1421 4739 com
1443 4706 1475 4739 a
1496 4696 1667 4741 divisa
1689 4698 1753 4740 do
1772 4698 2070 4752 impressor.
2093 4698 2137 4741 E
2158 4700 2286 4743 obra
2305 4710 2447 4751 rara,
2482 4708 2508 4739 e
2530 4697 2593 4741 de
2625 4698 2791 4741 muita
2814 4699 3024 4742 estima-

549 4772 691 4822 qao„.
722 4767 1031 4811 quocsxcio
1067 4767 1357 4811 Fame-isco
1394 4778 1463 4810 DA
1490 4767 1679 4819 Sava,
1720 4768 2065 4813 Daccionan‘o
2097 4770 2520 4825 bibliographico
2549 4773 2866 4823 pot-luguen,
2897 4776 2934 4813 t.
2971 4780 3028 4825 ιι,
