3742 5392
641 443 716 501 78
1565 443 1823 504 Cimon.
1866 443 2019 502 Soc.
2060 443 2199 516 Jas.

647 597 716 650 et
757 587 942 650 filiae
982 597 1052 650 et
1088 586 1476 652 familiares
1520 588 1610 651 ab
1649 605 1734 650 eo
1777 596 2230 669 acceperunt.
2264 587 2425 652 Alio
2464 587 2679 651 etiam
2716 588 2828 650 die
2866 604 3125 667 preces

603 748 606 751 .
644 694 973 758 horarias
1001 693 1078 757 Β.
1118 693 1436 774 Virginis
1463 693 1814 758 Ducissae
1843 695 2115 774 obtulit,
2147 705 2218 758 et
2246 711 2411 759 cum
2438 695 2511 765 in
2550 712 2635 757 eo
2671 694 2907 758 libello
2944 695 3117 758 ima·

646 801 850 880 gines
879 802 957 865 B.
999 800 1331 880 Virginis
1366 813 1637 880 essent,
1681 819 1898 866 unam
1935 819 2183 865 earum
2227 803 2684 865 exosculatus
2724 811 2865 880 est,
2909 812 2978 865 et
3019 802 3123 865 illi

647 908 1109 972 osculandam
1166 907 1481 987 tradidit,
1542 909 1729 990 quod
1788 918 1857 972 et
1904 908 2071 972 fecit
2127 909 2247 972 illa
2292 917 2541 971 contra
2588 909 3118 972 haereticorum

644 1015 864 1095 impia
918 1015 1398 1095 praescripta3
1467 1033 1677 1094 quem
1736 1015 2045 1079 Domina
2100 1015 2330 1079 Maria
2380 1016 2495 1079 del
2558 1015 2770 1080 Giese
2816 1016 3115 1097 pulchre

646 1121 1243 1201 compingendam
1275 1131 1656 1185 curaverat
1691 1121 1730 1182 ¹.
1763 1121 2061 1186 Audivit
2103 1133 2340 1186 autem
2384 1121 2867 1186 confessiones
2900 1125 3125 1187 totius

645 1227 792 1291 fere
841 1227 1185 1307 familiae,
1238 1246 1422 1309 quae
1470 1247 1632 1292 eum
1678 1229 2022 1309 diligebat
2070 1239 2138 1292 et
2187 1247 2277 1292 ne
2325 1228 2707 1294 Ducissam
2756 1230 3124 1293 desereret

646 1335 1088 1399 hortabatur.
1124 1335 1303 1401 Cum
1334 1345 1570 1399 autem
1593 1337 1665 1399 in
1695 1336 2049 1400 audienda
2079 1335 2319 1416 Missa,
2352 1354 2536 1417 quae
2559 1337 2631 1400 in
2654 1339 2817 1399 aula
2840 1337 3118 1401 diceba-

647 1452 784 1520 tur,
818 1441 1098 1506 adesset
1128 1441 1468 1522 Ducissa,
1501 1454 1569 1507 et
1601 1461 1693 1507 ex
1722 1443 2047 1507 cubiculo
2076 1460 2207 1507 suo
2235 1461 2365 1524 pro
2396 1460 2593 1506 more
2623 1461 2782 1506 eam
2814 1442 3119 1521 audiret,

647 1548 774 1612 sed
804 1549 895 1613 ad
925 1550 1221 1614 alterum
1249 1550 1438 1614 latus
1467 1560 1716 1632 portae
1747 1550 1981 1630 magis
2008 1551 2415 1628 inclinaret,
2450 1551 2777 1630 quamvis
2816 1551 3121 1631 simplici

649 1656 885 1719 animo
913 1666 982 1721 et
1011 1657 1101 1720 ob
1127 1657 1695 1721 recollectionem
1733 1655 2076 1737 majorem
2112 1657 2184 1720 id
2220 1657 2459 1720 facere
2498 1657 2925 1736 crederetur,
2958 1657 3121 1721 hor·

649 1771 841 1827 tatus
890 1774 999 1827 est
1047 1773 1287 1828 tamen
1335 1781 1496 1829 eam
1544 1764 1620 1828 P.
1676 1762 2091 1828 Pelletarius
2134 1774 2214 1828 ut
2255 1765 2327 1828 in
2372 1765 2604 1828 medio
2648 1765 2834 1827 illius
2869 1775 3118 1845 portae

649 1886 852 1933 suum
883 1870 1270 1934 scabellum
1298 1872 1783 1948 constitueret,
1815 1881 1893 1935 ut
1923 1871 2185 1935 clarius
2205 1871 2498 1935 Missam
2522 1881 2590 1934 et
2612 1871 2886 1935 videret
2908 1881 2979 1934 et
3002 1889 3119 1934 au-

649 1976 866 2055 diret,
900 1978 1091 2058 quod
1119 1990 1188 2043 et
1219 1978 1337 2041 illa
1367 1978 1755 2058 praestitit;
1801 1979 1970 2059 quia
2008 1989 2243 2042 tamen
2273 1979 2562 2042 videbat
2606 1977 2757 2058 ejus
2798 1979 3119 2058 virgines

649 2084 951 2163 genibus
993 2085 1274 2165 quidem
1317 2085 1522 2150 flexis
1559 2085 1853 2149 Missam
1890 2084 2169 2163 audire,
2214 2086 2339 2149 sed
2377 2084 2552 2148 nihil
2594 2084 2831 2149 dicere
2860 2087 2975 2149 vel
3019 2085 3123 2148 fa-

647 2207 834 2272 cere⁸
858 2192 932 2255 in
987 2194 1271 2272 signum
1327 2192 1727 2256 devotionis
1782 2201 1852 2257 et
1911 2191 2456 2272 humiliationis,
2519 2193 2733 2256 etiam
2802 2201 3123 2272 tempore

649 2298 1069 2362 elevationis
1107 2297 1446 2380 Corporis
1488 2297 1808 2376 Domini,
1851 2300 2090 2362 retulit
2121 2299 2293 2363 illud
2329 2297 2678 2362 Ducissae
2710 2298 2785 2361 P.
2828 2298 3117 2363 Pelleta-

647 2405 828 2486 rius,
872 2407 994 2487 qui
1031 2415 1100 2468 et
1140 2407 1289 2486 ipse
1329 2405 1592 2469 Missae
1631 2407 2001 2483 intererat,
2046 2416 2114 2470 et
2144 2423 2301 2469 eam
2334 2407 2659 2469 hortatus
2688 2418 2795 2469 est
2823 2415 2899 2470 ut
2921 2405 3116 2469 sami-

649 2513 817 2576 liam
886 2513 1080 2576 illam
1147 2513 1542 2576 institueret
1597 2513 1667 2575 in
1734 2512 1948 2576 modo
2006 2530 2092 2576 ac
2148 2513 2423 2576 ratione
2486 2530 2703 2594 quam
2763 2514 2837 2576 in
2895 2513 3119 2577 Missa

651 2618 1000 2684 audienda
1060 2629 1300 2683 tenere
1359 2620 1714 2683 deberent.
1776 2619 2069 2701 Recepit
2126 2620 2245 2683 illa
2304 2637 2381 2682 se
2446 2619 2517 2682 id
2581 2618 2933 2684 facturam
2959 2669 2973 2696 ,
3048 2630 3121 2684 et

649 2736 889 2790 tamen
937 2728 1073 2790 hac
1123 2727 1502 2791 occasione
1547 2725 1622 2790 P.
1678 2726 2097 2790 Pelletarius
2147 2726 2399 2790 horam
2448 2727 2761 2807 aliquam
2807 2728 3111 2808 postula-

649 2834 754 2897 vit
784 2836 1232 2898 commodam
1262 2845 1338 2898 ut
1365 2833 1706 2898 familiam
1736 2834 1959 2915 ipsius
1995 2834 2282 2897 doceret
2322 2851 2502 2914 quae
2543 2835 2634 2897 ad
2676 2832 2811 2897 Dei
2853 2835 3121 2897 cultum

648 2942 1056 3004 necessaria
1095 2951 1300 3004 erant
1329 2939 1534 3020 juxta
1578 2939 1971 3003 catholicae
2011 2941 2358 3005 ecclesiae
2395 2941 2630 3003 ritum.
2678 2940 2841 3005 Fuit
2878 2951 3117 3004 autem

651 3047 715 3110 ei
744 3047 1112 3128 assignata
1140 3046 1348 3120 hora;
1393 3057 1462 3110 et
1501 3065 1662 3111 cum
1702 3047 2165 3110 intellexisset
2204 3063 2335 3110 nec
2374 3048 2715 3110 articulos
2742 3047 2938 3126 fidei,
2985 3065 3123 3110 nec

651 3153 1167 3219 consessionem
1201 3155 1609 3234 generalem
1650 3164 1771 3217 aut
1811 3154 1991 3218 alias
2024 3155 2405 3229 orationeS,
2440 3155 2848 3218 memoriter
2877 3164 3120 3218 tenere

650 3261 992 3325 familiam
1023 3262 1246 3337 illam,
1286 3261 1598 3340 suscepit
1628 3278 1885 3324 munus
1919 3279 2042 3324 eas
2078 3260 2451 3340 edocendi;
2486 3270 2554 3325 et
2584 3261 2684 3323 ita
2713 3260 3117 3341 symbolum

651 3369 1157 3449 Apostolorum
1187 3385 1310 3448 per
1341 3368 1658 3447 singulos
1690 3368 2029 3431 articulos
2058 3369 2419 3448 explicare
2450 3369 2703 3448 coepit;
2728 3385 2895 3431 nam
2917 3369 3111 3432 velut

649 3476 723 3539 in
751 3475 998 3556 primis
1027 3473 1442 3538 rudimentis
1471 3473 1633 3538 fidei
1664 3475 2121 3538 instruendae
2151 3475 2597 3538 videbantur.

775 3581 910 3646 138.
998 3581 1176 3646 Cum
1205 3582 1313 3645 his
1343 3582 1590 3645 diebus
1619 3581 2017 3662 Episcopus
2047 3581 2388 3646 Rossetus
2420 3582 2439 3612 ¹
2484 3581 2784 3646 Romam
2822 3601 2865 3646 a
2908 3581 3111 3646 Duce

647 3689 1074 3768 mitteretur,
1115 3689 1471 3753 commisit
1510 3689 1574 3751 ei
1615 3687 1923 3752 Ducissa
1964 3699 2041 3750 ut
2085 3705 2212 3751 suo
2256 3689 2539 3752 nomine
2583 3689 2800 3770 pedes
2845 3686 3118 3753 Summi

647 3795 1013 3860 Pontificis
1043 3797 1523 3876 oscularetur,
1559 3806 1628 3859 et
1657 3796 1896 3875 aliqua
1925 3795 2061 3875 ipsi
2090 3793 2393 3873 diceret,
2427 3796 2593 3876 quia
2626 3797 2903 3859 litterae
2939 3796 3107 3858 scri-

655 3901 927 3965 bendae
966 3919 1054 3965 ne
1098 3901 1460 3966 Cardinali
1499 3902 1784 3982 quidem
1821 3901 1881 3964 F
1884 3901 2267 3965 errariensi
2308 3902 2735 3966 videbantur
2772 3902 3117 3966 honestas

651 4009 741 4073 ob
783 4026 1063 4100 causas.
1116 4008 1420 4073 Volebat
1465 4009 1680 4072 etiam
1716 4008 2025 4072 Ducissa
2067 4008 2159 4073 ad
2207 4009 2539 4072 vestitum
2582 4019 2650 4072 et
2690 4009 2831 4072 alia
2867 4025 3106 4073 neces·

653 4172 741 4180 -—-

704 4251 722 4284 ¹
779 4249 964 4294 Eritne
985 4251 1069 4295 hic
1089 4252 1176 4294 ille
1197 4250 1474 4295 Horarum
1493 4250 1634 4294 liber
1653 4249 2031 4293 Ferrariensis
2050 4249 2315 4294 Ducissae
2336 4251 2598 4304 Renatae,
2621 4253 2706 4306 qui
2728 4262 2861 4296 nunc
2881 4261 3125 4296 asserva-

648 4329 737 4367 tur
755 4321 1014 4366 Mutinae?
1034 4321 1169 4366 Vide
1199 4321 1592 4376 Rooocsumcm,
1613 4323 1648 4365 1.
1677 4331 1740 4374 c.,
1763 4332 1879 4376 cap.
1900 4331 1950 4374 ν,
1974 4332 2093 4376 pag.
2117 4321 2219 4376 1093
2243 4328 2295 4365 et
2326 4321 2519 4366 Cesare
2551 4322 2721 4367 cantu
2736 4356 2747 4377 ‚
2770 4324 2855 4378 qui
2878 4324 2954 4366 ait
2980 4323 3126 4376 (disc.

649 4405 794 4447 xxvi,
815 4399 991 4438 annot.
1015 4393 1099 4444 10):
1120 4392 1301 4438 “Nella
1320 4393 1632 4437 bibliotheca
1652 4392 1702 4436 di
1723 4391 1939 4436 Modena
1960 4393 2002 4436 si
2024 4404 2277 4438 conserva
2298 4405 2367 4438 un
2387 4395 2470 4438 bel
2492 4396 2751 4440 codicetto
2773 4396 2823 4438 di
2846 4395 3123 4450 preghiere

650 4467 787 4510 della
809 4465 1038 4520 Renata,
1060 4465 1176 4508 dov’
1194 4476 1314 4509 essa
1342 4468 1370 4508 e
1391 4470 1789 4519 rappresentata
1812 4470 1953 4508 tutta
1982 4464 2177 4508 vestita
2199 4465 2245 4508 d'
2264 4477 2355 4509 oro
2376 4478 2403 4508 e
2432 4477 2527 4510 con
2549 4478 2612 4510 un
2636 4470 2753 4512 velo
2773 4478 2870 4521 pur
2890 4467 2939 4510 d’
2959 4477 3050 4510 oro
3072 4468 3124 4510 in

651 4543 806 4582 testa.
829 4537 962 4580 Vedi
987 4537 1139 4581 Mem.
1161 4536 1306 4580 della
1329 4534 1592 4590 Deputaae.
1614 4535 1675 4578 aa·
1692 4535 1870 4579 Storz'a
1892 4535 2085 4580 Patria
2106 4537 2165 4579 di
2182 4536 2431 4589 Modena,
2450 4539 2559 4581 vol.
2596 4549 2649 4589 u,
2672 4539 2820 4590 186⁴.„

609 4669 613 4674 ἡ
703 4608 725 4639 ²
779 4608 1078 4662 Alphonsus
1099 4607 1346 4662 Rossetti,
1369 4607 1718 4652 comaclensis
1736 4607 2040 4662 Episcopus.
2065 4607 2419 4652 Ferrariensls
2442 4610 2937 4665 Archiepiscopatus
2957 4611 3119 4654 admi-

651 4681 921 4724 nisti-ator.
