3742 5392
1640 474 1769 533 ΑΝ.
1814 476 1957 533 1554
2943 474 3059 533 217

578 625 907 701 veniens,
942 640 1103 687 cum
1134 624 1468 687 militibus
1498 624 1862 703 religionis
1891 622 2016 687 Sti.
2051 623 2349 706 Joannis
2387 622 2630 687 nescio
2669 640 2846 704 quas
2886 639 3051 686 con·

580 731 930 793 tentiones
952 729 1215 793 habere
1238 730 1611 810 coepisset,
1634 730 1920 810 scripsit
1942 727 2376 793 Provinciali
2395 739 2474 793 ut
2497 746 2542 791 a
2563 728 2905 793 mittendo
2927 730 3048 792 illo

584 835 793 899 Patre
822 836 1351 916 supersederet,
1387 836 1612 901 donec
1650 854 1767 901 res
1808 837 2042 916 magis
2084 847 2322 900 essent
2365 835 2830 917 compositae:
2877 836 3050 899 inte-

582 944 719 1007 rim
748 956 984 1008 autem
1014 945 1423 1009 missionem
1454 944 1687 1008 Patris
1732 942 2144 1007 Bobadillae
2183 942 2274 1005 ad
2312 942 2498 1007 hanc
2549 952 2892 1007 aestatem
2931 961 3048 1006 ex·

581 1050 914 1131 pectabat
948 1049 999 1130 ¹;
1033 1050 1160 1114 sed
1188 1062 1258 1114 et
1298 1052 1418 1114 illa
1456 1050 1793 1131 impedita
1835 1049 1998 1129 fuit3
2046 1049 2348 1114 necdum
2377 1051 2586 1128 enim,
2619 1060 2696 1113 ut
2738 1050 3048 1128 videtur,

582 1157 885 1238 collegia
915 1158 1030 1220 illa
1062 1166 1132 1221 et
1161 1156 1675 1239 expeditiones,
1712 1158 1801 1221 ad
1830 1157 2154 1221 Africam
2169 1156 2559 1237 Juvandam
2583 1158 3044 1237 pertinenteS,

584 1280 829 1328 eoram
855 1265 1165 1329 Domino
1195 1273 1707 1329 maturuerant.

700 1371 841 1435 482.
926 1373 1021 1437 Ut
1069 1372 1478 1451 videbatur,
1526 1371 1661 1435 hoc
1710 1370 2066 1436 commodi
2116 1372 2481 1451 expectari
2529 1380 2810 1451 poterat
2860 1371 3049 1434 inter

578 1480 753 1557 alia,
787 1478 972 1561 quod
1006 1479 1221 1560 aliqui
1252 1478 1343 1542 ad
1372 1478 1802 1543 Societatem
1830 1496 1924 1542 ex
1953 1497 2039 1543 ea
2078 1478 2310 1542 insula
2349 1481 2372 1514 ³
2410 1478 2842 1558 aspirarent,
2887 1496 3042 1541 ara·

577 1588 779 1651 bicae
809 1588 1113 1667 linguae,
1148 1604 1331 1667 quae
1361 1588 1749 1650 vernacula
1781 1588 1954 1667 ipsis
1983 1596 2122 1665 est,
2164 1586 2396 1667 periti.
2428 1584 2763 1649 Placebat
2806 1596 3044 1649 autem

577 1710 1012 1774 magnopere
1035 1692 1360 1772 Pro-regi
1382 1692 1570 1773 quod
1592 1710 1699 1772 ea,
1725 1710 1909 1773 quae
1933 1694 2258 1774 superius
2280 1691 2366 1755 de
2392 1692 2602 1755 rebus
2631 1690 2921 1755 Africae
2944 1691 3042 1754 di-

580 1810 697 1863 cta
728 1800 1009 1863 fuerunt
1033 1848 1048 1878 ,
1083 1809 1231 1864 tam
1268 1799 1564 1863 libenter
1596 1798 1861 1863 Romae
1914 1798 2153 1863 audita
2203 1798 2537 1874 fuissent;
2593 1808 2697 1878 et,
2745 1800 2807 1862 si
2844 1797 3039 1862 Prin·

579 1909 773 1988 cipes
824 1907 1197 1971 christiani
1255 1924 1507 1970 manus
1565 1924 1707 1987 non
1766 1907 2072 1986 ligarent
2129 1906 2657 1970 misericordiae
2722 1904 3038 1985 Domini,

576 2014 850 2094 sperari
898 2030 1109 2092 posse
1158 2030 1499 2093 magnum
1548 2012 1877 2077 effectum
1929 2013 2227 2076 Pro-rex
2265 2012 2692 2091 affirmabat,
2747 2030 2915 2077 nam
2970 2022 3039 2075 et

576 2120 993 2201 Imperatori
1020 2136 1455 2200 magnopere
1482 2121 1883 2199 placuerat,
1918 2120 2108 2200 quod
2138 2121 2252 2183 ille
2290 2119 2445 2183 Rex
2487 2129 2611 2184 aut
2649 2118 2924 2199 Xeche,
2959 2128 3038 2183 ut

572 2227 693 2290 alii
740 2228 1132 2305 vocabant,
1179 2225 1639 2307 jerbiensium
1688 2228 1825 2306 ipsi
1875 2244 1952 2289 se
2001 2226 2367 2305 subderet,
2422 2236 2491 2289 et
2543 2244 2783 2290 arcem
2833 2242 3038 2290 suam

577 2332 893 2411 offerret,
928 2344 997 2397 et
1028 2335 1241 2398 aliam
1269 2333 1522 2397 confici
1553 2334 1764 2397 vellet
1793 2330 1852 2413 ⁸3
1897 2334 2223 2413 quamvis
2264 2343 2500 2397 autem
2543 2334 2680 2397 hoc
2719 2342 3036 2414 ternpore

574 2440 1045 2519 Afrodisium,
1079 2458 1294 2521 quam
1322 2440 1647 2504 Africam
1674 2441 1926 2503 vocari
1956 2440 2294 2519 diximus,
2332 2438 2534 2521 jussu
2579 2440 3041 2521 Imperatoris

572 2550 999 2612 subversum
1026 2548 1267 2624 fuerit,
1302 2548 1493 2628 quod
1522 2565 1880 2627 expensae
1917 2565 2182 2627 graves
2225 2564 2386 2611 cum
2425 2548 2686 2628 exigua
2730 2548 3031 2612 utilitate

566 2656 639 2718 in
667 2674 752 2718 eo
782 2654 1139 2735 praesidio
1168 2654 1447 2732 fierent,
1484 2654 1860 2719 videbatur
1891 2655 2214 2734 Pro-regi
2242 2654 2502 2737 Joanni
2532 2655 2619 2718 de
2649 2656 2858 2735 Vega
2888 2654 3032 2719 Mo-

568 2762 957 2825 nasterium
985 2762 1148 2842 capi
1178 2779 1418 2841 posse,
1454 2771 1523 2825 et
1561 2762 1822 2825 ibidem
1861 2779 2102 2825 arcem
2143 2761 2509 2840 constitui,
2556 2779 2737 2842 quae
2779 2764 3038 2827 minori

568 2886 729 2932 cum
760 2886 1075 2949 expensa
1107 2868 1342 2932 utilior
1372 2878 1591 2945 esset,
1636 2877 1707 2931 et
1748 2878 1986 2932 tamen
2026 2868 2535 2933 Monasterium
2576 2870 2884 2933 vicinius
2923 2880 3031 2935 est

560 2976 1032 3056 jerbiensibus
1062 2992 1273 3056 quam
1303 2976 1746 3040 Afrodisium
1785 2986 1853 3037 et
1882 2984 2168 3055 portum
2198 2975 2410 3039 habet
2435 2984 2505 3039 et
2523 2978 2752 3040 solum
2777 2976 3030 3042 fertile.

568 3082 879 3162 Rogavit
903 3092 1141 3145 autem
1164 3082 1459 3146 Pro-rex
1483 3083 1626 3163 (qui
1655 3084 1743 3146 ad
1768 3082 2294 3163 expeditionem
2321 3082 2612 3147 Africae
2633 3086 2844 3148 valde
2872 3102 3031 3164 pro-

567 3208 829 3270 pensus
880 3188 1067 3268 erat)
1108 3199 1185 3252 ut
1221 3189 1404 3253 Dno.
1450 3207 1599 3253 rem
1635 3191 1859 3254 nostri
1903 3190 2517 3254 commendarent:
2562 3191 2752 3255 dedit
2795 3202 3034 3255 autem

566 3308 712 3361 tres
740 3313 1032 3377 puerOS,
1069 3315 1157 3360 ex
1188 3296 1453 3378 praeda
1485 3316 1527 3359 a
1568 3297 1934 3359 saracenis
1984 3307 2230 3377 capta,
2277 3297 2352 3359 P.
2397 3297 2863 3378 provinciali,
2910 3302 3033 3379 qui

646 3506 665 3537 ¹
724 3502 860 3547 Vide
886 3514 1046 3557 supra
1062 3535 1075 3556 ,
1097 3514 1217 3557 pag.
1240 3502 1305 3553 15.
1324 3513 1373 3545 n.
1400 3502 1464 3545 15.

642 3578 665 3609 ¹
722 3576 916 3620 Melite.

643 3648 666 3680 ³
719 3647 943 3691 “Pet-che
960 3647 1003 3689 si
1026 3646 1241 3699 rallegri
1262 3645 1424 3689 etiam
1446 3646 1481 3689 il
1501 3645 1555 3688 P.
1576 3644 1689 3689 Don
1710 3644 1941 3690 Battista
1957 3646 2166 3699 (viola),
2190 3646 2224 3690 li
2245 3646 2361 3689 dira
2378 3645 2442 3690 V.
2467 3646 2546 3700 R„
2564 3652 2616 3690 et
2639 3652 2829 3701 tengan
2851 3655 3040 3703 questo

562 3728 765 3765 secreto
799 3730 891 3773 per
927 3719 1147 3772 qualche
1176 3724 1350 3771 tempo
1380 3728 1413 3760 a
1446 3718 1603 3770 quelli
1625 3717 1674 3760 di
1712 3717 1862 3761 suora
1891 3717 1941 3762 di
1964 3728 2114 3769 casa,
2138 3717 2234 3761 che
2255 3718 2289 3761 il
2312 3717 2387 3761 Re
2409 3718 2529 3763 delli
2551 3718 2700 3763 Gelbi
2736 3727 2789 3762 et
2825 3722 2962 3764 altro
2983 3720 3042 3764 di»

564 3792 771 3835 Taxora
792 3802 971 3845 presso
995 3801 1027 3833 a
1047 3788 1243 3844 Tripoli
1264 3790 1325 3831 de
1350 3788 1598 3833 Berberia
1618 3789 1790 3831 hanno
1811 3789 2058 3832 mandato
2079 3790 2474 3833 Ambasciadori
2499 3792 2550 3833 al
2577 3790 2758 3834 Vicere
2782 3792 2832 3835 di
2856 3790 3035 3836 Sicilia

514 3886 519 3893 ·
563 3870 615 3907 et
632 3862 875 3916 vogliono
898 3862 991 3905 che
1012 3862 1056 3905 si
1078 3861 1312 3905 facciano
1335 3860 1511 3914 tempii
1528 3892 1539 3911 .
1562 3868 1613 3903 et
1636 3860 1678 3903 si
1712 3860 1924 3913 predica
1945 3860 2081 3913 (sic)
2103 3860 2136 3903 l'
2154 3860 2428 3915 Evangelo
2449 3864 2581 3905 nelle
2611 3874 2702 3906 sue
2726 3871 2891 3920 terre,
2913 3866 3032 3908 ben-

563 3934 657 3978 che
690 3946 791 3978 non
824 3935 903 3977 sia
935 3934 1096 3978 tirnto
1126 3942 1219 3987 per
1250 3932 1395 3976 forza
1424 3942 1611 3975 nessun
1642 3942 1784 3975 moro
1816 3933 1922 3975 alla
1953 3932 2066 3975 sede
2089 3932 2140 3976 di
2171 3932 2262 3977 X.⁰
2283 3932 2354 3977 Et
2383 3934 2419 3977 il
2439 3932 2629 3978 Vicere
2661 3934 2729 3979 ha
2761 3936 2904 3979 detto
2938 3936 3034 3979 che

564 4006 833 4051 mettiamo
849 4011 1001 4059 gente
1020 4005 1071 4048 in
1086 4004 1281 4048 ordine.
1301 4004 1531 4047 Attenda
1547 4004 1749 4057 dunque
1766 4004 1803 4047 il
1819 4003 1874 4047 P.
1893 4002 2259 4048 Commissario
2274 4004 2474 4056 (viola)
2485 4016 2516 4049 a
2531 4014 2645 4049 star
2659 4008 2803 4053 bene.
2822 4008 2916 4049 che
2931 4019 3036 4051 non

560 4079 597 4121 li
630 4078 879 4121 mancat-a
911 4077 977 4120 da
1014 4076 1171 4128 fare.„
1194 4074 1465 4125 Polancus,
1490 4085 1555 4117 ex
1588 4086 1739 4126 com„
1758 4074 1902 4117 Patri
1935 4076 2217 4119 Francisco
2247 4076 2469 4129 Palmio,
2507 4078 2558 4120 13
2585 4076 2818 4129 januarii
2859 4080 3031 4123 1554.-

560 4148 837 4194 “Tambien
858 4160 949 4192 nos
969 4148 1149 4192 hemon
1180 4153 1328 4191 tanto
1348 4146 1646 4202 regocijado
1682 4158 1778 4190 con
1804 4148 1857 4191 la
1879 4158 2051 4191 nueva
2071 4147 2132 4191 de
2163 4151 2238 4193 los
2271 4148 2460 4193 Gelbes
2481 4162 2516 4206 y
2537 4138 2744 4194 Taxora
2764 4162 2862 4205 que
2883 4164 2947 4195 no
2977 4156 3034 4196 se

562 4222 684 4276 qual
704 4226 823 4264 otta
855 4230 947 4263 nos
966 4219 1184 4274 pudiera
1214 4219 1365 4262 venir
1394 4231 1491 4273 que
1512 4223 1624 4263 mas
1646 4229 1737 4262 nos
1767 4221 2070 4263 alborotara
2092 4231 2187 4263 con
2208 4220 2388 4265 deseos
2407 4220 2468 4263 de
2491 4232 2648 4277 pasar
2669 4234 2732 4266 en
2765 4224 3032 4277 Berberia,

560 4306 595 4349 y
616 4292 841 4337 Nuestro
864 4292 1048 4337 Padi-e.
1069 4292 1111 4334 si
1148 4293 1200 4335 la
1220 4290 1507 4346 Compaflla
1529 4292 1829 4345 dispensase
1850 4303 1947 4335 con
1968 4294 2040 4345 el,
2059 4293 2277 4347 pondi-in
2298 4294 2375 4337 los
2398 4294 2510 4338 dias
2526 4328 2536 4346 ,
2560 4305 2656 4348 que
2678 4296 2724 4337 le
2746 4296 2946 4348 quedan
2969 4298 3034 4339 de

558 4364 715 4417 vivit,
736 4374 830 4407 con
850 4365 1019 4407 buena
1039 4373 1179 4417 gana
1199 4374 1261 4407 en
1282 4370 1397 4407 esta
1418 4374 1655 4417 cmpresa
1670 4376 1705 4420 y
1720 4364 1791 4407 ha
1812 4364 1946 4408 dado
1967 4364 2124 4407 orden
2150 4376 2246 4419 que
2267 4376 2323 4409 se
2347 4368 2540 4421 busque
2561 4378 2628 4411 un
2651 4368 2878 4411 Alcoran
2898 4380 3034 4423 para

556 4446 747 4490 pensor
766 4446 831 4478 en
852 4436 1101 4479 deshazer
1120 4446 1208 4479 sus
1227 4446 1451 4487 errores,
1469 4448 1503 4492 y
1520 4446 1613 4489 por
1634 4436 1821 4479 mucha
1840 4435 1974 4479 faita
1992 4447 2089 4490 que
2112 4436 2254 4490 haya
2273 4438 2336 4481 dc
2357 4445 2529 4491 geute,
2549 4450 2752 4493 nunque
2777 4452 2830 4484 se
2853 4442 3033 4484 desan-

559 4518 714 4560 grase
734 4508 787 4551 la
808 4506 1118 4562 Companta,
1142 4520 1207 4551 no
1240 4519 1295 4551 se
1320 4508 1514 4551 saltata
1534 4518 1599 4550 en
1632 4508 1762 4551 obra
1782 4519 1882 4562 que
1903 4509 1970 4551 da
2002 4516 2152 4551 tanta
2175 4520 2458 4563 esperanza
2493 4510 2576 4553 del
2599 4512 2774 4555 divino
2807 4514 3039 4557 servicio

560 4588 623 4622 en
644 4580 697 4622 la
715 4580 1023 4624 conver-sion
1043 4580 1105 4623 de
1126 4581 1179 4624 la
1199 4579 1494 4631 Bet-beria„
1516 4578 1675 4631 Idem.
1692 4590 1759 4624 ex
1779 4591 1912 4623 cone.
1935 4580 2080 4625 Patri
2103 4580 2420 4639 Hieronymo
2441 4582 2754 4635 Domenech,
2774 4586 2826 4627 16
2844 4584 3032 4637 janua-

558 4649 623 4693 rii
644 4650 957 4694 ibim—Vide
978 4652 1137 4695 etiam
1160 4650 1371 4694 Polanci
1391 4652 1615 4705 litteras,
1634 4662 1700 4694 ex
1720 4662 1869 4705 com„
1888 4652 2034 4695 Patri
2056 4652 2272 4697 Nicolao
2291 4654 2561 4699 Bobadilla
2583 4656 2828 4699 Anconae
2852 4660 3036 4710 agenti

558 4722 713 4767 datas
734 4722 791 4766 80
808 4722 1061 4775 januarii.
