3742 5392
1589 501 1718 559 Aa.
1762 501 1905 559 1554
1956 508 1961 514 ·
2876 481 2989 560 505

505 665 668 712 rum
715 655 1002 728 sumptu
1049 641 1500 728 ev'angelium
1551 648 1656 711 eis
1703 637 2274 728 praedicaretur,
2334 653 2407 709 et
2464 643 2659 709 aliud
2706 645 2985 710 lucrum

502 771 728 836 quam
757 755 1160 818 animarum
1187 755 1492 818 salutem
1521 754 1750 818 nostri
1778 771 1925 818 non
1954 760 2400 834 quaererent.

633 860 809 926 1215.
893 860 1204 942 Injunxit
1251 871 1625 942 praeterea
1667 860 1993 924 omnibus
2034 859 2333 924 ducibus
2374 861 2649 924 arcium
2678 877 2973 924 suarum

509 969 583 1032 in
605 969 844 1034 Indiae
873 967 1288 1048 regionibus
1314 978 1414 1043 ut,
1447 983 1894 1048 quacumque
1921 967 1997 1030 in
2022 983 2103 1030 re
2131 976 2425 1048 possent
2454 976 2526 1031 et
2547 984 2795 1032 eorum
2822 985 2983 1048 ope-

504 1093 591 1139 ra
621 1093 663 1138 a
693 1076 958 1140 nostris
984 1075 1462 1156 requireretur
1491 1075 1586 1138 ad
1611 1074 2002 1138 infidelium
2024 1075 2593 1155 conversionem,
2623 1075 2762 1138 illis
2781 1091 2983 1156 prae-

504 1191 623 1247 sto
665 1193 928 1262 essent,
971 1193 1043 1247 et
1069 1183 1563 1263 quodcumque
1607 1191 1899 1263 possent
1931 1181 2277 1245 auxilium
2315 1182 2760 1263 praeberent;
2794 1199 2879 1246 ac
2912 1181 2983 1244 id

509 1291 584 1354 in
611 1290 850 1371 specie
877 1289 1206 1371 injunxit,
1249 1305 1338 1354 ne
1369 1290 1530 1353 ullis
1570 1288 1939 1353 saracenis
1968 1287 2363 1368 navigandi
2390 1289 2752 1353 licentiam
2778 1306 2981 1370 prae·

509 1397 757 1461 berent
785 1398 858 1460 in
887 1405 1122 1460 tractu
1151 1397 1462 1477 quodam
1488 1397 1733 1477 mariS‚
1777 1395 1899 1460 ubi
1935 1395 2306 1459 christiani
2351 1395 2583 1477 Caput
2612 1394 2981 1460 Comurini

507 1503 853 1584 habitant,
895 1513 966 1568 et
1001 1504 1228 1568 nostri
1257 1504 1349 1568 ad
1377 1521 1502 1568 eos
1538 1503 1612 1567 in
1641 1503 2036 1567 christiana
2064 1504 2413 1582 religione
2442 1503 2980 1568 conservandos

509 1627 640 1691 per
665 1611 872 1676 varia
909 1611 1073 1675 loca
1115 1611 1545 1690 discurrunt,
1589 1628 1677 1675 ne
1705 1619 2059 1676 vexarent
2100 1627 2331 1674 novas
2367 1610 2529 1674 illas
2566 1613 2874 1692 plantaS,
2908 1621 2981 1674 et

511 1717 609 1781 ita
639 1718 873 1798 magis
900 1718 1312 1782 adolescere
1339 1727 1412 1782 et
1439 1716 1722 1783 radices
1752 1733 1971 1798 agere
2000 1727 2314 1798 possent:
2368 1717 2543 1799 ipsis
2573 1718 2787 1782 etiam
2818 1735 2981 1783 neo-

509 1825 753 1906 phytis
802 1824 1076 1906 Capitis
1119 1824 1486 1889 Comurini
1529 1833 1599 1889 et
1641 1824 2087 1889 Malucarum
2136 1824 2424 1906 scripsit
2472 1823 2630 1889 Rex
2678 1825 2980 1904 litteraS,

505 1932 764 2013 quibus
791 1949 916 1996 eos
944 1931 1038 1996 ad
1064 1932 1678 2013 perseverantiam
1707 1932 2095 2010 animabat;
2129 1932 2232 1996 sic
2264 1932 2455 1995 enim
2484 1932 2710 1996 nostri
2740 1932 2981 1997 admo·

503 2049 812 2103 nuerant
842 2037 861 2070 ¹
891 2039 1322 2104 christianos
1349 2039 1511 2103 illos
1537 2049 1610 2102 et
1638 2039 2152 2103 consolationis
2179 2040 2478 2103 multum
2524 2047 2595 2102 et
2624 2039 2843 2103 animi
2870 2056 2983 2103 ac·

502 2154 866 2226 cepturos;
899 2155 970 2210 et
992 2147 1159 2227 quia
1189 2145 1278 2209 de
1307 2145 1618 2228 quodam
1647 2164 1740 2210 ex
1767 2145 1907 2210 illis
1949 2145 2247 2210 ducibus
2284 2145 2512 2209 nostri
2549 2146 2985 2227 scripserant

506 2253 705 2332 quod
753 2270 1019 2333 magno
1055 2253 1209 2318 zelo
1249 2252 1619 2333 negotium
1648 2253 2017 2332 religionis
2054 2261 2537 2333 promoveret,
2571 2270 2657 2317 ac
2687 2253 2985 2334 proinde

516 2358 609 2423 ad
638 2359 772 2423 Dei
802 2360 1107 2440 gloriam
1156 2360 1307 2424 fore
1348 2361 1411 2423 si
1447 2361 1521 2423 in
1563 2359 1812 2423 eodem
1851 2358 2081 2423 officio
2110 2369 2630 2440 perseveraret,
2665 2360 2739 2425 id
2768 2361 2981 2424 etiam

507 2465 666 2531 Rex
694 2467 1071 2546 concessit,
1104 2477 1174 2530 et
1202 2478 1620 2531 consuetum
1647 2475 1925 2548 tempus
1952 2465 2161 2530 officii
2191 2468 2635 2547 prorogavit.

638 2571 814 2636 1216.
901 2573 1267 2638 Commisit
1298 2574 1513 2638 etiam
1541 2573 1631 2637 D.
1663 2573 1877 2637 Petro
1906 2572 2421 2654 Mascaregnas
2451 2584 2525 2638 ut
2576 2583 2819 2655 posset
2860 2573 2983 2638 no·

510 2680 681 2745 stris
711 2680 884 2745 dare
905 2680 1283 2745 ecclesiam
1303 2681 1520 2760 illam,
1543 2698 1725 2762 quae
1753 2691 1861 2744 est
1884 2681 1959 2744 in
1981 2680 2272 2745 civitate
2295 2679 2569 2746 Cochin
2594 2699 2817 2763 prope
2832 2681 2985 2747 Col-

511 2787 778 2866 legium
821 2797 1163 2866 nostrum,
1199 2801 1268 2851 et
1305 2795 1379 2850 ut
1420 2798 1661 2868 posset
1703 2787 2102 2866 Collegium
2130 2797 2455 2852 nostrum
2482 2787 2765 2853 Goense
2792 2789 2867 2853 in
2896 2790 2987 2853 si·

511 2901 664 2958 tum
692 2893 906 2958 alium
930 2893 1344 2973 transferre,
1376 2912 1546 2959 nam
1573 2911 1827 2975 parum
1867 2895 2175 2958 salubris
2206 2910 2365 2958 esse
2392 2896 2815 2960 credebatur
2841 2895 2982 2974 ille,

507 3000 586 3064 in
614 3018 755 3082 quo
782 3011 973 3066 erat:
1007 3011 1078 3065 et
1115 3002 1281 3082 quia
1319 3001 1770 3082 cogitaverat
1811 3001 2195 3082 aliquando
2236 2999 2313 3064 P.
2368 3001 2653 3083 Gaspar
2702 3012 2771 3066 et
2814 3003 2983 3066 scri·

512 3117 758 3189 pserat
797 3108 967 3172 utile
1005 3109 1157 3172 fore
1188 3109 1248 3172 si
1272 3107 1556 3172 Goense
1595 3107 1993 3188 Collegium
2023 3107 2485 3187 divideretur,
2532 3116 2601 3172 et
2629 3106 2779 3188 ejus
2814 3127 2985 3190 pars

511 3231 657 3278 una
685 3214 760 3278 in
788 3215 1079 3279 civitate
1108 3215 1359 3280 Tanaa
1402 3233 1627 3296 prope
1656 3213 2051 3279 Bazainum
2089 3216 2662 3293 constitueretur,
2705 3215 2823 3279 ubi
2860 3213 2983 3280 So·

509 3320 738 3385 cietas
766 3330 1014 3386 nostra
1041 3323 1303 3386 bonam
1334 3322 1712 3386 ecclesiam
1742 3332 1810 3386 et
1839 3323 2127 3386 hortum
2157 3321 2610 3387 commodum
2648 3321 2979 3398 habebat,

507 3429 700 3509 quod
729 3429 852 3492 illa
881 3429 1138 3494 civitas
1167 3432 1368 3494 coelo
1399 3429 1781 3494 admodum
1807 3438 2204 3511 temperato
2243 3439 2314 3492 et
2342 3430 2611 3494 salubri
2638 3440 2981 3506 uteretur,

509 3544 589 3599 ut
611 3536 706 3599 ibi
733 3535 1223 3618 philosophiae
1251 3547 1321 3601 et
1343 3538 1746 3617 theologiae
1775 3535 2005 3600 nostri
2034 3538 2423 3616 studerent,
2456 3546 2527 3599 et
2559 3546 2836 3601 tantum
2862 3539 2987 3617 qui

505 3643 896 3725 maj0ribus
913 3645 1166 3708 litteris
1186 3645 1437 3709 darent
1461 3662 1753 3726 operam
1766 3643 1968 3708 Goae
1992 3654 2383 3708 manerent:
2402 3645 2537 3708 hoc
2562 3645 2779 3708 etiam
2793 3662 2983 3710 novo

509 3749 862 3831 Pro-regi.
893 3760 973 3815 ut
1001 3751 1026 3783 ’
1063 3751 1557 3815 amantissimo
1593 3761 1665 3814 et
1705 3750 1842 3814 Dei
1884 3751 2117 3815 zelum
2162 3751 2482 3830 habenti,
2527 3751 2987 3816 commissum

512 3871 642 3938 est,
674 3869 745 3922 et
775 3859 874 3922 ita
906 3855 1258 3939 quaedam
1283 3858 1469 3922 aliae
1501 3858 1985 3922 immunitates
2016 3868 2085 3921 et
2110 3858 2413 3938 gratiae,
2446 3875 2625 3939 quas
2664 3859 2889 3923 nostri
2913 3860 2986 3923 in

505 3967 824 4045 gratiam
853 3982 1204 4030 novorum
1232 3966 1788 4030 christianorum
1814 3965 2057 4030 Indiae
2103 3967 2556 4047 postularunt
2587 3963 2631 4028 ³.

593 4321 610 4352 ¹
671 4319 883 4373 Regem.

591 4391 614 4423 ε
909 4391 919 4402 ·
967 4392 986 4424 >

590 4461 614 4494 ³
667 4389 1015 4506 ῗῐῗῗῒίῐίῖξὲῗᾶη
1036 4463 1096 4506 de
1127 4463 1208 4506 10⁸
1227 4461 1378 4506 ainos
1398 4475 1432 4520 y
1452 4463 1516 4506 de
1537 4463 1616 4507 lo·
1646 4467 1884 4506 nuestros
1903 4472 1969 4505 en
1989 4461 2103 4506 Gon
2126 4461 2243 4505 bien
2264 4471 2498 4504 creemus
2528 4473 2663 4516 para
2696 4463 2745 4506 Ιι
2766 4461 2981 4518 Compa-

509 4535 600 4578 nin.
619 4540 834 4578 nuestra
854 4534 1018 4578 haber
1037 4535 1150 4579 cido
1170 4535 1538 4588 conveniente;
1559 4545 1692 4590 para
1713 4536 1792 4578 los
1811 4534 1961 4578 uiuos
1979 4535 2027 4578 el
2047 4539 2194 4578 estur
2214 4533 2509 4578 mezclado·
2528 4543 2626 4577 con
2644 4534 2721 4578 los
2741 4535 2981 4580 nuestros

505 4605 694 4661 podria
712 4615 798 4648 ser
819 4607 893 4650 les
913 4606 1148 4661 ayudara
1169 4607 1314 4660 algo;
1335 4617 1450 4650 mas
1471 4607 1590 4651 todo
1611 4605 1939 4661 computado,
1959 4606 2058 4649 aea
2078 4607 2229 4648 antes
2260 4603 2533 4658 pareceria
2554 4617 2651 4660 que
2671 4616 2727 4650 se
2746 4605 2815 4650 ha
2835 4617 2979 4651 acer·

504 4677 635 4722 tado
655 4687 719 4720 en
739 4679 792 4722 ln.
811 4677 1032 4722 division
1052 4689 1150 4731 quc
1171 4678 1221 4721 lo
1242 4678 1532 4732 contr-arim
1555 4689 1679 4732 pero
1701 4680 1748 4722 el
1771 4676 1827 4722 P.
1851 4675 2002 4721 Mtro.
2024 4675 2306 4721 Francisco
2324 4677 2457 4719 vera
2477 4683 2592 4721 etto
2612 4679 2724 4722 mas
2742 4677 2804 4722 de
2824 4687 2981 4724 cerea

510 4759 548 4805 y
567 4751 600 4793 a
621 4750 670 4794 el
691 4761 746 4794 se
766 4750 929 4804 puede
953 4749 1072 4794 todo
1093 4750 1314 4795 remitit.
1335 4749 1384 4794 Y
1403 4752 1484 4794 asi
1514 4749 1696 4796 mismo
1715 4751 1768 4795 1⁸
1789 4748 2011 4795 division
2029 4747 2092 4792 de
2114 4747 2193 4792 los
2212 4753 2453 4792 nuestros
2474 4747 2539 4792 de
2560 4747 2674 4794 Goa
2689 4782 2700 4804 ,
2720 4749 2980 4794 enviando
