3742 5392
693 414 803 473 216
1615 414 1871 475 Cimox.
1915 415 2067 473 Soc·
2110 415 2250 488 jas.

696 568 876 635 rent,
909 559 1093 622 idem
1124 560 1202 622 P.
1224 560 1703 641 Hieronymus
1733 560 2012 624 curavit
2036 570 2112 625 ut
2135 561 2223 625 ab
2247 562 2548 640 ipsomet
2569 559 2927 641 Episcopo
2955 558 2972 591 ¹
2999 578 3159 625 con-

694 682 945 729 sensus
1000 667 1500 747 impetraretur
1552 668 1643 731 ad
1692 668 2202 748 Episcopatum
2250 667 2729 745 invisendum;
2781 669 3162 731 recusabat

693 772 1089 852 Episcopus
1118 774 1330 853 paulo
1360 783 1518 853 post
1548 774 1643 851 id,
1675 774 1864 855 quod
1894 774 2346 853 promiserat,
2380 774 2656 853 exequi;
2689 773 2813 836 sed
2839 772 3158 853 Pro-rex,

696 878 813 958 qui
841 878 1197 958 perditum
1226 896 1382 943 esse
1408 877 1914 961 [existimabat]
1938 881 2250 960 pastoris
2276 880 2550 943 incuria
2581 890 2651 943 et
2689 882 3048 962 exemplo,
3091 890 3161 945 et

694 984 853 1047 aliis
879 984 1312 1065 procedendi
1339 986 1572 1050 modis
1609 1004 1771 1051 eum
1814 987 2302 1067 episcopatum
2332 986 2481 1066 Jam
2525 986 2673 1050 fere
2714 987 3010 1067 triginta
3040 1005 3161 1052 an·

694 1109 824 1154 nos
846 1090 892 1171 ³,
920 1108 1135 1171 aegre
1166 1094 1323 1157 tulit
1347 1093 1533 1173 quod
1551 1094 1948 1174 Episcopus
1969 1094 2398 1172 promissum
2421 1110 2849 1157 consensum
2870 1111 3160 1158 revoca·

693 1209 823 1279 ret3
849 1217 965 1263 res
988 1199 1176 1263 enim
1204 1200 1484 1264 notoria
1514 1199 1898 1265 admodum
1927 1212 2103 1281 erat,
2131 1210 2200 1264 et
2229 1202 2328 1264 ita
2359 1202 2696 1265 accersiri
2725 1201 3157 1282 Episcopum

694 1308 938 1372 voluit.
976 1307 1156 1371 Cum
1179 1318 1415 1372 autem
1438 1308 1554 1372 ille
1576 1308 2041 1373 intellexisset
2071 1309 2286 1373 irasci
2313 1307 2748 1389 Pro-regem,
2783 1318 3162 1373 contentus

694 1414 975 1478 demum
1003 1414 1135 1478 fuit
1165 1424 1240 1479 ut
1269 1415 1408 1478 duo
1440 1416 1561 1490 illi,
1595 1414 1682 1477 de
1711 1415 1966 1495 quibus
2005 1417 2334 1495 superius
2370 1416 2796 1480 mentionem
2837 1416 3160 1494 fecimuS‚

694 1520 1201 1602 Episcopatum
1240 1522 1616 1585 visitarent
1653 1520 1697 1585 ³.
1744 1522 1922 1586 Cum
1965 1531 2204 1586 autem
2230 1522 2528 1586 Romam
2569 1522 3160 1602 proficisceretur,

695 1629 1065 1692 revocavit
1092 1646 1378 1692 rursum
1418 1646 1876 1707 consensum;
1919 1628 2042 1692 sed
2073 1630 2237 1709 quia
2276 1628 2348 1691 id
2386 1630 2730 1708 temporis
2771 1631 2842 1691 in
2881 1646 3163 1693 excom·

694 1736 1243 1800 manicationem
1270 1735 1640 1813 inciderat,
1669 1734 2062 1815 judicatum
2092 1746 2200 1799 est
2230 1756 2270 1798 a
2315 1736 2723 1800 doctoribus
2766 1736 3164 1800 revocatio-

695 1859 858 1907 nem
879 1842 1138 1905 nullius
1161 1859 1317 1905 esse
1342 1843 1703 1920 momenti;
1726 1853 1796 1906 et
1810 1843 1911 1906 ita
1933 1860 2078 1905 non
2101 1852 2374 1906 tantum
2391 1842 2688 1906 Pro-rex
2705 1843 2950 1920 voluit,
2969 1842 3157 1922 quod

695 1958 1065 2028 supererat
1084 1948 1317 2012 exilia
1339 1948 1670 2023 dioecesi,
1700 1950 2012 2029 lustrari,
2039 1952 2166 2013 sed
2187 1949 2672 2030 coadjutorem
2695 1951 2910 2012 etiarn
2933 1948 3160 2013 eidem

696 2055 1051 2136 Episcopo
1082 2056 1267 2134 dari,
1303 2073 1511 2137 quem
1536 2055 1742 2136 juxta
1770 2057 1967 2120 viam
1997 2075 2202 2121 suam
2231 2066 2748 2133 senescentem,
2794 2058 2885 2119 ab
2929 2075 3016 2121 ea
3059 2075 3166 2120 re·

696 2180 1065 2226 cessurum
1093 2179 1248 2225 esse
1277 2180 1485 2225 nemo
1516 2164 1880 2243 sperabat,
1915 2174 1986 2227 et
2015 2164 2087 2227 id
2117 2184 2160 2227 a
2182 2163 2472 2229 Summo
2496 2161 2869 2239 pontifice,
2900 2165 3012 2227 vel
3034 2181 3160 2244 per

698 2270 1073 2350 scriptum,
1108 2273 1223 2333 vel
1252 2288 1377 2351 per
1408 2270 1920 2350 Imperatorem
1951 2272 2267 2335 obtinere
2297 2272 2654 2335 nitebatur
2686 2269 2728 2333 ⁸.

817 2376 961 2439 481.
1047 2376 1514 2441 Commiserat
1580 2376 1655 2439 P.
1727 2378 2043 2456 Ignatius
2107 2378 2337 2441 eidem
2401 2378 2833 2441 Provinciali
2901 2388 3015 2457 ut,
3089 2378 3150 2440 si

698 2494 968 2566 posset,
1000 2501 1117 2547 res
1146 2484 1546 2547 melitenses
1569 2483 1855 2564 juvaret
1899 2484 1950 2559 ¹⁵;
1995 2485 2324 2565 cupiebat
2362 2486 2551 2548 enim
2591 2484 2987 2565 Collegium
3030 2484 3154 2548 ibi·

699 2593 860 2656 dem
902 2592 1171 2655 institui
1221 2602 1297 2655 ut
1330 2592 1609 2655 facilior
1642 2593 1714 2655 in
1759 2591 2081 2656 Africam
2129 2592 2290 2656 inde
2336 2593 2678 2656 transitus
2721 2592 2950 2671 fieret,
2993 2610 3154 2656 cum

699 2700 1104 2763 melitenses
1153 2708 1224 2762 et
1271 2698 1609 2762 africanis
1658 2699 1878 2763 vicini
1926 2701 2088 2777 sint,
2132 2710 2200 2762 et
2231 2698 2640 2763 eorumdem
2675 2700 2922 2778 lingua
2960 2707 3157 2762 utan-

699 2816 848 2885 tur;
902 2814 971 2869 et
1016 2806 1379 2884 cogitabat
1438 2804 1513 2868 P.
1569 2803 2043 2869 Provincialis
2083 2808 2170 2869 de
2217 2806 2294 2870 P.
2349 2807 2604 2882 PaulO,
2652 2805 2956 2870 Rectore
3008 2806 3165 2870 Col-

701 2914 867 2992 legii
910 2911 1427 2992 Panormitam,
1472 2913 1781 2977 Melitem
1830 2913 1921 2976 ad
1964 2923 2241 2993 tempus
2285 2913 2626 2978 mittendo
2671 2922 2751 2977 ut
2789 2913 2929 2976 loci
2978 2931 3168 2976 com-

704 3019 1115 3085 moditatem
1163 3019 1466 3098 videret,
1522 3030 1593 3083 et
1643 3038 1805 3083 cum
1858 3021 2210 3101 Episcopo
2259 3021 2609 3084 melitensi
2658 3021 2745 3083 de
2798 3022 3007 3084 rebus
3050 3037 3168 3082 ne-

703 3127 1037 3190 cessariis
1066 3128 1157 3189 ad
1185 3126 1504 3206 Collegii,
1540 3128 1725 3207 quod
1750 3127 1903 3207 ipse
1927 3126 2352 3207 postulabat,
2383 3128 2895 3191 institutionem
2919 3138 3165 3206 ageret

706 3244 775 3298 et
839 3233 1274 3298 conveniret.
1344 3234 1780 3297 Promiserat
1846 3244 2088 3298 autem
2151 3234 2545 3315 Episcopus
2599 3252 2676 3297 se
2734 3235 3164 3314 scripturum

704 3340 779 3405 P.
812 3341 1249 3405 Provinciali
1278 3342 1561 3422 quando
1609 3354 2083 3422 opportunum
2123 3360 2279 3406 esse
2321 3343 2682 3405 videretur
2723 3342 3167 3422 praedictum

706 3448 990 3513 Patrem
1022 3450 1114 3511 ad
1144 3466 1219 3511 se
1248 3448 1547 3512 mittere.
1584 3448 1759 3513 Cum
1791 3458 2027 3513 autem
2063 3448 2493 3530 EpiscopuS,
2544 3450 2615 3513 in
2661 3448 2967 3513 Melitem
3009 3466 3170 3529 per-

788 3653 807 3687 ¹
862 3654 913 3697 Is
942 3661 1059 3697 erat
1080 3652 1389 3697 Franciscus
1409 3654 1471 3697 de
1495 3654 1728 3707 Aragon.

785 3727 806 3757 ²
861 3724 1172 3770 Franciscus
1192 3726 1253 3769 de
1274 3726 1491 3779 Aragon
1512 3725 1797 3769 Cefalensis
1818 3725 2108 3779 Episcopus
2127 3732 2338 3770 creatus
2360 3731 2478 3770 erat
2501 3725 2556 3769 25
2575 3724 2847 3769 Februarii
2873 3724 2994 3769 1525.

786 3797 809 3829 ⁸
862 3796 969 3841 “La
1000 3796 1341 3841 informacion
1359 3796 1442 3839 dei
1466 3795 1656 3849 obispo
1676 3796 1738 3839 de
1761 3795 1942 3840 Cefalu
1973 3808 2007 3851 y
2029 3796 2080 3839 la
2100 3797 2255 3849 copia
2275 3796 2336 3839 de
2357 3797 2408 3839 lo
2427 3796 2592 3839 hecho
2613 3806 2674 3838 en
2696 3796 2748 3839 la.
2769 3796 2930 3839 visita
2957 3794 3028 3838 ha
3046 3796 3176 3838 reci-

707 3869 825 3913 bido
844 3868 992 3912 Ntro.
1016 3867 1185 3912 Padi-e
1212 3880 1247 3925 y
1266 3878 1331 3911 en
1352 3870 1400 3910 lo
1421 3878 1521 3921 que
1539 3870 1638 3911 aea
1667 3878 1722 3911 se
1744 3868 1996 3911 ofreciere
2018 3869 2199 3911 catara
2218 3866 2436 3911 avisado
2457 3878 2586 3921 para
2610 3866 2770 3911 hacer
2790 3869 2838 3911 io
2867 3878 2965 3921 que
2996 3866 3172 3912 convi-

706 3942 874 3995 niere3
897 3952 1021 3995 pero
1042 3942 1090 3984 lo
1112 3940 1277 3983 hecho
1307 3940 1428 3983 todo
1457 3950 1645 3993 parece
1668 3939 1738 3982 ha
1768 3939 1882 3982 sido
1911 3949 2034 3983 cosa
2063 3950 2186 3995 muy
2209 3940 2378 3983 loabie
2413 3953 2447 3995 y
2468 3940 2734 3994 ejemplar.
2758 3953 2792 3996 y
2814 3951 2933 3983 creo
2953 3950 3050 3993 que
3082 3939 3177 3982 ha·

705 4012 858 4057 brian
888 4020 1145 4056 menester
1166 4020 1310 4056 otros
1346 4018 1520 4056 tantos
1552 4022 1615 4055 en
1649 4011 1863 4055 muchos
1898 4017 2042 4055 otros
2062 4012 2340 4065 obispados
2372 4024 2434 4055 en
2465 4020 2612 4055 otras
2639 4018 2845 4065 partes,
2878 4012 2922 4055 si
2957 4011 3170 4055 hubiese

706 4086 853 4140 quien
875 4086 924 4127 10
944 4086 1182 4137 hiciese.„
1204 4084 1483 4137 Polaticus,
1516 4094 1582 4127 ex
1610 4094 1762 4133 com„
1785 4082 1930 4127 Patri
1955 4084 2271 4139 Hieronymo
2293 4084 2613 4134 Domenech,
2637 4084 2686 4127 18
2707 4084 2904 4138 Aprilis
2929 4084 3048 4128 155⁴.

786 4158 811 4190 ⁴
866 4156 997 4199 Vide
1021 4156 1211 4201 cartas
1229 4157 1297 4199 de
1317 4155 1430 4199 San
1448 4154 1686 4208 Ignacto,
1705 4161 1750 4198 t.
1775 4166 1845 4209 iv,
1867 4166 1980 4209 pag*-
2006 4154 2105 4199 388.

786 4228 809 4262 ὅ
862 4228 988 4272 “Dei
1007 4229 1167 4273 hacet
1190 4239 1257 4271 un
1278 4226 1490 4281 Colegio
1511 4238 1571 4269 en
1594 4226 1757 4270 Malta
1780 4238 1835 4270 es
1856 4227 2041 4271 mucho
2063 4228 2206 4281 bien;
2229 4238 2342 4271 mas
2361 4228 2416 4271 la
2436 4233 2592 4281 gente
2613 4228 2758 4271 salta.
2781 4226 3020 4271 Todavia
3038 4237 3171 4281 para

708 4302 756 4344 ei
777 4310 974 4343 verano
992 4311 1048 4343 se
1070 4299 1323 4354 prometio
1343 4301 1395 4343 al
1416 4298 1605 4352 Obispo
1626 4311 1660 4355 y
1681 4300 1734 4342 ai
1755 4298 1902 4342 Gran
1921 4298 2146 4343 Maestre
2167 4300 2217 4343 el
2236 4298 2288 4342 P.
2311 4298 2599 4343 Bobadilla.
2618 4298 2672 4343 Si
2688 4298 2754 4344 V.
2780 4298 2842 4342 R.
2864 4299 3026 4353 puede
3046 4310 3218 4355 ayn-n

708 4372 805 4416 dar
823 4372 977 4417 desde
1000 4374 1109 4416 alia
1128 4372 1375 4425 tambien,
1395 4374 1517 4415 sera
1538 4371 1655 4415 bien
1676 4371 1724 4414 lo
1746 4371 1901 4425 11⁸3ae
1919 4382 2045 4425 pero
2066 4376 2182 4415 esta
2197 4382 2434 4425 cmpresa
2449 4372 2512 4415 de
2531 4370 2795 4425 Ethiopia,
2818 4372 2983 4414 donde
2997 4382 3054 4413 se
3069 4371 3176 4413 han

709 4444 771 4487 de
800 4444 983 4487 enviar
1004 4444 1155 4491 doce.
1173 4456 1207 4500 y
1228 4445 1277 4487 el
1310 4444 1475 4488 haber
1506 4444 1566 4485 de
1596 4454 1819 4496 proveer
1840 4442 1904 4485 de
1927 4442 2136 4498 Colegio
2167 4454 2334 4487 nuevo
2355 4455 2418 4485 en
2456 4441 2671 4487 Genova
2701 4454 2833 4497 para
2853 4448 2968 4487 esta
2990 4443 3182 4495 prima-

647 4533 652 4538 ·
710 4526 839 4560 vera
858 4516 991 4571 yios
1012 4527 1107 4569 que
1140 4518 1239 4559 acii
1266 4526 1323 4558 se
1354 4514 1619 4557 enserman
1650 4526 1711 4557 en
1746 4516 1795 4558 el
1826 4512 2037 4569 Colegio
2070 4528 2104 4571 y
2125 4525 2338 4559 mueren
2371 4526 2466 4569 por
2499 4514 2864 4565 Italia‚hazen
2898 4525 2997 4568 que
3025 4526 3088 4557 no
3121 4524 3178 4557 se

710 4588 880 4641 paeda
912 4587 1126 4641 alnrgar
1147 4597 1259 4630 mas
1280 4586 1445 4629 Roma
1464 4586 1526 4628 de
1548 4587 1599 4629 lo
1618 4597 1715 4639 que
1750 4598 1803 4629 se
1839 4587 2072 4641 alui-gam
2098 4585 2348 4631 Polaticus
2366 4620 2375 4634 .
2393 4598 2458 4629 ex
2489 4598 2648 4640 com„
2679 4585 2827 4631 Patri
2857 4585 3182 4656 iheronymo·

712 4658 1007 4703 Domenech
1022 4692 1033 4713 ,
1056 4658 1109 4701 16
1126 4657 1363 4709 Januarii
1390 4656 1506 4701 1554.
