3742 5392
1634 495 1763 554 An.
1810 496 1946 554 1554
2927 496 3030 555 241

556 641 934 723 praedicta
982 642 1391 723 scripserat,
1432 659 1723 722 sperare
1775 652 2142 721 coeperat;
2185 659 2352 705 nam
2397 642 2483 705 de
2526 640 3032 707 reformatione

571 748 1076 813 Universitatis
1121 766 1284 812 cum
1326 758 1565 812 actum
1609 748 1859 812 suisset
1910 757 2181 811 aestate
2223 749 2640 828 praeterita.
2692 766 2778 811 ea
2814 750 3034 831 publi-

568 866 733 919 cata
770 856 901 919 fuit
940 857 1075 920 hoc
1118 873 1306 919 anno
1356 872 1517 918 cum
1556 854 2003 918 solemnitate
2052 870 2339 934 magna.
2381 854 2852 924 Nihilominus
2895 857 3033 921 hoc

570 972 884 1027 constat:
916 971 1189 1027 tantam
1220 961 1819 1026 confessariorum
1850 961 2200 1025 bonorum
2229 962 2449 1026 fuisse
2477 962 2791 1043 inopiam
2821 962 3036 1028 Vien-

575 1086 739 1148 nae,
790 1078 868 1131 ut
918 1068 1093 1132 nihil
1143 1068 1335 1132 aliud
1384 1068 1827 1148 poenitentes
1876 1076 2207 1148 agerent,
2251 1085 2462 1148 quam
2513 1070 3034 1135 confessionem

572 1176 979 1253 generalem
1014 1173 1031 1206 ⁸
1063 1175 1254 1255 apud
1281 1192 1405 1239 eos
1433 1175 1936 1255 pronunciare,
1971 1184 2041 1237 et
2072 1176 2626 1239 consolationem
2659 1177 2862 1240 verbi
2902 1177 3037 1241 Dei

574 1292 845 1363 petere3
878 1290 947 1345 et
976 1282 1128 1345 sine
1159 1282 1300 1345 ulla
1331 1280 1781 1361 inquisitione
1811 1283 1928 1344 vel
1968 1282 2384 1361 particulari
2426 1294 2884 1363 peccatorum
2923 1285 3036 1349 de·

573 1390 963 1453 claratione
996 1389 1510 1453 absolutionem
1537 1388 2073 1468 impendebant,
2105 1398 2175 1452 et
2205 1390 2362 1453 ideo
2393 1391 2626 1453 minus
2666 1401 2821 1454 erat
2849 1393 3039 1473 quod

574 1496 999 1560 mirarentur
1022 1496 1247 1559 nostri
1268 1496 1619 1575 quomodo
1641 1504 1936 1575 possent
1959 1506 2106 1560 tam
2131 1497 2342 1576 pauci
2365 1498 2774 1562 sacerdotes
2795 1510 3039 1563 tantae

574 1603 1040 1666 multitudinis
1070 1602 1555 1666 confessiones
1583 1602 1851 1666 audire.
1889 1602 2027 1682 Qui
2057 1613 2294 1667 autem
2323 1604 2583 1668 nostris
2613 1604 3035 1669 confiteban-

576 1723 723 1789 tur,
783 1711 856 1773 in
914 1710 1330 1791 'particulari
1385 1712 1595 1789 longe
1654 1710 1868 1773 aliam
1927 1711 2277 1774 rationem
2334 1709 2545 1790 hujus
2606 1715 3036 1777 sacramenti

576 1815 1119 1880 administrandi
1176 1816 1743 1897 experiebantur.
1809 1816 2100 1880 Talibus
2166 1827 2403 1881 autem
2460 1818 3039 1885 consessionariis

576 1926 1064 1988 consonabant
1121 1924 1696 2003 concionatoreS,
1758 1923 1878 2003 qui
1935 1923 2108 1986 nihil
2168 1924 2357 1987 aliud
2415 1942 2629 2005 quam
2691 1926 2898 1990 fidem
2966 1928 3042 1991 in

576 2031 817 2113 Jesum
858 2030 1221 2095 Christum
1260 2038 1328 2093 et
1366 2028 1537 2109 Ejus
1575 2030 1827 2093 merita
1868 2046 1956 2093 ac
1994 2030 2558 2095 misericordiam
2597 2033 2733 2096 Dei
2769 2034 3041 2115 praedi·

576 2138 861 2218 cabant,
888 2138 1081 2200 nulla
1109 2136 1198 2199 de
1227 2136 1675 2200 confessione
1708 2138 1819 2199 vel
1844 2134 2128 2216 jeJ’uniis
2151 2146 2228 2200 et
2257 2136 2662 2217 hujusmodi
2692 2143 3045 2206 mentione

578 2245 797 2321 facta;
822 2253 894 2306 et
921 2254 1161 2307 tamen
1190 2243 1525 2307 catholici
1554 2243 1623 2305 hi
1657 2243 1886 2306 videri
1916 2243 2271 2308 volebant.
2299 2242 2376 2307 P.
2408 2246 2690 2325 quidem
2719 2246 3046 2311 Canisius

583 2350 960 2431 diligenter
991 2368 1074 2413 ac
1105 2350 1463 2413 ferventer
1493 2350 1567 2412 in
1596 2350 1745 2413 suis
1775 2350 2238 2414 concionibus
2266 2353 2631 2434 pergebat,
2664 2355 2925 2435 partim
2955 2354 3044 2417 ad

580 2459 937 2538 populum,
970 2457 1232 2537 partim
1261 2455 1351 2521 ad
1382 2457 1609 2536 ipsum
1642 2455 1935 2535 Regem,
1967 2466 2040 2519 et
2067 2457 2401 2537 frequens
2424 2460 2853 2525 auditorium
2882 2479 3044 2526 eum

580 2565 953 2645 utrobique
985 2563 1435 2643 sequebatur,
1469 2573 1537 2625 et
1568 2572 1714 2626 tam
1750 2563 1980 2626 doctis
2018 2581 2232 2645 quam
2271 2565 2576 2629 indoctis
2614 2568 2961 2647 placebat.

694 2670 835 2734 530.
924 2670 1103 2735 Cum
1146 2678 1387 2733 autem
1424 2672 1634 2749 paulo
1667 2680 1831 2733 ante
1875 2679 2202 2733 sanctam
2243 2672 2763 2737 hebdomadam
2795 2674 3048 2740 Roma-

580 2796 833 2842 norum
867 2776 1021 2841 Rex
1063 2778 1155 2841 ad
1200 2776 1485 2841 Dietam
1524 2775 1956 2841 servandam
1984 2777 2310 2842 Possonii
2346 2780 2742 2861 recederet,
2778 2783 2850 2845 in
2879 2792 3048 2847 tem·

578 2889 695 2966 plo
744 2884 867 2949 SA*i
918 2884 1262 2965 Stephani
1314 2886 1447 2947 hac
1511 2883 1645 2947 S.t⁸
1703 2882 2148 2948 hebdomada
2207 2888 2670 2951 concionatus
2727 2901 2864 2969 est;
2925 2892 3050 2954 scd

581 2993 657 3056 Ρ.
699 2993 1092 3056 Gaudanus
1129 2992 1202 3055 in
1243 2990 1854 3070 Quadragesimae
1896 2991 2270 3057 dominicis
2309 2994 2380 3057 in
2421 2997 2680 3075 templo
2709 2995 2874 3060 Syae
2906 2998 3046 3061 Ma-

579 3102 732 3163 riae
783 3099 873 3162 ad
924 3099 1181 3179 Ripam
1231 3098 1478 3161 eodem
1529 3097 1757 3161 officio
1823 3099 2109 3163 functus
2161 3110 2300 3180 est;
2353 3111 2497 3165 tres
2547 3102 2697 3182 alii,
2755 3104 3047 3183 scilicet,

582 3206 900 3285 Dii-sim,
935 3206 1285 3270 Martinus
1315 3214 1383 3269 et
1411 3204 1836 3270 Lambertus
1867 3207 2028 3269 aliis
2055 3208 2130 3270 in
2157 3208 2332 3272 locis
2357 3210 2660 3307 yerbum
2689 3210 2825 3276 Dei
2854 3230 3050 3293 prae·

580 3316 917 3378 dicarunt
951 3312 995 3377 ⁸.
1034 3313 1211 3376 Cum
1248 3322 1484 3376 autem
1526 3312 1996 3377 dedicandum
2036 3323 2224 3378 esset
2265 3318 2602 3397 templum
2642 3322 3054 3385 monasterii

586 3421 705 3485 §.ti
752 3420 1154 3499 Laurentii,
1208 3428 1372 3482 ante
1422 3428 1491 3483 et
1540 3429 1701 3498 post
1750 3420 2160 3499 prandium,
2213 3420 2540 3501 Magistri
2587 3424 2936 3491 Martinus
2983 3438 3054 3491 et

586 3528 1041 3604 LambertuS,
1086 3536 1156 3589 et
1207 3526 1489 3605 quidem
1540 3528 1891 3606 posterior
1932 3527 2002 3589 in
2047 3526 2275 3605 hort0,
2317 3539 2610 3610 propter
2638 3530 3052 3613 frequentis-

583 3637 841 3699 simum
874 3633 1335 3711 auditorium,
1370 3633 1835 3696 concionatus
1865 3643 1993 3713 est,
2031 3645 2099 3697 et
2131 3634 2526 3717 Episcopus
2565 3636 3002 3704 Labacensis
3031 3640 3054 3672 ³

586 3744 708 3823 qui
736 3743 827 3805 ad
856 3758 981 3805 eos
1013 3740 1403 3803 audiendos
1431 3756 1793 3803 recessum
1826 3757 2032 3804 suum
2075 3740 2477 3823 distulerat,
2512 3746 2905 3811 admiratus
2946 3758 3055 3812 est

586 3867 729 3913 non
760 3847 1213 3912 mediocriter
1239 3847 1310 3909 in
1344 3846 1773 3910 Germanica
1806 3848 2084 3928 lingua,
2119 3867 2331 3930 quam
2363 3851 2789 3933 didicerant,
2823 3872 3056 3935 prorn-

670 4091 686 4122 ί
744 4086 985 4143 Intellige
1008 4044 1371 4143 Co'nsessionis
1390 4086 1665 4139 generalis
1684 4087 1976 4141 formulam,
1999 4100 2090 4133 seu
2110 4100 2290 4144 preces
2311 4094 2468 4148 vulgo
2487 4092 2760 4151 Confessio
2779 4099 3056 4150 generalis

586 4164 771 4215 dictas,
793 4174 925 4216 quae
948 4162 1199 4215 incipiunt
1218 4159 1510 4204 “Confiteor
1542 4160 1697 4213 Dee„-

667 4234 690 4266 ἱ
744 4232 1117 4278 “Concionandi
1140 4244 1321 4276 munus
1341 4242 1372 4275 a
1393 4232 1614 4286 quinque
1638 4233 1829 4277 nostris
1848 4242 2152 4280 exercetur:
2173 4237 2374 4282 fructus
2403 4240 2520 4283 inde
2541 4242 2676 4285 redit
2698 4244 2764 4286 ad
2792 4246 3054 4299 populum,

586 4308 673 4362 qui
694 4306 842 4349 nobis
862 4316 1019 4359 quam
1038 4310 1195 4348 antea
1216 4304 1527 4347 conciliatur
1542 4303 1595 4346 in
1615 4304 1725 4347 dies
1744 4306 1914 4359 magis
1935 4316 1996 4349 ac
2017 4308 2208 4362 magis.
2222 4338 2235 4351 .
2251 4341 2261 4351 .
2289 4309 2404 4364 Ego
2424 4311 2476 4354 in
2495 4312 2736 4359 Ecclesia
2757 4314 3056 4371 Episcopatu

590 4378 883 4423 concionari
898 4387 1077 4431 pergo.
1094 4387 1188 4419 nee
1203 4381 1283 4419 est
1298 4376 1512 4429 exiguus
1530 4386 1770 4420 numerus
1788 4378 2100 4433 auditorum,
2120 4380 2320 4425 fructus
2333 4384 2533 4428 utinam
2553 4385 2604 4428 in
2621 4385 2726 4429 illis
2745 4390 3057 4441 respondeat

588 4450 903 4502 conatibus.„
926 4448 1163 4491 Canisius
1197 4446 1429 4491 Kesselio
1448 4446 1504 4490 30
1526 4448 1723 4501 Aprilis
1756 4448 1878 4493 155⁴.
1901 4448 2308 4496 Bmuussmtcta
2323 4486 2334 4507 ,
2356 4456 2388 4497 1.
2413 4466 2474 4507 c.,
2499 4468 2618 4511 pag.
2640 4457 2861 4503 467.-H1
2882 4466 3059 4505 autem

587 4522 809 4577 quinque
832 4526 949 4565 sunt
972 4520 1027 4563 P.
1046 4520 1229 4565 Petrus
1249 4520 1512 4571 canisium,
1535 4519 1585 4562 P.
1604 4518 1849 4565 Nicolaus
1881 4522 2188 4579 Gondanus,
2225 4524 2356 4579 Mag.
2390 4526 2614 4578 joannes
2652 4528 2883 4585 Dirsius,
2919 4530 3058 4587 Mag.

588 4594 843 4637 Martinus
877 4590 1253 4637 steven-dianus
1285 4599 1336 4634 et
1356 4590 1492 4643 Mag.
1514 4589 1828 4636 Lambertus
1862 4594 2032 4649 Auen
2069 4595 2311 4640 videlicet
2348 4598 2528 4653 iidem,
2550 4600 2636 4653 qui
2673 4602 2724 4644 in
2742 4603 3057 4655 praeceden-

584 4667 660 4709 tis
693 4664 813 4708 anni
846 4664 1107 4707 Adventu.
1144 4662 1221 4707 Cf.
1252 4676 1437 4718 supra,
1459 4671 1497 4707 t.
1540 4674 1617 4713 m.
1642 4676 1760 4719 pag.
1782 4666 1876 4721 257,
1899 4679 1948 4711 n.
1977 4668 2077 4712 575.

669 4735 693 4767 ⁸
748 4735 991 4779 Urbanus
1010 4734 1205 4779 Weber
1224 4734 1481 4788 (Textor),
1507 4735 1569 4779 de
1592 4748 1691 4790 qno
1711 4738 1923 4794 saepius
1943 4750 2102 4795 supra
2123 4750 2174 4786 et
2195 4742 2349 4789 infra.

882 4824 959 4884 Τ.
993 4842 1072 4881 nv.
2715 4836 2777 4892 16
