3742 5392
752 494 866 555 Ἇ2
1675 495 1932 556 Canon.
1973 495 2125 556 Soc.
2167 496 2305 571 Jns.

761 642 1215 725 ptitudinem,
1249 654 1318 706 et
1360 642 1689 723 Magistri
1730 643 2090 707 Lamberti
2135 661 2278 707 non
2319 644 2392 706 in
2433 644 2644 708 rebus
2683 654 2960 709 tantum
2997 646 3123 711 sed
3151 646 3228 709 in

760 751 1005 815 verbis
1032 750 1347 832 copiam;
1380 760 1449 813 et
1478 750 1581 813 sic
1614 748 1855 814 divina
1885 750 2166 814 bonitas
2209 752 2698 831 operariorum
2740 768 3109 817 numerum
3151 754 3222 816 in

762 874 1040 921 summa
1069 857 1501 922 Germaniae
1528 858 1827 938 penuria
1856 859 2188 935 augebat.

876 965 1019 1029 531.
1109 965 1551 1030 Concionum
1606 974 1840 1027 autem
1897 964 2176 1028 fructus
2231 981 2405 1044 prae
2463 964 2765 1029 caeteris
2821 966 2938 1030 hic
2994 966 3224 1047 maJ'or

758 1073 921 1151 fuit,
956 1073 1144 1154 quod
1172 1071 1657 1136 Romanorum
1694 1070 1883 1151 Rex,
1914 1071 1992 1135 P.
2027 1071 2296 1136 Canisii
2343 1073 2806 1137 concionibus
2843 1075 3216 1151 excitatuS,

762 1181 1129 1244 declarare
1178 1180 1411 1259 coepit
1469 1179 1687 1242 animi
1740 1179 1849 1243 sui
1909 1178 2248 1241 affectum
2305 1179 2398 1241 ad
2453 1180 2912 1244 asserendam
2966 1182 3040 1244 in
3093 1198 3220 1244 sua

759 1288 1023 1351 ditione
1064 1288 1489 1351 catholicam
1539 1287 1991 1366 religionem;
2034 1295 2103 1349 et
2143 1286 2237 1349 ad
2275 1286 2444 1349 illud
2494 1287 2796 1367 pertinet
2838 1286 3026 1369 quod
3075 1298 3226 1351 tam

759 1396 947 1460 serio
977 1394 1491 1459 catechismum
1520 1393 1838 1475 expediri
1868 1410 1912 1455 a
1943 1392 2020 1457 P.
2055 1392 2345 1457 Canisio
2375 1395 2696 1474 optabat,
2732 1403 2806 1457 ut
2849 1395 3120 1458 scilicet
3148 1394 3218 1459 in

759 1502 1153 1584 provinciis
1182 1502 1360 1580 suiS,
1399 1502 1703 1565 caeteris
1744 1502 2114 1581 relegatiS,
2147 1518 2364 1563 unum
2394 1500 2591 1564 illum
2629 1502 2702 1565 in
2746 1502 3069 1565 manibus
3097 1503 3219 1565 ha·-

753 1610 909 1673 beri
934 1618 1005 1673 et
1032 1611 1295 1690 populo
1326 1608 1678 1672 declarari
1705 1608 1952 1687 vellet;
1987 1607 2221 1687 coepit
2250 1608 2465 1670 etiam
2501 1607 2735 1672 edicto
2775 1608 3055 1688 publico
3096 1626 3224 1673 eos

758 1717 1263 1795 exterminare,
1318 1715 1436 1796 qui
1495 1714 1761 1795 passim
1819 1715 1892 1777 in
1952 1714 2174 1794 ipsius
2229 1714 2618 1794 provinciis
2672 1716 3219 1796 praesumebant

756 1823 1007 1887 altaris
1035 1821 1577 1887 Sacramentum
1606 1821 1737 1884 sub
1769 1830 2070 1901 utraque
2116 1821 2353 1901 specie
2393 1821 2774 1899 suscipere.
2819 1820 3019 1885 Alter
3057 1839 3215 1885 con-

758 1931 1043 1994 cionum
1093 1930 1310 1993 etiam
1357 1928 1630 1992 fructus
1678 1937 1835 1990 erat
1887 1926 2374 1991 confitentium
2421 1937 2490 1991 et
2546 1928 3224 1993 communicantium-

756 2053 1095 2100 numerus
1124 2038 1198 2100 in
1212 2036 1350 2100 hac
1380 2034 1946 2115 Quadragesima
1970 2036 2180 2114 longe
2210 2033 2438 2113 maJ‘or
2466 2052 2680 2115 quam
2702 2035 2774 2097 in
2797 2036 3218 2115 praeceden-

759 2142 949 2207 tibus
976 2142 1327 2207 extitisset
1343 2190 1357 2219 ,
1391 2158 1897 2221 germanorum
1923 2142 2344 2221 praesertim
2369 2158 2454 2205 ac
2474 2142 2939 2218 flandrorum,
2967 2143 3230 2223 quibus

763 2249 897 2313 ΡΡ.
951 2248 1279 2314 Canisius
1322 2258 1392 2312 et
1436 2248 1827 2313 Gaudanus
1868 2266 1945 2311 se
1989 2248 2467 2312 confessarios
2514 2249 3004 2329 exhibuerunt,
3059 2268 3221 2313 cum

762 2374 1028 2437 magna
1056 2357 1371 2437 ipsorum
1398 2365 1468 2418 et
1507 2355 1971 2418 instructione
2023 2363 2092 2418 et
2137 2354 2656 2435 aedificatione,
2710 2356 2808 2420 ita
2840 2364 2914 2419 ut
2945 2358 3218 2437 sperari

751 2474 994 2546 posset
1023 2480 1271 2527 veram
1306 2462 1657 2526 rationem
1705 2471 2002 2543 peccata
2053 2461 2426 2542 speciatim
2474 2462 2851 2526 confitendi
2901 2465 2974 2526 in
3009 2480 3216 2527 usum

757 2588 916 2635 esse
944 2570 1451 2634 revocandam:
1484 2569 1672 2632 italis
1702 2578 1963 2647 autem,
1995 2568 2314 2649 hispanis
2336 2578 2405 2633 et
2428 2570 2658 2650 gallis,
2693 2570 2816 2651 qui
2838 2568 3215 2635 confitendi

754 2678 993 2759 gratia
1034 2677 1126 2741 ad
1169 2686 1452 2740 nostros
1491 2684 1980 2751 accesserant,
2023 2676 2212 2740 bona
2249 2694 2338 2739 ex
2377 2685 2580 2757 parte
2617 2676 2962 2741 satisfecit
2989 2676 3065 2740 Ρ.
3097 2676 3216 2741 Ni·

753 2786 1000 2850 colaus
1026 2783 1311 2865 Lanoy,
1352 2782 1635 2847 Rector.

868 2892 1011 2956 532.
1098 2891 1493 2972 Episcopus
1531 2888 2102 2970 Transylvaniae
2135 2888 2152 2921 ¹
2185 2900 2253 2953 et
2281 2890 2532 2955 eodem
2561 2898 2876 2971 tempore
2906 2890 3033 2955 Dr.
3067 2893 3213 2972 qui-

747 2998 935 3074 dam,
956 2998 1403 3061 consiliarius
1418 2995 1650 3075 Regni
1678 2996 2058 3060 Bohemiae
2075 2995 2120 3075 ²,
2149 2997 2455 3076 agebant
2480 2997 2566 3061 de
2589 2998 2907 3077 collegiis
2935 2998 3212 3078 Pragae

753 3116 822 3170 et
851 3106 924 3169 in
951 3105 1187 3186 aliquo
1225 3103 1286 3168 T
1288 3103 1793 3185 ransylvaniae
1814 3104 1974 3166 loco
2005 3103 2515 3167 transferendis
2544 3102 2589 3184 ³,
2637 3106 2965 3186 quamvis
2993 3123 3223 3187 usque

753 3214 846 3279 ad
873 3230 1138 3277 annum
1160 3222 1569 3292 sequentem
1594 3227 1968 3291 pragense,
1996 3212 2538 3291 transylvanum
2562 3221 2800 3276 autem
2822 3212 3212 3293 hucusque,

747 3338 895 3384 non
931 3300 1421 3383 maturuerint.

870 3426 1015 3489 533.
1100 3425 1442 3506 Imposuit
1495 3434 1731 3489 autem
1774 3424 1931 3489 Rex
1957 3441 2227 3488 novum
2260 3442 2441 3488 onus
2471 3422 2547 3486 P.
2579 3425 2898 3505 Canisi0‚
2942 3434 3039 3505 ut,
3073 3444 3216 3490 una

750 3551 910 3598 cum
940 3533 1215 3599 duobus
1244 3532 1658 3595 doctoribus
1700 3530 1881 3610 juris
1909 3532 2178 3612 peritiS,
2221 3532 2596 3595 visitandis
2632 3543 2701 3595 et
2743 3532 3216 3597 reformandis

724 3640 1071 3721 'collegiis
1100 3640 1602 3703 viennensibus
1652 3640 1959 3717 (bursas
2006 3639 2302 3717 vocant)
2354 3639 2823 3717 incumberet,
2857 3656 2994 3720 qua
3033 3640 3106 3703 in
3134 3656 3222 3703 re·

749 3746 924 3810 nihil
954 3746 1301 3812 difficilius
1324 3748 1746 3811 occurrebat
1773 3763 1993 3827 quam
2013 3744 2191 3809 fidos
2213 3746 2612 3826 praefectos
2633 3755 2705 3809 et
2728 3747 3214 3811 moderatores

822 3954 841 3987 ί
906 3952 957 3997 Is
979 3958 1096 3997 erat
1114 3952 1213 3997 hoc
1232 3958 1464 4007 tempore
1487 3952 1680 3997 Paulus
1701 3952 1750 3996 11
1774 3952 2118 3997 Bornemisza.
2140 3952 2311 4007 Gaas,
2339 3950 2518 3995 Series
2539 3952 2949 4007 Episcoporum,
2966 3963 3086 4007 pag.
3106 3953 3208 3997 ³82.

821 4025 845 4057 ὓ
901 4024 961 4069 In
990 4025 1144 4079 hujus
1176 4035 1359 4069 nomen
1392 4023 1613 4068 nondum
1642 4024 1928 4069 incidimus.
1950 4023 2146 4068 Scribit
2165 4024 2371 4078 quidem
2401 4022 2652 4075 Setinum..
2675 4022 2920 4069 Historia
2943 4024 2994 4067 S.
3023 4024 3064 4077 Ῑ.
3087 4024 3213 4067 Pro·

746 4098 960 4141 vinciae
980 4096 1293 4151 Bohemiae,
1311 4097 1399 4142 lib.
1420 4108 1476 4146 n.
1498 4109 1547 4140 n.
1562 4096 1605 4148 3,
1628 4096 2062 4151 Metropolitanae
2083 4096 2348 4141 Ecclesiae
2370 4095 2656 4140 Curatores
2675 4096 2922 4149 (vacabat
2945 4103 3066 4140 tuuc
3087 4096 3211 4140 Pra-

743 4169 918 4224 gensis
946 4168 1124 4221 sedes)
1144 4175 1195 4212 et
1216 4168 1557 4213 Sacerdotum
1588 4168 1905 4221 summates,
1928 4168 1990 4211 de
2016 4168 2302 4212 Academia
2322 4166 2570 4212 Carolina
2591 4166 2842 4221 pragensi
2862 4169 2916 4212 in
2944 4168 3208 4212 meliorem

746 4242 950 4295 frugem
978 4240 1273 4285 reducenda
1292 4252 1408 4285 cum
1438 4241 1697 4293 egissent.
1718 4250 1896 4285 omnen
1915 4240 1968 4283 in
2003 4250 2119 4284 eam
2153 4240 2454 4283 convenisse
2491 4240 2803 4284 sententiam
2832 4239 3216 4294 “Praeposiius

742 4312 893 4358 Sacri
915 4312 1133 4368 collegii
1155 4312 1429 4357 Henricus
1448 4313 1629 4357 Pissek
1644 4346 1656 4369 ,
1676 4325 1770 4357 seu
1792 4313 2106 4358 Scribonius
2126 4313 2191 4356 ab
2213 4312 2478 4365 Horssow,
2496 4312 2635 4365 Juris
2655 4313 2923 4368 utriunque
2944 4312 3142 4357 Doctor
3159 4321 3208 4357 et

745 4384 919 4430 Caroli
949 4384 1301 4429 Archi-Ducis
1330 4390 1489 4429 antea
1524 4384 1855 4439 Praeceptor,
1889 4385 2112 4438 itemque
2129 4382 2374 4437 ,Ioannes
2401 4382 2828 4427 Archidiacomaes
2855 4384 3115 4429 Viennam
3145 4386 3213 4429 ad

742 4458 939 4513 Regem
967 4458 1199 4509 abirent,
1216 4456 1457 4512 precibus
1484 4458 1653 4502 acturi
1672 4464 1730 4501 ut
1758 4458 1878 4501 ie...
1907 4464 1984 4501 tot
2017 4454 2297 4509 Magistros
2316 4460 2369 4499 et
2404 4456 2657 4500 Doctores
2675 4457 2758 4508 (de
2789 4456 3052 4501 societate
3072 4456 3208 4509 Jesu;

742 4530 969 4586 pragam
990 4530 1215 4575 invitare
1237 4530 1406 4583 (velit)
1424 4537 1548 4585 quot
1582 4528 1876 4573 sufficerent
1897 4528 1962 4572 ad
1983 4527 2221 4572 facienda
2241 4529 2363 4572 novi
2390 4528 2550 4573 studii
2580 4529 2747 4583 prima
2775 4529 3218 4581 fundamenta...—

740 4604 940 4649 Verum
969 4604 1153 4648 horum
1187 4603 1359 4647 nullus
1389 4602 1577 4646 dicitur
1598 4602 1755 4645 fuisse
1776 4600 1944 4655 Regni
1975 4598 2254 4643 Bohemiae
2276 4599 2641 4654 Consillarius;
2665 4600 2844 4644 deinie
2876 4600 3006 4644 haec
3037 4601 3206 4645 omnia

740 4675 947 4731 Pragae
970 4682 1093 4719 acta
1112 4674 1190 4719 ait
1219 4673 1450 4718 Scumm.
1468 4684 1603 4719 anno
1634 4674 1753 4717 1552.

820 4748 846 4780 ⁸
904 4747 1015 4801 Sic;
1036 4746 1233 4793 rectius
1252 4745 1490 4791 fortassis
1510 4746 1884 4799 instituendis,
1905 4746 2183 4799 erigendis
2209 4751 2301 4789 aut
2323 4745 2442 4799 quid
2461 4744 2645 4789 simile.
