3742 5392
739 480 850 540 322
1655 481 1913 539 Cimon.
1956 478 2108 539 Soc.
2150 480 2291 553 Jsss.

743 624 865 690 S.²¹
906 626 1321 703 Domitiani,
1356 627 1594 689 oblata
1624 624 1778 704 fuit3
1809 624 1938 689 sed
1966 644 2089 689 eas
2118 625 2497 690 Societatis
2518 624 2919 705 sequendae
2952 622 3211 687 affectu

750 734 1208 813 contempsit,
1239 751 1372 795 nec
1402 732 1653 795 offensi
1683 733 1924 813 patrui
1952 734 2300 796 rationem
2330 733 2599 796 habuit.

861 840 1005 904 688.
1091 841 1488 920 Episcopus
1519 849 1756 903 autem
1786 839 2380 903 Claramontanus
2402 888 2417 918 ,
2451 840 2570 919 qui
2594 839 2775 903 inter
2800 841 2931 902 hos
2951 838 3218 903 fluctus

651 980 656 987 ·
744 959 1192 1013 constantem
1223 964 1500 1027 semper
1531 963 1705 1025 erga
1735 945 2165 1009 Societatem
2210 948 2649 1010 voluntatem
2687 944 3009 1020 retinuit,
3053 962 3207 1025 pro·

745 1056 1063 1119 fecturus
1107 1054 1178 1117 in
1222 1071 1427 1117 suam
1456 1053 1873 1131 dioecesim,
1908 1054 1999 1116 ad
2040 1053 2662 1133 quadragesimam
2712 1052 2880 1115 anni
2922 1068 3221 1133 sequen-

743 1160 836 1226 tis
867 1162 1198 1233 comitem
1227 1160 1490 1223 habere
1531 1159 1952 1239 magistrum
1992 1158 2384 1222 Robertum
2422 1159 2920 1239 Clayssonium
2960 1160 3206 1233 voluit,

741 1278 818 1333 ut
858 1269 932 1332 in
976 1268 1197 1348 ipsius
1225 1267 1658 1347 Episcopatu
1701 1266 2156 1329 ecclesiastes
2196 1278 2265 1328 et
2305 1266 2707 1345 theologiae
2750 1266 3223 1345 praelectoris

741 1375 973 1439 officio
1005 1376 1442 1455 fungeretur.
1475 1373 1824 1437 Incitabat
1862 1373 2148 1452 quidem
2188 1372 2621 1452 Episcopum
2659 1371 2735 1434 P.
2780 1371 3218 1435 Paschasius

746 1495 821 1547 ut
852 1483 1092 1546 statim
1123 1498 1408 1544 manum
1451 1480 1866 1543 admoveret
1912 1480 2110 1559 operi
2156 1478 2599 1543 aedificando
2643 1490 2852 1560 atque
2898 1478 3209 1541 dotando

743 1589 1021 1653 Billomi
1043 1636 1057 1665 ,
1091 1598 1167 1651 ut
1198 1605 1360 1651 cum
1388 1587 1616 1650 nostri
1643 1586 1871 1650 Roma
1901 1587 2231 1650 venirent
2251 1636 2266 1665 ,
2297 1586 2721 1666 principium
2754 1586 3039 1665 aliquod
3072 1587 3213 1648 col-

744 1696 909 1776 legii
942 1712 1065 1759 eos
1091 1694 1483 1775 exciperet;
1518 1693 1640 1757 sed
1673 1694 1786 1756 ille
1817 1693 2099 1757 dicebat
2131 1710 2257 1756 sex
2288 1693 2506 1756 millia
2535 1692 2949 1755 francorum
2987 1692 3201 1754 annui

744 1804 1014 1867 reditus
1043 1819 1120 1865 se
1149 1802 1410 1864 habere
1441 1785 1618 1881 quos
1649 1801 1740 1863 ad
1771 1802 1929 1880 pios
1970 1816 2141 1864 usus
2182 1800 2701 1878 destinaverat,
2744 1798 2933 1879 quod
2961 1816 3087 1861 eos
3114 1816 3205 1861 ex

745 1910 948 1974 bonis
975 1908 1480 1971 ecclesiasticis
1508 1909 1816 1986 emisset,
1844 1918 1913 1970 et
1943 1906 2100 1970 ideo
2125 1907 2214 1970 ad
2247 1906 2815 1985 consanguineos
2838 1904 3223 1986 pervenire

739 2018 1061 2090 nolebat,
1096 2024 1165 2078 et
1193 2014 1642 2095 significabat
1671 2032 1761 2077 ex
1791 2014 1905 2077 his
1934 2032 2011 2077 se
2043 2013 2435 2093 Collegium
2462 2012 2860 2077 parisiense
2882 2023 2951 2076 et
2972 2012 3206 2075 Billio-

743 2140 990 2187 mense
1019 2122 1462 2199 dotaturum;
1495 2131 1564 2184 et
1593 2121 1758 2184 lic'et
1787 2120 2111 2184 mortalis
2140 2129 2358 2195 esset,
2391 2131 2465 2183 ut
2496 2119 2559 2183 ei
2583 2120 3013 2200 suggerebat
3043 2120 3083 2197 ¹,
3109 2128 3205 2181 te·

743 2238 1098 2295 stamento
1129 2237 1367 2292 tamen
1396 2246 1472 2291 se
1502 2246 1712 2308 posse
1741 2229 1985 2305 legare
2014 2227 2202 2307 quod
2232 2228 2488 2291 vivens
2516 2245 2659 2291 non
2680 2227 2965 2291 fecisset
2988 2227 3213 2305 signi·-

739 2338 1024 2402 ficabat.

860 2444 1006 2507 689.
1091 2443 1268 2507 Cum
1299 2455 1537 2506 autem
1567 2443 1834 2505 diceret
1863 2441 1941 2505 P.
1967 2442 2394 2505 Paschasius
2421 2442 2606 2522 quod
2630 2440 2949 2505 Societas
2972 2440 3217 2504 Billio—

737 2552 1004 2615 mensis
1045 2549 1556 2615 Universitatis
1599 2556 1621 2585 ¹
1659 2558 1885 2613 totum
1937 2566 2116 2613 onus
2156 2549 2487 2612 libentius
2529 2559 2950 2629 susceptura
2992 2558 3213 2625 esset,

738 2677 956 2739 quam
983 2658 1191 2721 simul
1221 2675 1382 2720 cum
1427 2656 1582 2719 aliis
1622 2656 2108 2720 saecularibus
2147 2656 2448 2720 docendi
2489 2654 2719 2719 officio
2758 2654 3211 2735 fungeretur,.

742 2766 868 2829 sed
899 2777 1066 2829 tunc
1093 2765 1356 2827 bonum
1383 2774 1788 2827 nostrorum
1807 2781 2178 2827 numerum
2203 2764 2687 2827 necessarium
2712 2780 2866 2826 esse
2884 2810 2899 2841 ,
2926 2762 3048 2843 qui
3070 2764 3205 2825 sal-

739 2883 884 2937 tem
936 2873 1027 2935 ad
1078 2872 1612 2952 quatuordecim
1665 2870 2121 2946 ascenderet,
2175 2881 2255 2934 ut
2298 2872 2569 2934 scilicet
2612 2879 2917 2950 quatuor
2957 2879 3193 2932 essent

737 2982 1250 3059 praelectoreS,
1283 2978 1536 3058 reliqui
1574 2979 2023 3057 scholastici,
2066 2980 2370 3041 laetatus
2414 2986 2520 3040 est
2566 2993 3001 3057 magnopere
3044 2976 3204 3056 Epi-

738 3104 1000 3166 scopus
1029 3085 1215 3166 quod
1246 3102 1502 3149 munus
1532 3085 1702 3148 illud
1732 3085 2089 3164 integrum
2132 3086 2345 3148 vellet
2382 3084 2703 3149 Societas
2745 3083 3109 3163 suscipere
3150 3082 3208 3162 ³;.

735 3192 862 3257 sed
895 3192 1126 3256 adhuc
1155 3192 1580 3271 persistebat
1610 3193 1682 3255 in
1713 3210 1798 3254 ea
1828 3191 2176 3255 sententia
2197 3241 2211 3268 ,
2245 3200 2323 3255 ut
2360 3192 2433 3255 in
2476 3191 2675 3254 initio
2716 3200 2863 3253 tres
2900 3190 3069 3253 boni
3111 3191 3213 3251 le—

738 3311 974 3364 ctores
1013 3299 1412 3363 litterarum
1450 3298 1987 3375 humaniorum,
2035 3308 2103 3360 et
2142 3307 2470 3379 quartus,
2512 3298 2634 3378 qui
2672 3297 3048 3359 lectionem
3080 3296 3211 3358 ali—

738 3425 948 3488 quam
979 3406 1382 3484 theologiae
1410 3414 1778 3468 enarraret
1797 3453 1812 3483 ,
1847 3405 2323 3484 mitterentur;
2358 3405 2670 3484 reliquos
2693 3413 2926 3466 autem
2952 3403 3021 3465 in
3047 3403 3205 3482 ipsa·

737 3513 1219 3577 Universitate
1248 3511 1682 3575 Billiomensi
1709 3511 1919 3575 facile
1948 3510 2288 3575 Societati
2318 3511 2590 3591 acquiri
2620 3520 2851 3591 posse.
2886 3508 3195 3591 Optabat

737 3636 911 3699 ergo
943 3618 1019 3681 P.
1055 3618 1478 3681 Paschasius
1509 3628 1585 3681 ut
1616 3628 1779 3681 ante
1823 3617 2105 3698 collegii
2146 3618 2710 3681 aedificationem
2756 3616 2832 3679 P.
2881 3615 3213 3696 Ignatius

739 3728 1092 3807 Episcopo
1116 3725 1589 3803 satisfaceret,
1616 3725 1863 3806 paucis
1888 3726 2027 3787 illis
2049 3725 2431 3801 mittendiS,
2462 3724 2714 3804 quibus
2740 3724 2889 3803 ipse
2914 3724 3199 3787 domum

733 3844 804 3897 et
833 3833 1072 3897 omnia
1103 3832 1508 3895 necessaria
1538 3850 1613 3895 se
1645 3832 2347 3896 subministraturum
2379 3831 2679 3895 dicebat.

819 4146 833 4177 ¹
895 4144 951 4186 P.
977 4143 1290 4187 Paschasius
1319 4143 1499 4187 BroEt.

814 4215 835 4246 ⁸
890 4214 983 4259 Me.
1005 4214 1164 4259 habet
1186 4217 1449 4267 civitatis,
1465 4216 1556 4259 sed
1577 4226 1724 4260 error
1744 4214 1803 4259 fit
1823 4226 1889 4259 ex
1908 4226 2097 4269 sequen
2106 4216 2244 4259 tibus
2262 4216 2583 4260 manifestus.

813 4286 836 4320 δ
891 4286 974 4331 “Si
1005 4296 1422 4341 rappresentava
1443 4288 1604 4331 etlam
1623 4288 1720 4331 che
1748 4288 1968 4331 sarebbe
1991 4289 2044 4331 la
2063 4298 2195 4331 vera
2228 4289 2609 4332 restauratione
2630 4288 2766 4333 della
2786 4288 3091 4333 Universita
3111 4289 3215 4332 che

729 4361 784 4405 la
807 4357 1128 4414 Compagnia
1159 4358 1407 4413 pl'gllasse
1429 4366 1567 4403 tutto
1599 4358 1632 4402 ι’
1653 4365 1920 4413 assumpto
1940 4356 1993 4402 dl
2023 4360 2197 4413 quella
2212 4391 2224 4413 ,
2246 4370 2388 4403 come
2422 4360 2491 4404 ha
2523 4361 2743 4415 plgliato
2763 4360 2810 4403 d·
2830 4362 2965 4404 altre
2982 4392 2992 4409 .
3012 4362 3203 4415 perche

730 4432 897 4476 allora
919 4432 962 4474 si
985 4430 1428 4483 aggiuterebbono
1447 4431 1480 4474 li
1509 4431 1736 4475 scholari
1759 4430 1972 4474 insieme
1994 4430 2047 4473 in
2071 4431 2257 4474 lettere
2274 4440 2327 4474 et
2349 4431 2501 4475 buoni
2524 4432 2741 4475 costum!
2758 4465 2768 4485 ,
2788 4437 2904 4485 etc.;
2922 4442 3005 4475 ma
3021 4438 3205 4487 questo

731 4510 997 4557 assumpto
1018 4512 1118 4546 non
1142 4502 1466 4556 pignarebbe
1489 4504 1539 4545 la
1561 4500 1897 4556 Compagnia.
1915 4512 1970 4545 se
1993 4512 2092 4545 non
2116 4502 2236 4545 sossi
2257 4513 2353 4545 con
2374 4504 2685 4547 commodita
2704 4504 2753 4547 di
2774 4513 2923 4558 poter
2944 4512 3207 4548 tratteuer

729 4574 872 4619 assai
891 4576 1090 4628 grande
1111 4584 1324 4617 numero
1345 4575 1395 4618 dl
1417 4574 1644 4618 scholari
1661 4605 1672 4627 ,
1695 4575 1728 4617 ll
1751 4574 1847 4617 che
1867 4574 1911 4617 ei
1941 4574 2192 4628 potrebbe
2212 4573 2324 4618 sare
2346 4586 2443 4617 con
2464 4577 2509 4617 le
2544 4575 2737 4619 intrate
2760 4575 2856 4619 che
2886 4576 3071 4621 adesso
3092 4582 3202 4620 ten·

730 4656 865 4700 gono
891 4645 929 4689 u
961 4644 1146 4689 Mastri
1181 4651 1233 4689 et
1269 4645 1302 4689 l·
1321 4644 1707 4697 Univeraita...„
1729 4644 2011 4698 Polancus,
2035 4654 2102 4687 ex
2132 4656 2283 4696 com„
2302 4645 2449 4689 Patri
2478 4646 2760 4690 Paschaslo
2782 4646 2966 4702 Broet,
2986 4648 3096 4691 sine
3118 4646 3207 4691 die

733 4717 823 4761 sed
846 4725 990 4762 certe
1011 4717 1066 4759 30
1083 4716 1316 4769 januarii
1341 4717 1459 4761 1551.
