3742 5392
773 455 880 515 758
1773 471 1974 514 ῐΝοΕκ
2016 471 2235 514 RERUM

3052 601 3200 657 PagS.

770 707 878 772 De
909 708 1226 792 Collegio
1265 709 1772 773 Panormitano
1789 753 3019 772 ...............................
3112 710 3233 774 205

769 815 877 880 De
900 816 1332 881 Provinciali
1357 815 1639 880 Siciliae
1663 833 1748 879 ac
1766 815 2103 895 Collegiis
2125 815 2385 879 Montis
2397 814 2705 896 RegaliS,
2721 817 3031 880 Bibonae

846 934 914 987 et
939 921 1342 1004 Syracusae
1353 969 1600 984 .......
1629 973 1635 980 .
1669 967 3020 988 ..................................
3112 925 3231 987 215

767 1031 877 1095 De
908 1031 1224 1111 Collegio
1257 1030 1644 1094 Viennensi
1699 1075 3020 1094 .................................
3112 1032 3229 1096 232

1243 1137 1647 1202 Coloniensi
1661 1183 2167 1200 .............
2198 1189 2203 1196 .
2236 1183 3021 1202 ....................
3111 1137 3231 1203 268

1246 1245 1678 1309 Lovaniensi
1705 1291 3020 1309 .................................
3092 1247 3233 1310 280

766 1351 872 1416 De
902 1353 977 1417 P.
1013 1353 1379 1416 Bernardo
1411 1352 1726 1417 Oliverio
1759 1362 1826 1416 et
1857 1355 2077 1416 initiis
2108 1354 2405 1433 Collegii
2436 1354 2980 1419 Tornacensis..
3112 1353 3233 1418 298

764 1458 874 1524 De
903 1460 1221 1540 Collegio
1262 1459 1644 1524 Parisiensi
1663 1506 3021 1525 ..................................
3113 1464 3233 1526 316

763 1567 872 1631 De
903 1567 1278 1632 Provincia
1311 1567 1746 1648 Aragoniae,
1781 1587 1866 1631 ac
1900 1570 2128 1649 primo
2152 1571 2237 1634 de
2268 1569 2586 1650 Collegio
2614 1570 3017 1636 Valentiae.
3112 1571 3228 1632 331

764 1677 874 1741 De
903 1676 1219 1756 Collegio
1249 1674 1570 1740 Gandiae
1588 1721 3025 1742 .................................
3115 1678 3235 1742 346

1243 1784 1735 1848 Barchinonae
1751 1829 2290 1846 ..............
2324 1837 2330 1841 .
2362 1832 3021 1850 .................
3115 1785 3235 1847 353

1254 1891 1925 1970 Caesaraugustano
1938 1937 3021 1955 ...........................
3115 1893 3227 1955 361

773 1999 880 2062 De
933 1997 1312 2062 Provincia
1355 1998 1735 2078 Castellae,
1779 2017 1864 2062 ac
1904 2000 2132 2080 primo
2176 2001 2261 2062 de
2300 1999 2616 2080 Collegio
2665 2000 3031 2066 Salmanti-

841 2107 1036 2169 censi
1054 2151 3023 2170 ................................................
3112 2107 3232 2170 374

761 2212 870 2277 De
900 2211 1217 2292 Collegio
1251 2211 1701 2293 Methymnae
1725 2211 1973 2294 Campi
1992 2259 3023 2278 ..........................
3112 2215 3233 2278 382

1265 2320 1783 2384 Vallisoletano
1795 2368 3023 2387 ...............................
3114 2324 3228 2387 391

1263 2429 1608 2508 Burgensi
1631 2475 3021 2495 ...................................
3112 2429 3235 2494 398

768 2536 874 2601 De
911 2535 1318 2600 Conchensi
1360 2535 1700 2616 Collegio,
1735 2547 1803 2599 et
1835 2538 1993 2601 aliis
2032 2537 2103 2602 in
2126 2536 2521 2602 Provincia
2558 2539 2907 2604 Castellae
2937 2542 3033 2604 in·

843 2644 1117 2706 choatis
1141 2687 3022 2708 ...............................................
3116 2647 3236 2710 424

769 2750 878 2815 De
908 2751 1228 2829 Collegio
1260 2749 1678 2830 Ognatensi,
1711 2769 1796 2814 ac
1829 2752 2038 2814 rebus
2070 2752 2143 2815 P.
2178 2753 2415 2816 Araoz
2449 2752 2944 2818 Provincialis.
2972 2801 2985 2814 .
3012 2801 3023 2814 .
3116 2753 3237 2815 429

768 2859 878 2923 De
908 2857 1286 2922 Provincia
1319 2859 1676 2933 Baeticae,
1709 2877 1793 2922 ac
1824 2860 2051 2938 primo
2092 2859 2176 2923 de
2207 2861 2520 2940 Collegio
2551 2861 3021 2926 Cordubensi.
3116 2862 3235 2925 442

770 2964 878 3030 De
929 2965 1004 3030 P.
1056 2966 1226 3030 Dre.
1281 2967 1541 3030 Torres
1575 2965 2029 3046 Provinciali,
2064 2976 2133 3030 et
2176 2969 2644 3048 quorumdam
2688 2969 3033 3050 Collegio·

845 3091 1004 3137 rum
1033 3075 1100 3136 in
1137 3073 1425 3136 Baetica
1469 3073 1688 3137 initiis
1707 3120 3021 3139 ...............................
3117 3077 3229 3140 461

767 3181 875 3245 De
901 3180 974 3243 P.
1003 3179 1234 3244 Natali
1271 3181 1780 3244 Commissario
1812 3183 1883 3244 in
1912 3183 2279 3263 Hispaniis
2321 3186 2699 3265 quaedam.
2729 3233 2741 3245 .
2772 3239 2777 3244 .
2809 3232 3024 3247 ......
3116 3186 3238 3248 473

768 3289 932 3352 Alia
964 3290 1048 3352 de
1082 3289 1288 3352 Patre
1323 3289 1556 3352 Natali
1606 3291 1695 3353 ad
1740 3289 2113 3354 Sociorum
2150 3293 2739 3372 gubernationem
2766 3296 3033 3375 praeci-

846 3414 982 3476 pue
1011 3397 1407 3477 spectantia
1424 3443 2171 3460 ..................
2200 3454 2206 3460 .
2244 3445 3025 3463 ....................
3116 3399 3241 3464 480

770 3499 877 3564 De
907 3501 1286 3566 Provincia
1320 3501 1456 3566 P01
1461 3505 1821 3583 tugalliae
1871 3524 1955 3568 ac
2004 3507 2229 3585 primo
2272 3507 2359 3574 de
2396 3507 2709 3588 Collegio
2757 3509 3029 3572 Conim-

843 3610 1148 3673 bricensi
1178 3656 2407 3675 ..............................
2439 3665 2444 3669 .
2476 3661 3020 3678 .............
3112 3617 3237 3681 496

768 3716 876 3780 De
905 3715 1147 3781 Sancti
1171 3719 1426 3782 Felicis
1458 3662 1846 3799 Collegiolo
1863 3769 3020 3788 ...........................
3112 3725 3238 3789 508

767 3822 874 3887 De
905 3825 1250 3889 Eborensi
1283 3827 1600 3907 Collegio
1619 3873 2324 3892 .................
2396 3879 2405 3886 .
2432 3877 2815 3894 ..........
2846 3881 2853 3888 .
2886 3880 2897 3891 .
2925 3882 2937 3895 .
2966 3881 2978 3894 .
3009 3880 3021 3892 .
3112 3833 3235 3895 509

766 3931 873 3995 De
905 3931 1219 4012 Collegio
1252 3931 1499 3997 Sancti
1539 3936 1832 4000 Antonii
1862 3938 2333 4018 olyssiponae
2351 3984 3019 4002 .................
3114 3942 3239 4004 520

766 4038 874 4102 De
904 4039 1134 4104 Domo
1160 4040 1653 4106 Professorum
1676 4042 1919 4106 Sancti
1948 4043 2174 4108 Rochi
2190 4091 2773 4108 ...............
2804 4101 2809 4108 ,
2843 4095 3018 4107 .....
3114 4048 3237 4110 533

766 4145 872 4208 De
921 4146 1354 4211 Provinciali
1396 4147 1892 4228 Portugalliae,
1930 4163 1997 4213 et
2036 4154 2247 4216 rebus
2278 4154 2697 4233 quibusdam
2726 4173 3029 4218 commu·

844 4254 1159 4318 nioribus
1183 4253 1332 4334 ejus
1365 4255 1783 4320 Provinciae
1829 4306 3019 4323 ..............................
3113 4261 3237 4325 543

767 4359 874 4424 De
907 4363 1115 4424 rebus
1145 4362 1428 4426 Tituani
1457 4365 1526 4426 in
1561 4364 1804 4427 Africa
1825 4413 3020 4431 ..............................
3112 4369 3235 4432 567

767 4465 874 4530 De
907 4469 1012 4547 iis,
1056 4485 1236 4549 quae
1269 4470 1360 4532 ad
1393 4471 1800 4536 Missionem
1830 4473 2329 4554 Aethiopicam
2352 4477 2704 4557 pertinent
2723 4523 3018 4539 ........
3112 4477 3235 4540 572

767 4572 874 4637 De
906 4576 1116 4639 rebus
1148 4575 1220 4638 P.
1258 4575 1623 4640 Francisci
1655 4579 1959 4659 Borgiae
1992 4582 2473 4646 Commissarii
2485 4627 3019 4646 ..............
3110 4583 3237 4646 583

767 4681 875 4746 De
907 4681 1239 4746 Missione
1279 4685 1350 4747 P.
1387 4685 1693 4748 Cornelii
1727 4686 2045 4770 [Gomez]
2080 4691 2147 4752 in
2181 4690 2516 4770 Magnum
2548 4691 2981 4772 Congum...
3010 4739 3021 4751 .
3112 4691 3224 4754 601
