3742 5392
1617 466 1746 527 AN.
1793 467 1935 525 1554
2907 466 3021 525 313

545 632 704 678 mus
733 612 1086 694 Reginae,
1121 630 1280 677 cum
1315 616 1537 677 multa
1567 630 1645 676 se
1675 612 2035 677 audivisse
2072 614 2437 677 Cardinali
2468 614 2800 691 referret,
2834 614 3014 677 veri·

546 731 692 785 tate
723 722 812 783 ab
842 721 1091 784 eodem
1119 720 1476 784 intellecta
1497 770 1511 798 ,
1545 730 1616 783 et
1641 736 1856 800 quam
1886 720 2208 800 graviter
2238 730 2621 801 peccarent
2648 721 2769 801 qui
2796 719 3019 783 salsas

548 828 883 892 infamiae
936 837 1146 891 notas
1197 827 1524 907 religioni
1573 828 1969 905 inurerent,
2028 828 2239 907 longe
2275 828 2480 890 aliter
2527 828 2613 891 de
2658 824 3013 891 Societate

550 936 893 1012 sentienS,
929 944 998 997 et
1022 951 1183 997 cum
1205 934 1392 997 bona
1417 932 1940 1010 aedificatione,
1968 934 2281 997 recessit.
2307 932 2748 997 Hortabatur
2776 944 3013 997 autem

550 1040 626 1105 P.
683 1041 1127 1105 Bernardum
1177 1040 1272 1104 ad
1320 1040 1772 1120 patientiam,
1827 1038 2055 1103 donec
2106 1040 2375 1103 veritas
2432 1052 3015 1120 cognosceretur;

553 1166 719 1211 nam
748 1164 1087 1227 magnum
1116 1164 1276 1209 esse
1305 1148 1620 1227 signum,
1654 1147 1844 1227 quod
1876 1146 2207 1209 daemoni
2235 1146 2642 1225 displiceret
2666 1145 3013 1225 SocietaS,

552 1255 837 1335 quando
868 1264 972 1318 tot
1003 1256 1068 1317 ei
1101 1254 1612 1318 aemulationes
1641 1264 1711 1318 et
1741 1254 2351 1317 contradictiones
2373 1264 2816 1335 procuraret.
2845 1252 3019 1318 Sua·

553 1362 644 1425 sit
673 1362 888 1426 etiam
919 1380 1008 1425 ne
1037 1363 1110 1425 in
1139 1361 1578 1425 Tornacensi
1607 1361 1917 1425 dioecesi
1956 1362 2106 1441 ipse
2146 1363 2730 1436 concionaretur,
2771 1379 2861 1424 ne
2901 1378 3019 1441 po-

552 1469 762 1549 pulus
790 1467 1140 1531 dioecesis
1170 1468 1712 1531 Cameracensis
1740 1468 2019 1531 vicinus
2048 1467 2468 1531 detrahendi
2505 1485 2634 1530 suo
2662 1466 3025 1547 Episcopo

553 1576 1006 1639 occasionem
1033 1575 1330 1638 haberet
1360 1576 1449 1637 ob
1479 1576 2025 1655 prohibitionem
2056 1575 2269 1638 istam
2288 1624 2303 1654 ,
2344 1592 2508 1637 cum
2537 1576 2603 1639 ei
2646 1572 2663 1605 ¹
2703 1576 3025 1653 gratissi-

551 1700 711 1746 mae
740 1684 1124 1746 conciones
1155 1691 1391 1746 essent
1423 1680 1498 1745 Ρ.
1534 1681 1901 1745 Bernardi.
1936 1682 2219 1761 Agebat
2250 1693 2489 1745 autem
2518 1682 2656 1745 hoc
2681 1682 3021 1745 Cardina·

553 1790 640 1852 lis
669 1807 758 1852 ne
789 1788 1192 1853 irritaretur
1221 1788 1764 1852 Cameracensis
1794 1788 2226 1869 EpiscopuS,
2260 1806 2471 1869 quem
2500 1789 2867 1852 conciliari
2898 1787 3025 1851 So·

443 1920 451 1929 ·
559 1896 801 1960 cietati
832 1894 1183 1976 cupiebat.

676 2001 820 2065 668.
908 2000 1312 2065 Prohibitus
1343 2018 1518 2081 ergo
1564 2002 2128 2082 praedicatione,
2175 2003 2250 2064 in
2292 2002 2670 2081 Angliam,
2714 2004 2833 2065 ubi
2874 2005 3023 2082 gal-

557 2109 736 2171 licus
767 2124 1003 2171 sermo
1033 2126 1078 2170 a
1099 2107 1338 2171 multis
1355 2108 1806 2187 intelligitur,
1833 2109 1951 2170 vel
1973 2107 2064 2171 ad
2087 2108 2301 2171 aliam
2326 2108 2737 2172 missionem
2757 2107 2835 2171 P.
2860 2110 3023 2172 Ber-

559 2216 828 2279 nardus
876 2232 1274 2297 propensus
1316 2224 1505 2293 erat,
1561 2216 1894 2293 quamvis
1936 2216 2224 2278 omnino
2267 2215 2707 2279 obedientiae
2748 2232 2825 2278 se
2867 2215 3027 2279 sub—

551 2322 826 2401 jiceret.
895 2322 1220 2387 Timebat
1275 2321 1298 2354 ⁸
1355 2333 1594 2386 autem
1659 2340 1747 2386 ne
1813 2332 2111 2403 peccata
2180 2340 2427 2386 earum
2481 2322 3019 2403 provinciarum

557 2438 1004 2493 mererentur
1031 2438 1109 2492 ut
1137 2429 1273 2493 hoc
1301 2429 1669 2509 spirituale
1701 2429 2043 2493 auxilium
2082 2428 2462 2493 Societatis
2505 2429 2679 2510 ipsis
2720 2429 3031 2493 substra-

557 2536 880 2615 heretur,
913 2545 1202 2616 propter
1232 2553 1416 2616 quae
1447 2553 1638 2600 anno
1669 2553 1754 2599 eo
1785 2539 2009 2600 multa
2053 2538 2213 2600 loca
2255 2555 2298 2598 a
2336 2538 2547 2617 gallis
2592 2537 2665 2599 in
2706 2536 2827 2599 illa
2869 2553 3027 2616 pro·

557 2644 798 2707 vincia
829 2652 1152 2721 vastata,
1186 2653 1256 2707 et
1300 2642 1584 2722 plurimi
1621 2643 1919 2707 extincti
1962 2644 2274 2722 fuerant;
2328 2654 2398 2707 et
2443 2642 3033 2724 praecedentibus

555 2751 762 2814 annis
791 2750 1006 2813 simili
1032 2748 1314 2829 flagello
1345 2766 1687 2829 percussa
1714 2798 1729 2829 ,
1761 2751 1986 2813 vitam
2016 2768 2159 2813 non
2195 2750 2699 2814 emendabant:
2734 2750 2897 2830 quia
2929 2759 3029 2812 ta·

557 2873 722 2919 men
743 2854 1098 2919 adventus
1121 2855 1462 2936 Philippi,
1491 2854 1800 2935 Angliae
1823 2855 2067 2937 RegiS,
2094 2855 2493 2937 Septembri
2516 2874 2758 2921 mense
2784 2858 2855 2921 in
2878 2857 3027 2920 Bel·

559 2964 682 3043 gio
712 2963 1226 3045 expectabatur
1257 2964 1502 3043 (quem
1529 2974 1734 3043 pater
1763 2964 2156 3043 Imperator
2186 2974 2621 3027 evocaverat
2650 2974 2726 3027 ut
2756 2964 2821 3027 ei
2858 2980 3031 3028 suos

517 3100 524 3107 ·
563 3079 792 3135 status
820 3080 890 3134 et
919 3070 1231 3133 dominia
1259 3070 1784 3149 renunciaret),
1818 3072 1905 3134 de
1934 3069 2083 3151 ejus
2107 3070 2543 3151 profectione
2565 3072 2639 3135 in
2662 3070 3028 3149 Angliam,

563 3179 728 3241 licet
757 3178 914 3241 aliis
942 3187 1226 3257 praeter
1256 3194 1419 3242 eum
1445 3179 1902 3257 probaretur,
1939 3196 2081 3242 non
2112 3188 2219 3242 est
2249 3188 2487 3243 actum
2517 3177 2560 3241 ⁸.

679 3284 824 3347 669.
909 3284 1340 3365 Alloquutus
1369 3293 1478 3347 est
1505 3285 1569 3348 N
1573 3286 1860 3349 uncium
1890 3284 2384 3365 Apostolicum
2407 3286 2483 3349 P.
2511 3286 2919 3350 Bernardus
2941 3287 3032 3349 de

573 3393 709 3455 hac
743 3391 1056 3455 secunda
1098 3390 1601 3471 prohibitione;
1662 3403 1731 3457 et
1771 3393 1981 3456 valde
2018 3393 2318 3457 miratus
2366 3402 2475 3457 est
2525 3390 2587 3472 ⁴,
2638 3404 2708 3457 et
2760 3394 3031 3475 recepit

563 3498 888 3563 eumdem
916 3496 940 3529 ⁸
967 3516 1046 3562 se
1074 3499 1632 3577 alloquuturum;
1668 3499 1997 3579 quamvis
2028 3518 2070 3563 a
2110 3499 2402 3565 Summo
2442 3500 2781 3564 Pontifice
2810 3518 3029 3564 reme-

566 3605 761 3669 dium
791 3606 1238 3687 potissimum
1269 3607 1790 3685 expectandum
1822 3604 1896 3669 P.
1922 3607 2333 3672 Bernardus
2354 3610 2747 3671 sentiebat:
2772 3616 2872 3683 ut,
2900 3609 3028 3671 sci-

565 3713 731 3776 licet
761 3762 776 3792 ,
838 3714 1058 3777 citato
1117 3698 1520 3794 Episcopo,
1582 3712 2109 3795 inquisitionem
2161 3711 2371 3794 hujus
2422 3715 2527 3778 rei
2574 3714 2853 3779 Nuncio
2902 3734 3033 3779 suo

564 3820 1038 3885 committeret
1057 3867 1074 3899 ,
1107 3820 1272 3899 quia
1293 3868 1307 3891 ‚
1341 3835 1504 3882 cum
1534 3820 1817 3901 plurimi
1839 3820 2145 3901 jesuitae
2170 3821 2401 3885 inillis
2425 3822 2816 3902 provinciis
2853 3824 3033 3886 dice·

562 3937 843 4007 rentur,
879 3928 1144 3991 nostris
1177 3926 1330 4006 (qui
1359 3928 1699 4007 perpauci
1729 3936 1799 3989 et
1827 3937 1999 3991 tunc
2040 3944 2286 3991 omnes
2318 3928 2548 3992 relicti
2578 3930 2816 4007 erant)
2866 3932 3035 3992 mul-

562 4043 636 4096 ta
659 4082 674 4111 ,
726 4034 1003 4097 ratione
1052 4033 1261 4113 huJ'us
1313 4032 1653 4112 nominiS,
1715 4034 2183 4114 affingebant,
2235 4044 2303 4098 et
2360 4035 2663 4099 aliorum
2712 4036 3033 4100 defectus

648 4419 660 4447 Ι
722 4416 952 4473 Scilicet,
974 4420 1181 4474 populo.

643 4492 666 4519 ⁹
723 4488 852 4533 Vide
873 4490 1026 4541 infra.
1048 4502 1168 4546 pag.
1189 4502 1316 4547 seq..
1336 4500 1513 4536 annot.
1539 4494 1578 4536 ι.

643 4562 666 4591 ³
720 4560 855 4605 Vide
879 4562 1070 4606 Carras
1091 4562 1158 4605 de
1179 4562 1292 4606 san
1313 4562 1555 4616 Ignacio,
1577 4569 1614 4606 t.
1637 4574 1692 4611 v.
1714 4573 1836 4618 pag.
1857 4562 2055 4617 272-274,
2077 4572 2253 4609 annot.
2272 4564 2316 4608 8.

645 4633 668 4664 ⁴
723 4632 954 4677 Nuncins
975 4634 1322 4687 apostolicus.

629 4690 671 4733 ’ὅ
728 4702 1158 4749 Cameracensem
1181 4704 1513 4761 Episcopum.
