3742 5392
721 451 836 512 518
1641 451 1893 514 Cimon.
1938 453 2093 513 Soc.
2135 455 2278 528 Jsss.

722 600 1053 664 odiosum
1101 607 1170 662 et
1218 614 1444 677 grave
1495 599 1997 663 existimabant
2019 647 2034 678 ,
2086 616 2250 663 cum
2300 599 2742 663 declaratum
2792 599 2895 663 eis
2945 599 3196 664 fuisset

727 707 978 788 quanti
1005 715 1194 770 esset
1223 705 1456 770 meriti
1483 706 1622 770 hoc
1653 723 1832 786 opus
1877 706 2067 786 apud
2112 705 2380 785 Deum,
2423 707 2484 770 si
2528 723 2705 770 cum·
2730 706 3081 771 charitate
3124 707 3197 771 id

729 823 1216 896 praestarent,
1270 812 1570 876 libenter
1621 813 1712 876 ad
1761 813 1934 877 illud
1982 829 2061 876 se
2109 822 2651 894 compararunt,
2704 821 2775 877 et
2821 813 2895 878 in
2939 814 3195 894 quavis

723 921 1032 986 ecclesia
1055 919 1204 1000 jam
1231 920 1450 1000 aliqui
1479 920 2046 999 inveniebantur,
2079 920 2200 999 qui
2231 919 2721 984 confessiones
2766 920 3095 984 audirent
3126 931 3195 984 et

727 1029 1152 1110 praesertim
1179 1028 1254 1090 in
1283 1026 1728 1091 hebdomada
1755 1027 2214 1090 Pentecostes
2244 1027 2317 1090 in
2360 1028 2618 1109 quavis
2648 1028 2993 1108 parochia
3024 1037 3193 1107 treS,

725 1145 1034 1217 quatuor
1062 1145 1132 1197 et
1159 1135 1469 1216 quinque
1498 1133 1919 1197 confessarii
1944 1133 2211 1197 assidui
2236 1143 2438 1196 erant
2461 1151 2475 1213 ;
2502 1143 2571 1197 et
2595 1134 2867 1199 utillud
2890 1133 3199 1198 officium

727 1241 984 1323 majori
1037 1258 1200 1306 cum
1255 1241 1632 1305 honestate
1688 1251 1759 1304 et
1816 1240 2311 1305 aedificatione
2374 1249 2794 1305 exercerent
2828 1291 2841 1320 ,
2913 1241 3197 1304 curavit

727 1348 803 1412 P.
860 1349 1277 1414 Emmanuel
1313 1345 1446 1430 [ut]
1489 1348 1696 1412 sedes
1734 1347 2341 1412 confessariorum
2381 1358 2504 1412 aut
2544 1348 3061 1428 poenitentium
3106 1347 3197 1410 ad

727 1457 1019 1522 modum
1050 1465 1461 1519 nostrarum
1491 1454 2014 1519 conficerentur
2046 1454 2087 1515 ⁸.

857 1562 1031 1629 1096.
1121 1563 1535 1627 Confratres
1572 1562 2155 1642 Misericordiae,
2198 1564 2317 1645 qui
2361 1572 2610 1643 quater
2649 1562 2950 1642 singulis
2992 1563 3199 1625 annis

728 1671 1052 1736 confiteri
1090 1670 1461 1748 debebant,
1487 1670 1627 1733 hoc
1651 1670 1833 1735 festo
1855 1669 2313 1734 Pentecostes
2336 1679 2724 1750 coeperunt
2747 1684 3011 1748 magno
3035 1687 3197 1732 cum

731 1778 1016 1843 fervore
1044 1779 1234 1858 piam
1265 1779 1453 1840 hanc
1483 1776 2068 1841 consuetudinem
2100 1777 2479 1855 inchoare;
2522 1785 2591 1838 et
2631 1776 2962 1855 quamvis
3000 1776 3201 1840 multi

729 1887 806 1950 in
833 1886 1022 1949 villis
1051 1895 1256 1948 extra
1299 1885 1548 1948 urbem
1585 1894 1858 1961 essent,
1906 1884 2251 1948 admoniti
2290 1885 2532 1947 statim
2580 1884 2653 1946 in
2694 1884 2941 1946 urbem
2980 1883 3201 1948 redie-

733 2001 930 2072 runt,
965 2002 1034 2056 et
1064 1993 1465 2071 promiscue
1496 1992 1769 2054 nobiles
1801 2009 1966 2055 cum
1995 1992 2429 2072 pauperibus
2457 2000 2526 2054 et
2556 1991 2787 2054 servis
2817 1991 3032 2054 etiam
3058 2008 3202 2055 ma-

733 2117 880 2179 gna
911 2117 1074 2162 cum
1103 2098 1500 2168 humilitate
1530 2111 1690 2178 post
1730 2098 2257 2162 confessionem
2297 2098 2826 2161 sanctissimam
2866 2097 3200 2161 Euchari-

733 2208 947 2271 stiam
995 2206 1474 2286 accipiebant;
1525 2223 1658 2269 nec
1707 2207 1939 2269 nostri
1987 2205 2400 2288 sacerdotes
2450 2205 2640 2268 diem
2683 2222 2899 2268 unum
2944 2205 3201 2284 quietis

733 2313 998 2378 habere
1025 2322 1384 2394 poterant,
1421 2322 1490 2376 et
1520 2313 1610 2375 ab
1642 2329 1905 2376 aurora
1934 2330 2157 2391 usque
2189 2311 2279 2375 ad
2322 2322 2605 2376 noctem
2644 2312 2881 2375 socius
2925 2310 3002 2376 P.
3044 2311 3199 2375 Em-

734 2420 1084 2485 manuelis
1114 2421 1185 2483 in
1216 2419 1383 2482 sede
1415 2419 2019 2482 confessariorum
2046 2419 2243 2482 velut
2266 2419 2602 2498 alligatus
2624 2419 2990 2498 manebat;
3017 2419 3202 2482 infir-

735 2545 890 2591 mos
912 2535 1151 2591 tamen
1174 2527 1555 2607 aliquando
1581 2527 1933 2590 invisebat
1958 2527 2199 2589 statim
2223 2545 2265 2590 a
2288 2527 2612 2606 prandio;
2640 2543 2806 2590 nam
2828 2538 3205 2607 postquam

735 2634 830 2699 ad
859 2635 1235 2698 ecclesiam
1266 2643 1594 2712 venerat,
1627 2634 1822 2697 nulla
1845 2631 1995 2713 jam
2024 2634 2302 2698 ratione
2333 2633 2667 2696 recedere
2697 2634 2861 2696 inde
2902 2643 3201 2714 poterat;

735 2751 936 2807 tanta
967 2751 1122 2807 erat
1151 2742 1518 2806 hominum
1548 2741 1868 2804 confiteri
1898 2740 2332 2821 cupientium
2362 2740 2649 2803 devotio
2674 2757 2759 2802 ac
2782 2740 3201 2820 frequentia:

735 2860 808 2914 et
837 2851 911 2913 in
940 2850 1118 2913 festo
1149 2846 1606 2911 pentecostes
1649 2847 1993 2926 peculiari
2036 2846 2245 2910 modo
2291 2847 2667 2911 videbatur
2712 2844 3021 2911 Sanctus
3056 2845 3203 2927 Spi-

739 2959 918 3022 ritus
949 2959 1021 3020 in
1053 2957 1334 3020 illorum
1363 2955 1586 3017 corda
1615 2954 2097 3032 descendisse;
2132 2972 2295 3018 cum
2324 2956 2511 3019 enim
2539 2956 2738 3036 prius
2776 2973 2866 3020 ne
2906 2956 2980 3019 in
3023 2955 3205 3034 Qua-

740 3065 1148 3146 dragesima
1178 3063 1464 3144 quidem
1489 3064 1690 3125 multi
1715 3062 1805 3125 ad
1827 3071 2282 3125 sacramenta
2306 3062 2727 3127 accederent
2758 3063 2896 3127 nisi
2934 3079 3205 3126 excom·

739 3171 1337 3236 municationibus
1395 3179 1518 3233 aut
1568 3170 1726 3232 aliis
1774 3171 2023 3249 poenis
2074 3171 2662 3250 compellerentur
2689 3219 2703 3248 ,
2757 3169 2929 3250 jam,
2992 3169 3205 3233 corde

741 3281 1026 3344 omnino
1057 3280 1129 3342 in
1160 3278 1408 3342 melius
1436 3285 1731 3355 mutate,
1765 3277 2044 3357 ipsimet
2076 3277 2553 3341 confessarios
2574 3279 2929 3358 rogabant
2950 3287 3028 3342 ut
3058 3296 3206 3342 sae-

741 3387 902 3468 pius
930 3387 1002 3450 in
1035 3403 1223 3449 anno
1255 3401 1500 3448 eorum
1532 3383 2015 3448 confessiones
2045 3384 2409 3462 audirent,
2442 3395 2513 3449 et
2542 3385 2918 3450 dominicis
2961 3385 3209 3450 diebus

747 3494 1048 3574 singulis
1077 3495 1150 3556 in
1179 3491 1540 3573 parochiis
1567 3491 1880 3572 speciem
1924 3492 2307 3572 quamdam
2334 3491 2945 3572 Quadragesimae
2970 3493 3206 3574 poeni·

743 3602 1041 3665 tentium
1070 3610 1139 3663 et
1170 3598 1845 3663 communicantium
1874 3598 2250 3661 multitudo
2290 3599 2643 3663 referebat
2670 3647 2684 3678 ,
2730 3608 2797 3662 et
2834 3600 3207 3680 plusquam

745 3709 937 3772 mille
965 3708 1158 3770 circa
1188 3707 1447 3769 festum
1479 3703 1934 3786 Pentecostes
1964 3707 2579 3770 communicarunt
2607 3703 2651 3770 ².

871 3815 1046 3878 1097.
1135 3812 1312 3877 Cum
1343 3822 1581 3876 autem
1610 3814 1682 3876 hi
1713 3811 1961 3876 Patres
1988 3813 2302 3877 Eboram
2331 3815 2616 3879 tandem
2646 3815 3045 3894 rediissent,
3087 3815 3208 3878 mi·

745 3932 992 3988 serunt
1022 3923 1348 3985 elvenses
1377 3919 1556 3984 duos
1597 3931 1720 3983 aut
1758 3933 1905 3984 tres
1948 3921 2338 3985 honoratos
2382 3922 2579 3985 cives
2622 3922 2712 3985 ad
2758 3923 3209 3987 Cardinalem

745 4025 1094 4094 Infantem
1126 4039 1201 4093 ut
1230 4030 1485 4092 iterum
1515 4047 1599 4092 eo
1629 4027 1882 4092 Patres
1911 4028 2013 4092 illi
2041 4038 2570 4092 reverterentur
2590 4079 2605 4109 ,
2641 4030 2828 4110 quod
2860 4032 2935 4094 P.
2979 4031 3207 4094 Miron

744 4138 1035 4218 roganti
1065 4137 1429 4202 Cardinali
1457 4153 1725 4216 negare
1754 4154 1899 4199 non
1926 4135 2173 4216 potuit.

875 4243 1050 4308 1098.
1138 4245 1455 4308 Venerat
1487 4254 1722 4308 autem
1753 4243 1775 4274 ³
1805 4243 1883 4308 P.
1918 4243 2151 4308 Miron
2180 4241 2649 4308 Provincialis
2678 4246 2907 4324 prima
2946 4245 3060 4310 die
3096 4246 3211 4328 Ju-

830 4417 846 4448 ¹
905 4413 1041 4459 Vide
1061 4425 1238 4469 supra,
1261 4419 1299 4458 t.
1321 4425 1397 4464 111,
1421 4424 1542 4468 pag.
1567 4413 1659 4464 189.
1683 4418 1859 4457 annot.
1879 4413 1924 4456 2.

829 4487 853 4518 ²
907 4487 1050 4540 Quae
1070 4497 1103 4530 a
1123 4496 1171 4529 n.
1197 4485 1300 4529 1087
1323 4487 1586 4539 hucusque
1605 4484 1950 4538 continentur,
1973 4486 2246 4540 desumpta
2264 4492 2386 4530 sunt
2406 4497 2471 4530 ex
2490 4486 2624 4530 binis
2643 4486 2818 4532 Patris
2839 4487 2981 4532 Petri
3002 4489 3063 4532 de
3084 4488 3215 4533 San-

748 4565 805 4602 ta
837 4559 970 4603 Cruz
1008 4559 1073 4602 ad
1109 4559 1168 4601 P.
1208 4557 1515 4601 Michaelem
1541 4557 1605 4600 de
1641 4555 1855 4600 Bairros
1870 4589 1881 4610 ‚
1912 4555 2199 4600 Evorensis
2228 4556 2449 4612 Colle-gii
2488 4555 2765 4602 Rectorem
2783 4590 2795 4613 ,
2830 4559 3049 4614 litteris,
3084 4572 3214 4615 quas

747 4632 912 4674 habes
933 4631 981 4674 ln
1003 4630 1248 4674 Litterae
1266 4629 1728 4682 QuadrimestreS,
1748 4632 1786 4672 t.
1808 4638 1848 4672 11
1861 4661 1873 4682 ,
1892 4639 2015 4682 pag.
2034 4628 2117 4672 613
2136 4635 2188 4672 et
2208 4640 2331 4684 pag.
2350 4629 2447 4674 616.

831 4704 853 4732 ³
907 4703 1154 4746 Eboram.
