3742 5392
705 521 816 580 390
1626 526 1882 587 Canon.
1925 527 2077 602 Soc.
2116 527 2257 601 Jsss.

713 676 1066 747 poterant;
1099 669 1664 749 expectabantur
1693 682 1931 736 autem
1960 673 2221 737 ibidem
2264 675 2552 739 scholae
2592 676 2940 755 publicae,
2990 692 3181 755 quae

709 774 800 837 ad
831 792 1170 855 magnum
1199 794 1572 842 commune
1611 780 1871 844 bonum
1924 780 2202 844 futurae
2252 783 2699 845 videbantur:
2744 800 2887 845 non
2928 792 3171 845 tamen

709 883 846 945 hoc
876 899 1063 945 anno
1099 894 1390 963 apertae
1422 884 1728 963 fuerunt;
1762 897 1831 950 et
1859 896 2023 967 post
2051 906 2413 961 recessum
2458 888 2533 953 P.
2577 890 2968 969 Baptistae.
3010 906 3173 951 con-

709 989 1072 1053 cionatore
1103 992 1320 1055 etiam
1349 992 1420 1055 in
1451 1004 1810 1072 postrema
1841 997 2011 1058 anni
2040 1007 2243 1075 parte
2276 1006 2680 1073 caruerunt,
2714 997 2834 1077 qui
2876 996 3174 1075 publicis

709 1097 1168 1160 concionibus
1199 1100 1425 1162 solitis
1454 1103 1791 1181 populum
1822 1114 2147 1183 pasceret
2184 1102 2223 1178 ¹,
2260 1104 2446 1184 quod
2478 1104 2731 1166 acerbe
2766 1105 2942 1166 satis
2972 1104 3179 1167 multi

711 1215 1107 1284 senserunt,
1141 1206 1325 1269 inter
1355 1225 1533 1287 quos
1562 1208 1768 1271 unius
1807 1198 2115 1273 referam
2152 1209 2506 1285 affectum,
2550 1210 2691 1291 qui,
2736 1228 2893 1273 cum
2940 1211 3169 1273 dome·

709 1312 908 1375 sticis
937 1312 1553 1377 exhortationibus
1583 1315 1779 1378 refici
1809 1316 2071 1379 solitus
2088 1326 2300 1394 esset,
2333 1326 2403 1380 et
2430 1326 2803 1397 postquam
2832 1317 2995 1379 illae
3023 1333 3179 1379 ces—

709 1429 981 1499 sarunt,
1016 1420 1106 1483 ad
1131 1418 1424 1501 januam
1453 1420 1750 1502 Collegii
1800 1424 2095 1487 veniens
2146 1434 2215 1487 et
2266 1442 2309 1487 a
2352 1422 2657 1503 janitore
2705 1434 2954 1504 petens
3002 1439 3172 1486 num

711 1526 965 1590 concio
1007 1527 1398 1591 domestica
1444 1528 1684 1592 futura
1723 1539 1934 1607 esset,
1989 1531 2353 1611 respondit
2403 1532 2518 1594 ille
2568 1549 2710 1595 non
2761 1531 2934 1609 sore;
2987 1530 3179 1611 quod

710 1642 911 1697 tanto
940 1633 1184 1697 dolore
1213 1635 1571 1699 hominem
1596 1635 1852 1700 affecit:
1886 1637 2063 1711 “ah!,
2092 1638 2315 1717 inquit
2340 1638 2475 1715 ille,
2509 1638 2913 1701 maluissem
2944 1648 3019 1701 ut
3044 1640 3181 1701 has

713 1757 940 1819 genas
970 1741 1288 1821 colaphis
1319 1742 1771 1823 caecidisseS,
1805 1761 2017 1824 quam
2049 1745 2235 1808 hunc
2266 1761 2665 1808 sermonem
2699 1764 2740 1808 a
2770 1756 2840 1809 te
2865 1746 3167 1821 audire„

831 1845 974 1911 838.
1061 1846 1137 1912 P.
1171 1848 1454 1929 quidem
1483 1848 1804 1930 Baptista
1835 1849 2158 1914 Sanchez
2204 1852 2337 1915 sub
2376 1853 2670 1915 aestatis
2708 1852 2917 1915 finem
2955 1850 3183 1931 Septi—

713 1971 1010 2018 mancas
1037 1954 1384 2018 abductus
1413 1966 1589 2034 erat,
1620 1957 1740 2020 ubi
1771 1968 2079 2038 quatuor
2115 1956 2265 2021 fere
2308 1975 2589 2021 menses
2626 1958 2794 2034 fuit;
2838 1958 2963 2021 sed
3008 1959 3172 2038 quia

713 2062 994 2125 vicinus
1022 2062 1256 2124 adhuc
1285 2071 1462 2137 erat,
1496 2064 1814 2143 aequiori
1843 2064 2081 2128 animo
2121 2065 2697 2145 methymnenses
2726 2065 2799 2128 id
2826 2064 3168 2142 ferebant,

714 2170 903 2250 quod
932 2169 1326 2233 rediturum
1357 2181 1760 2249 sperarent3
1792 2169 1918 2234 sed
1948 2188 2109 2234 cum
2141 2172 2339 2236 initio
2370 2172 2731 2252 sequentis
2762 2172 2951 2246 anni,
2994 2171 3181 2234 scili·

713 2286 828 2338 cet
855 2276 1169 2340 secunda
1195 2276 1544 2358 Januarii,
1576 2277 1933 2358 proficisci
1960 2294 2121 2341 eum
2150 2277 2557 2342 Cordubam
2590 2278 2935 2357 viderent,
2960 2278 3047 2341 de
3070 2296 3176 2342 re·

717 2382 868 2445 ditu
923 2400 1068 2446 non
1123 2384 1426 2464 amplius
1483 2394 1880 2464 speranteS,
1932 2396 2257 2448 nostrum
2310 2384 2705 2465 Collegium
2755 2384 3175 2449 incusabant

712 2489 902 2568 quod
931 2506 1094 2553 eum
1122 2490 1570 2554 retinendum
1600 2490 2007 2571 diligentius
2036 2509 2177 2555 non
2209 2502 2603 2555 curassent.

829 2595 974 2661 839.
1061 2596 1464 2678 Pergebant
1492 2599 1952 2663 nihilominus
1992 2600 2083 2663 ad
2122 2610 2573 2664 sacramenta
2604 2600 3071 2664 confessionis
3109 2610 3177 2663 et

711 2705 1232 2769 communionis
1287 2706 1661 2784 accedere,
1715 2708 1997 2770 etiamsi
2047 2716 2207 2787 post
2258 2708 2757 2787 migrationem
2809 2707 2899 2770 ad
2947 2724 3185 2771 novas

712 2812 928 2876 aedes
957 2813 1241 2892 longius
1271 2830 1312 2875 a
1349 2814 1590 2894 populi
1620 2814 2015 2895 frequentia
2048 2814 2414 2891 abessent;
2446 2831 2614 2877 nam
2657 2814 2917 2878 ibidem
2958 2816 3185 2878 sacel-

709 2920 855 2982 lum
884 2918 1237 3000 quoddam
1267 2920 1755 3000 instituerunt,
1789 2922 1907 2984 ubi
1938 2922 2152 2984 etiam
2182 2918 2725 2985 Sanctissimum
2755 2920 3173 2984 Sacramen-

710 3036 860 3090 tum
881 3027 1048 3090 laeti
1072 3027 1454 3091 admodum
1478 3036 1901 3106 statuerunt;
1924 3038 1993 3091 et
2020 3028 2117 3091 ita
2144 3028 2540 3108 augebatur
2562 3028 2636 3091 in
2654 3027 2829 3107 dies,
2856 3046 2995 3091 una
3014 3044 3177 3091 cum

713 3134 1068 3214 spirituali
1121 3134 1398 3214 fructu,
1457 3135 1968 3215 poenitentium
2024 3143 2094 3197 et
2150 3135 2829 3200 communicantium
2884 3152 3180 3199 concur·

713 3256 855 3319 sus;
888 3251 960 3303 et
987 3258 1130 3304 non
1159 3258 1391 3322 pauca
1422 3240 1674 3306 referri
1702 3250 1992 3322 possent
2020 3240 2159 3305 Dei
2183 3240 2527 3306 beneficia
2554 3260 2685 3323 per
2712 3252 2997 3306 nostros
3026 3243 3177 3322 qui·

711 3348 1012 3412 busdam
1035 3348 1316 3428 collata3
1337 3348 1483 3428 sed,
1504 3350 1670 3429 quia
1687 3347 1834 3429 jam
1858 3350 2018 3412 aliis
2040 3349 2232 3413 dicta
2256 3350 2513 3413 similia
2538 3360 2725 3429 sunt,
2749 3366 2895 3413 non
2916 3366 2999 3412 ea
3024 3366 3177 3429 per·

711 3470 994 3535 sequar.
1027 3453 1186 3517 Non
1216 3454 1537 3519 omittam
1567 3456 1701 3519 hoc
1731 3464 1995 3533 tamen,
2036 3456 2226 3535 quod
2266 3454 2823 3537 Methymnensis
2851 3454 3098 3519 Abbas
3124 3454 3177 3531 ¹,

713 3571 985 3625 mutato
1016 3560 1253 3625 animo
1280 3578 1420 3641 quo
1450 3562 1648 3642 prius
1677 3563 1892 3627 rebus
1920 3563 2185 3626 nostris
2214 3562 2755 3642 adversabatur,
2788 3561 3183 3644 impensius

710 3668 956 3733 favere
996 3668 1252 3749 coepit,
1299 3676 1370 3732 et
1404 3685 1550 3731 non
1579 3670 1810 3732 solum
1849 3670 2088 3733 domui
2126 3669 2610 3733 aedificandae
2638 3669 3020 3749 benedixit,
3054 3668 3177 3733 sed

716 3890 1114 3898 -..κ-ψ-
1121 3892 1139 3897 .-

791 4054 809 4086 ¹
871 4052 964 4099 Ma.
983 4053 1114 4098 haec
1149 4056 1222 4099 ita
1249 4053 1436 4098 habet:
1459 4055 1849 4099 “concionatore
1868 4056 2030 4099 etiam
2066 4056 2114 4099 in
2144 4060 2409 4110 postrema
2430 4056 2551 4100 anni
2584 4062 2734 4111 parte
2756 4063 3037 4100 caruerunt
3069 4062 3179 4100 tam

717 4124 802 4180 qui
825 4126 1044 4180 publicis
1063 4126 1396 4170 concionibus
1414 4126 1582 4171 solitis
1599 4128 1844 4182 populum
1874 4137 2197 4181 pascere.....;
2216 4127 2308 4171 sed
2338 4127 2625 4173 redundare
2646 4128 2853 4172 videtur
2882 4126 3007 4172 iliud
3039 4131 3184 4177 tam:

715 4199 860 4242 deest
879 4198 1014 4243 enim
1033 4197 1315 4242 secundum
1334 4198 1624 4243 sententiae
1653 4198 1939 4243 membrum
1959 4199 2092 4253 quod
2114 4198 2160 4242 ei
2180 4200 2296 4242 tam
2318 4198 2655 4253 respondeat,
2674 4209 2769 4242 nec
2789 4197 3079 4254 excogitari
3102 4198 3176 4241 sa·

709 4270 809 4314 cile
829 4276 1003 4325 potest
1022 4270 1141 4325 qnid
1162 4277 1374 4325 praeter
1399 4271 1667 4315 conciones
1684 4283 1719 4316 a
1739 4272 2104 4315 concionatore
2132 4271 2391 4326 praestari
2420 4278 2597 4325 posset
2611 4304 2621 4323 ,
2644 4271 2779 4326 quod
2810 4272 2898 4316 aiii
2928 4282 3029 4315 non
3058 4280 3175 4315 con-

709 4342 1004 4387 cionatores
1033 4350 1305 4396 praestare
1335 4352 1435 4386 non
1457 4343 1722 4388 valerent:
1744 4344 1794 4387 ni
1827 4342 1963 4387 forte
1994 4342 2321 4386 donrestt'cae
2348 4343 2635 4397 conciones,
2666 4342 2729 4387 de
2759 4343 2942 4397 quibus
2971 4354 3089 4386 mox
3118 4340 3178 4385 fit

711 4424 896 4469 sermo,
917 4415 984 4458 ab
1005 4413 1108 4458 illis
1131 4414 1369 4468 publicis
1388 4414 1664 4458 distinctae
1693 4416 1796 4459 sint
1826 4420 1881 4458 et
1901 4416 2015 4458 tam
2051 4415 2287 4469 publicae
2308 4424 2470 4468 quam
2492 4414 2807 4459 domesticae
2838 4414 2907 4459 ab
2926 4424 3026 4457 uno
3061 4424 3175 4457 con·

713 4486 980 4531 cionatore
1010 4484 1346 4529 haberentur.

795 4560 819 4592 ¹
871 4556 1007 4602 Vide
1040 4568 1199 4612 supra
1215 4590 1226 4611 ,
1247 4563 1286 4601 t.
1307 4566 1348 4599 11
1363 4589 1373 4609 .
1407 4568 1530 4612 pag.
1549 4556 1646 4609 626.
1667 4568 1785 4602 ann.
1817 4558 1948 4612 1552,
1971 4569 2018 4603 n.
2040 4558 2135 4611 481,
2172 4563 2225 4602 et
2246 4564 2285 4602 t.
2314 4570 2391 4610 111.
2408 4570 2529 4614 pag.
2560 4558 2659 4611 3⁰8,
2680 4570 2729 4601 n.
2748 4556 2855 4611 6845
2888 4557 2973 4601 ubi
3004 4564 3183 4601 tamen

713 4630 1008 4675 memineris
1040 4635 1246 4684 oportet
1274 4639 1482 4672 errasse
1514 4639 1606 4673 nos
1633 4629 1752 4673 dum
1783 4628 1838 4674 in
1858 4636 2035 4674 annot.
2054 4630 2083 4673 2
2102 4630 2321 4675 diximus
2353 4631 2488 4675 hunc
2509 4630 2768 4675 Abbatem
2796 4640 2909 4673 esee
2929 4628 3177 4682 joannem

713 4702 777 4745 de
798 4700 998 4745 Rivera
1018 4708 1070 4744 et
1091 4699 1335 4753 Morejon.
1355 4698 1458 4743 Sed
1478 4707 1712 4745 erratum
1731 4699 1830 4745 hoc
1845 4702 1955 4755 jam
1976 4702 2365 4746 emendavimus
2384 4702 2437 4745 in
2456 4700 2701 4746 Litterae
2719 4700 3187 4755 Quadrimestres.

715 4781 755 4818 t.
777 4782 817 4816 ιι
835 4805 843 4823 ,
864 4783 986 4827 pag.
1005 4772 1076 4827 60,
1098 4776 1275 4816 annot.
1295 4770 1337 4814 2.
