3742 5392
714 496 824 558 586
962 488 967 495 ’
1634 498 1890 557 Cnaox.
1936 496 2082 554 Soc.
2127 496 2244 569 jas

714 642 976 707 minica
1012 642 1201 722 “Ego
1232 660 1385 705 sum
1417 641 1671 707 Pastor
1696 644 1956 718 bonus„
1999 640 2037 716 ¹,
2073 641 2316 721 paucis
2347 641 2434 703 de
2464 640 2818 703 Societate
2847 642 3180 717 praesen·

718 749 924 827 tibus,
966 760 1529 814 nam-secretam
1568 766 1725 813 esse
1767 750 2283 829 professionem
2323 750 2510 810 hanc
2557 746 2631 808 Ρ.
2681 744 3021 825 IgnatiuS,
3055 744 3174 825 qui

710 856 1125 921 facultatem
1153 857 1467 935 dederat,
1504 859 1749 934 voluit,
1784 876 1868 921 co
1894 858 2079 938 quod
2111 856 2230 919 alii
2261 854 2698 935 antiquiores
2727 860 2932 916 erant
2956 854 3027 916 in
3053 851 3176 916 So-

710 964 995 1036 cietate,
1028 964 1282 1045 quibus
1304 965 1650 1045 professio
1680 964 2159 1041 differebatur,
2195 963 2358 1026 licet
2389 962 2461 1025 in
2503 961 2813 1040 gratiam
2844 958 2917 1022 P.
2953 958 3174 1023 Fran-

711 1070 905 1148 cisci,
939 1082 1009 1134 et
1038 1072 1201 1152 quia
1234 1083 1491 1149 aetate,
1520 1072 1918 1135 eruditione
1948 1081 2015 1134 et
2051 1072 2313 1133 virtute
2341 1067 2420 1131 P.
2455 1068 2916 1132 Bustamante
2946 1076 3174 1129 matu·

705 1188 970 1255 ruerat,
1005 1180 1185 1241 haec
1212 1178 1559 1260 professio
1590 1190 1755 1242 ante
1786 1189 2205 1241 consuetum
2235 1189 2513 1257 tempus
2542 1190 2883 1238 concessa
2914 1183 3043 1237 est.

838 1284 1008 1348 1248.
1095 1285 1206 1349 Ex
1264 1287 1401 1350 hoc
1459 1285 1720 1368 oppido
1760 1285 2090 1363 Abulam‚
2135 1301 2279 1347 non
2329 1281 2709 1346 admodum
2759 1282 3162 1359 distantem,

707 1392 1001 1455 contulit
1030 1410 1107 1456 se
1136 1392 1212 1456 P.
1244 1393 1697 1472 Franciscus,
1731 1401 1809 1455 ut
1839 1410 2020 1473 quae
2052 1391 2143 1454 ad
2169 1390 2465 1469 Collegii
2494 1388 2982 1452 fundationem
3009 1406 3166 1469 per·

701 1499 1024 1563 tinebant
1062 1517 1307 1564 coram
1357 1510 1722 1577 tractaret;
1769 1510 1839 1562 et
1877 1508 2026 1563 tota
2069 1516 2154 1561 ea
2185 1498 2465 1573 civitas,
2499 1507 2646 1559 tam
2688 1496 2920 1559 clerus
2950 1509 3162 1575 quam

704 1609 1006 1685 populus
1045 1617 1113 1671 et
1152 1609 1505 1684 nobilitas,
1549 1624 1987 1688 magnopere
2028 1605 2178 1685 eJus
2217 1605 2527 1667 adventu
2571 1604 2814 1666 laetati
2863 1614 3050 1681 sunt;
3092 1614 3164 1666 et

702 1728 865 1775 cum
916 1714 986 1775 in
1030 1714 1430 1777 cathedrali
1476 1716 1737 1794 templo
1790 1732 1928 1776 una
1981 1732 2069 1775 ex
2110 1712 2387 1775 octavis
2431 1710 2770 1790 Corporis
2819 1708 3088 1773 Christi
3139 1712 3167 1739 ’²

700 1820 1249 1884 concionaretur
1272 1838 1435 1883 cum
1456 1820 2025 1902 frequentissimo
2065 1818 2435 1895 auditorio,
2474 1826 2827 1880 commota
2870 1826 2977 1878 est
3015 1833 3158 1879 ma—

700 1942 1016 2007 gnopere
1045 1928 1301 1991 civitas
1329 1928 1688 2006 universa,
1722 1940 1791 1991 et
1822 1938 1970 1991 tam
2001 1928 2073 1990 in
2097 1928 2232 1989 hoc
2263 1942 2477 2005 quam
2501 1924 2658 1986 aliis
2676 1924 2746 1985 in
2770 1924 2945 1986 locis
2971 1921 3157 2004 [nisi]

700 2034 1049 2111 profunda
1100 2036 1166 2097 ei
1204 2036 1585 2109 humilita5‚
1626 2013 1769 2115 'qua
1810 2052 1851 2096 a
1895 2032 2202 2096 Domino
2247 2032 2550 2095 donatus
2581 2030 2812 2093 fuerat
2845 2028 3157 2110 [praesto

696 2140 992 2221 fuisset],
1021 2150 1260 2204 tantus
1284 2142 1646 2205 hominum
1672 2144 2055 2221 applausus
2086 2152 2154 2202 et
2184 2139 2560 2203 admiratio
2590 2138 2727 2217 ipsi
2751 2152 3007 2200 nocere
3037 2152 3155 2217 po—

697 2249 969 2325 tuisset;
1015 2265 1140 2328 per
1179 2248 1313 2311 Dei
1349 2249 1658 2328 gratiam
1710 2249 2168 2311 nihilominus
2207 2247 2278 2309 in
2319 2256 2517 2309 tanta
2555 2246 2916 2308 hominum
2945 2244 3156 2306 laude

694 2354 1182 2419 confusionem
1233 2366 1300 2419 et
1346 2357 1892 2436 abnegationem
1941 2355 2048 2417 sui
2099 2370 2377 2434 semper
2426 2352 2854 2416 inveniebat.
2919 2350 3156 2414 Rebus

694 2472 953 2538 autem,
986 2473 1277 2544 propter
1306 2481 1482 2544 quas
1506 2474 1825 2541 venerat,
1859 2462 2191 2543 peractiS,
2234 2462 2397 2524 inde
2438 2459 2922 2540 Methymnam
2951 2458 3154 2521 Cam·

692 2570 763 2649 pi
802 2571 996 2633 venit
1038 2581 1111 2633 ut
1160 2570 1753 2635 Constitutionum
1796 2581 1864 2633 et
1903 2572 2314 2649 regularum
2349 2568 2630 2648 praxim
2669 2567 2902 2645 magis
2938 2565 3154 2628 fixam

690 2677 787 2741 ibi
825 2678 1270 2759 relinqueret;
1320 2687 1391 2742 et
1434 2689 1593 2760 post
1637 2680 1913 2758 aliquas
1953 2677 2508 2749 exhortationeS,
2553 2692 2770 2737 unum
2821 2690 2910 2737 ex
2937 2673 3154 2736 sociis

692 2785 838 2846 suis
880 2785 1257 2865 syndicum
1311 2786 1405 2849 ibi
1445 2786 1725 2866 reliquit
1768 2796 1843 2847 ut
1889 2786 2304 2847 observaret
2346 2782 2700 2861 quomodo
2743 2798 2859 2844 res
2906 2796 3152 2860 proce-

690 2890 961 2955 derent.

815 2997 990 3061 1249.
1078 2997 1179 3061 lbi
1221 2998 1564 3062 intellexit
1610 2997 2012 3078 Principem
2061 2999 2414 3081 Joannam
2463 2996 2648 3059 intra
2695 2994 3150 3075 quatriduum

688 3104 1121 3170 Tordesillas
1161 3115 1564 3184 venturam,
1620 3116 1691 3169 et
1730 3124 1813 3169 eo
1854 3106 2094 3169 statim
2138 3105 2501 3185 profectus
2543 3113 2672 3179 est3
2719 3120 2881 3166 cum
2911 3110 3148 3164 autem

684 3229 871 3275 nona
904 3214 1017 3275 die
1045 3212 1238 3295 Junii
1287 3212 1472 3275 Dna.
1524 3211 1805 3294 Joanna
1834 3213 2171 3290 venisset,
2216 3210 2542 3294 quamvis
2600 3228 2642 3272 a
2685 3210 2960 3273 nemine
2997 3208 3145 3271 fere

680 3336 759 3380 se
810 3318 1035 3382 videri
1088 3321 1564 3399 permitteret,
1608 3318 1631 3349 ⁸
1685 3320 1937 3383 eodem
1975 3320 2086 3382 die
2134 3318 2567 3398 significavit
2618 3317 2702 3379 P.
2757 3315 3145 3379 Francisco

681 3599 817 3641 tiene
837 3608 894 3641 su
917 3599 1029 3652 capi
1039 3599 1107 3641 lla
1129 3600 1349 3651 publica:
1370 3601 1416 3641 el
1438 3600 1569 3643 dela
1592 3600 1916 3653 Concepcion
1939 3600 2021 3642 fue
2043 3598 2266 3642 fundado
2286 3609 2349 3641 en
2374 3598 2478 3640 1499
2507 3608 2600 3651 por
2631 3598 2680 3639 el
2699 3596 2990 3649 arcipi-este
3010 3594 3144 3647 Junn

679 3664 980 3721 Gamala...
1018 3669 1119 3713 Sed
1155 3668 1476 3714 Cttnruzcos
1497 3672 1530 3715 l.
1561 3682 1623 3723 c.,
1662 3672 1750 3714 lib.
1794 3682 1865 3721 xv,
1896 3682 2010 3725 cap.
2032 3680 2148 3719 vm.
2177 3669 2208 3725 ᾗ
2237 3669 2279 3715 2.
2305 3670 2383 3713 ait
2417 3668 2630 3712 Patrem
2649 3667 2984 3711 Franciscum
3019 3666 3146 3710 Bor·

676 3742 793 3795 gio?
816 3742 1057 3795 negando
1079 3745 1111 3785 a
1132 3742 1462 3791 Tordesillas.
1484 3754 1539 3786 se
1559 3743 1643 3787 fue
1674 3744 1725 3787 al
1748 3744 1990 3797 hospital,
2013 3753 2111 3796 que
2139 3742 2298 3785 habia
2319 3741 2586 3785 fabricado
2603 3740 2752 3784 Dona
2773 3740 2939 3783 Maria
2959 3740 3022 3781 de
3044 3736 3142 3781 Te·

676 3812 845 3867 jaim„

758 3885 774 3917 ¹
832 3884 942 3929 Hoc
963 3892 1045 3929 est
1067 3885 1352 3933 Dominica.
1375 3887 1425 3930 in
1455 3898 1556 3941 qua
1576 3888 1769 3937 legitur
1799 3888 2126 3940 evangelium
2151 3886 2260 3940 Ego
2281 3896 2402 3929 sum
2420 3888 2612 3939 pastor
2641 3885 2824 3933 bonus.
2846 3884 3046 3928 scilicet
3067 3896 3142 3927 se-

675 3955 840 4000 cunda
860 3964 976 4011 post
1002 3956 1220 4011 Pascha,
1242 3968 1371 4012 quae
1392 3958 1489 4001 hoc
1510 3970 1643 4002 anno
1665 3958 1769 4002 155⁴
1806 3958 1986 4001 incidit
2019 3958 2070 4001 in
2100 3958 2235 4001 diem
2265 3962 2508 4000 octavam
2544 3957 2762 4011 Aprilis.
2789 3954 2891 3999 Sed
2915 3958 3140 3999 observa

672 4038 823 4072 usum
841 4029 1010 4083 magis
1030 4029 1370 4074 communiter
1389 4030 1527 4073 ferre
1548 4038 1603 4073 ut
1624 4031 1962 4084 designentur
1984 4030 2284 4073 Dominicae
2319 4040 2418 4072 non
2445 4028 2627 4083 primis
2659 4026 2922 4081 evangelii
2961 4029 3140 4072 verbis

672 4099 764 4142 sed
793 4101 1067 4150 introitus.
1087 4102 1261 4155 ltaque
1283 4101 1475 4145 dicitur
1494 4114 1575 4145 ex.
1608 4114 1693 4155 gr.
1720 4103 1990 4146 Dominica
2015 4102 2268 4154 Laetare,
2297 4101 2568 4144 Dominlca
2591 4100 2834 4151 cantate,
2852 4098 3134 4153 Quasimo·

676 4172 759 4225 do,
779 4178 879 4216 etc.

750 4242 774 4273 ²
829 4244 1037 4289 Scilicet
1060 4257 1168 4289 una
1190 4248 1275 4289 vel
1298 4246 1533 4299 quadam
1558 4247 1647 4289 die
1667 4248 1818 4302 infra
1840 4250 2088 4290 octavam
2113 4244 2360 4300 Corporis
2383 4244 2598 4288 Christi.

750 4316 773 4347 ³
828 4316 904 4364 ..Y
924 4317 975 4360 al
996 4324 1255 4371 presente,
1277 4328 1419 4360 como
1441 4316 1491 4360 S.
1512 4318 1576 4361 A.
1596 4319 1800 4371 supiese
1821 4329 1915 4371 por
1936 4320 2072 4360 letra
2093 4318 2261 4361 cierta
2284 4328 2380 4371 que
2405 4318 2455 4360 la
2473 4316 2790 4359 Serenisima.
2805 4316 3053 4359 Princcsa
3072 4316 3137 4359 de

674 4387 941 4443 portugal,
962 4400 1023 4432 uu
1043 4390 1129 4432 hex
1142 4399 1311 4442 mana,
1332 4400 1401 4442 va
1420 4392 1575 4434 venia
1595 4394 1628 4433 a
1647 4390 1768 4433 todo
1788 4390 1972 4444 undar,
1995 4390 2046 4433 S.
2069 4390 2133 4434 A.
2157 4391 2294 4443 nego
2325 4393 2357 4433 a
2387 4390 2680 4433 Alcantara
2701 4392 2733 4431 a
2755 4392 2805 4433 la
2831 4398 2998 4443 posta,
3019 4388 3140 4431 don·

670 4460 805 4504 dela
825 4460 1016 4504 reclbio
1036 4460 1128 4504 alli
1150 4470 1273 4517 muy
1294 4461 1530 4504 cubierta
1551 4461 1612 4505 de
1634 4462 1757 4513 luto,
1778 4474 1843 4505 en
1862 4463 1939 4505 tal
1962 4472 2192 4515 manera,
2215 4474 2312 4516 que
2330 4473 2426 4517 por
2441 4472 2506 4505 un
2525 4464 2658 4506 buen
2673 4470 2792 4505 rato
2809 4470 2979 4505 nuncu
2999 4459 3136 4515 pudo

667 4532 812 4575 verle
830 4542 891 4575 su
910 4542 1034 4588 muy
1053 4532 1291 4575 hei-moso
1312 4538 1499 4586 rostro,
1524 4533 1677 4577 hasta
1698 4546 1793 4587 que
1817 4532 1869 4576 S.
1891 4532 1956 4577 Α.
1979 4535 2026 4577 le
2047 4534 2243 4587 suplico
2265 4534 2481 4579 muchas
2501 4544 2654 4577 veces
2675 4534 2817 4577 fuese
2839 4532 3048 4577 sex-vida
3071 4531 3136 4575 de

665 4602 931 4647 descnbrir
949 4616 985 4659 y
1004 4603 1179 4647 alzase
1197 4604 1358 4658 aigun
1380 4610 1526 4648 tanto
1548 4604 1631 4648 del
1653 4612 1828 4649 manto
1850 4618 1947 4659 que
1970 4607 2121 4649 sobre
2143 4606 2219 4649 los
2240 4606 2350 4661 oJos
2366 4606 2504 4649 traia
2530 4605 2832 4649 derroeado.
2857 4605 2906 4649 Y
2926 4607 2978 4649 la
2995 4604 3139 4649 Prin-

665 4683 801 4728 cesa,
822 4685 971 4718 como
998 4686 1064 4717 no
1084 4674 1294 4729 pudicae
1315 4676 1476 4719 hacer
1496 4684 1613 4722 οἵη
1632 4688 1755 4721 cosa
1801 4688 1895 4731 por
1927 4688 2012 4720 ser
2041 4678 2088 4720 el
2120 4677 2358 4732 Principe
2393 4688 2453 4721 su
2486 4677 2753 4731 hermano,
2775 4678 3046 4722 descubrio
3065 4688 3128 4721 su

662 4756 836 4790 rostro
854 4746 1061 4790 bafiado
1080 4758 1143 4791 en
1162 4748 1317 4791 vivas
1346 4748 1611 4803 lacrimas,
1644 4750 1705 4792 de
1738 4762 1833 4805 quc
1864 4750 2182 4805 ‹el-Principe
2203 4754 2400 4795 mostro
2421 4760 2554 4803 gran
2585 4751 2932 4805 seutimieuto,
2968 4752 3046 4794 asi
3065 4750 3131 4793 de
