3742 5392
718 436 827 496 150
1302 408 1309 416 ⁰
1641 437 1898 496 Canos.
1941 436 2092 497 Soc.
2133 438 2273 510 Jsss.

713 584 1033 648 ternitati
1060 584 1221 659 fuit;
1260 602 1423 649 cum
1451 585 1874 664 praesertim
1905 584 1977 647 in
2007 585 2310 664 singulis
2337 585 2640 664 scholiS‚
2674 601 2858 665 quae
2883 586 3192 666 quinque

718 691 1093 755 distinctae
1124 701 1359 771 erant,
1394 693 1612 772 aliqui
1642 692 2056 756 scholastici
2099 693 2325 756 nostri
2359 702 2822 757 versarentur
2865 691 2908 755 ¹.
2949 692 3044 755 Et
3071 694 3190 756 ali·

720 798 875 878 quis
903 816 997 863 ex
1024 799 1379 879 prioribus
1408 798 2016 863 confraternitatis
2038 849 2052 874 ,
2095 800 2217 879 qui
2255 808 2326 862 et
2366 800 2696 863 visitator
2725 817 2970 863 earum
3011 809 3186 879 erat,

716 921 881 969 cum
912 906 1540 986 compositionibus
1568 906 2078 987 discipulorum
2107 924 2198 969 ex
2225 916 2542 987 tempore
2585 906 2796 970 factis
2837 907 3192 971 interfuis-

718 1024 827 1076 set
848 1060 864 1091 ,
890 1023 986 1089 et,
1021 1030 1160 1076 non
1192 1015 1419 1077 solum
1448 1015 1601 1076 sine
1626 1014 1830 1089 vitio,
1866 1012 1990 1076 sed
2023 1030 2186 1076 cum
2213 1014 2570 1092 elegantia
2609 1030 2733 1077 eos
2763 1014 2981 1077 latine
3011 1014 3190 1077 scri·

723 1119 889 1184 bere
921 1120 1412 1198 observasset,
1460 1130 1833 1184 contentus
1886 1121 2270 1184 admodum
2319 1121 2615 1184 recessit
2634 1138 2649 1200 ;
2683 1130 2752 1185 et
2782 1136 2944 1184 cum
2975 1121 3194 1202 aliqui

712 1244 807 1289 ex
858 1226 1109 1290 amicis
1162 1245 1203 1289 a
1253 1236 1667 1291 nostrorum
1712 1226 2229 1306 familiaritate,
2281 1244 2586 1307 quorum
2615 1244 2834 1307 opera
2873 1228 2946 1290 in
2979 1228 3194 1291 rebus

718 1333 1203 1413 spiritualibus
1252 1333 1711 1399 libentissime
1740 1334 2154 1412 utebantur,
2207 1334 2366 1397 ideo
2415 1332 2832 1397 recederent
2861 1335 3048 1415 quod
3079 1352 3194 1415 pe-

715 1441 926 1504 nuria
984 1451 1389 1506 nostrorum
1442 1441 1970 1521 quodammodo
2028 1457 2152 1504 eos
2223 1442 2676 1521 interpellare
2733 1441 2826 1505 ad
2861 1442 3194 1505 submini-

720 1548 1089 1611 strandum
1121 1547 1407 1628 aliquod
1435 1547 1831 1611 subsidium
1859 1548 2245 1627 videretur,
2280 1557 2448 1611 tunc
2484 1549 2660 1611 haec
2683 1548 2839 1629 ipsa
2860 1548 3191 1614 fraterni-

714 1666 833 1717 tas
851 1704 866 1734 ,
894 1664 1145 1735 sponte
1166 1671 1319 1733 sua,
1342 1671 1527 1735 quae
1544 1654 1819 1719 duobus
1840 1654 2420 1735 praeceptoribus
2445 1655 2758 1719 externis
2783 1655 2955 1718 dare
2979 1657 3192 1719 solita

714 1770 903 1841 erat,
939 1772 1183 1825 nostro
1213 1762 1514 1841 collegio
1544 1762 1617 1825 in
1646 1761 2044 1825 subsidium
2071 1762 2264 1825 dedit
2281 1811 2296 1841 ‚
2328 1770 2614 1825 centum
2635 1761 2906 1825 scilicet
2929 1772 3000 1825 et
3022 1780 3189 1842 qua·

718 1868 1049 1948 draginta
1100 1869 1407 1933 florenos
1426 1917 1441 1947 ,
1493 1870 1613 1949 qui
1665 1885 1973 1949 magnae
2036 1878 2444 1932 nostrorum
2495 1868 2832 1948 penuriae
2889 1870 3190 1933 multum

720 1975 1232 2039 sublevationis
1262 1977 1585 2039 attulere.

834 2081 977 2145 304.
1063 2082 1355 2147 Praeter
1383 2083 1693 2147 fructum
1722 2092 1961 2146 autem
1998 2084 2428 2160 litterarum,
2467 2083 2538 2146 in
2571 2064 2884 2147 moribus
2927 2102 3013 2147 ac
3054 2085 3190 2164 spi·

717 2190 860 2254 ritu
890 2190 993 2253 sic
1022 2190 1432 2254 scholastici
1468 2189 1966 2269 proficiebant,
2008 2200 2086 2253 ut
2128 2206 2205 2253 se
2233 2190 2478 2253 divino
2509 2190 2848 2271 obsequio
2875 2192 3194 2255 nonnulli

712 2297 789 2359 in
818 2297 1282 2377 religionibus
1312 2297 1700 2360 traderent.
1734 2296 2037 2360 Gratum
2067 2307 2308 2361 tamen
2337 2296 2718 2362 admodum
2748 2297 2880 2361 fuit
2909 2296 3191 2361 Perusi-

714 2406 830 2467 nis
852 2405 1041 2484 quod
1060 2454 1074 2483 ‚
1102 2422 1195 2467 ex
1214 2405 1658 2483 praescripto
1682 2402 1757 2466 P.
1793 2402 2086 2483 Ignatii,
2108 2404 2246 2467 hoc
2267 2421 2458 2467 anno
2482 2407 3007 2485 promulgatum
3031 2404 3182 2483 fuit,

712 2522 791 2575 ut
824 2530 915 2575 ex
946 2511 1091 2589 his,
1125 2511 1246 2591 qui
1277 2510 1371 2574 ad
1409 2520 1693 2573 nostras
1740 2512 2026 2574 scholas
2075 2510 2473 2575 studiorum
2511 2512 2746 2591 gratia
2785 2512 3156 2575 mittuntur

716 2618 951 2681 nullus
983 2618 1053 2681 in
1105 2616 1537 2681 Societatem
1566 2616 2059 2680 admitteretur
2087 2617 2240 2680 sine
2269 2635 2519 2681 eorum
2547 2617 2930 2693 facultate,
2971 2638 3018 2681 a
3047 2620 3191 2699 qui-

722 2727 855 2789 bus
884 2725 977 2788 ad
1006 2724 1293 2789 scholas
1320 2723 1696 2787 mittuntur
1724 2724 1769 2788 ².

833 2831 977 2897 305.
1065 2830 1411 2911 Quamvis
1462 2841 1700 2894 autem
1744 2841 2060 2911 tempore
2109 2831 2597 2895 renovationis
2647 2832 3075 2911 studiorum,
3113 2833 3181 2895 in

713 2940 1019 3020 palati0‚
1064 2948 1439 3019 praesente
1482 2936 1788 3002 Domino
1838 2937 2252 3018 ProlegatO,
2301 2937 2599 3016 Senatu,
2647 2937 3080 3003 Doctoribus
3117 2949 3189 3002 et

715 3046 875 3110 aliis
903 3046 1262 3127 primariis
1292 3046 1498 3124 viriS,
1530 3062 1781 3110 rursus
1810 3055 1881 3108 et
1911 3047 2272 3110 orationes
2297 3056 2368 3109 et
2396 3046 2719 3109 carmina
2741 3055 2810 3109 et
2833 3046 3180 3125 dialoguS,

708 3169 874 3217 cum
906 3152 1418 3233 approbatione
1448 3152 1915 3232 audientium,
1950 3153 2089 3217 sint
2119 3152 2398 3231 habita,
2431 3162 2503 3215 et
2529 3152 2960 3217 existimatio
2991 3154 3186 3216 circa

714 3260 989 3324 litteras
1017 3269 1231 3323 aucta
1258 3269 1479 3337 esset,
1515 3260 1747 3323 minor
1784 3269 2023 3323 tamen
2072 3275 2408 3323 numerus
2455 3259 3044 3323 scholasticorum
3079 3258 3191 3322 hic

708 3384 871 3431 esse
902 3366 1155 3446 coepit.
1188 3364 1405 3429 Forte
1434 3375 1978 3446 praeceptorum
2007 3365 2306 3430 mutatio
2335 3384 2426 3428 ex
2457 3374 2659 3446 parte
2689 3366 2762 3429 in
2785 3382 3005 3429 causa
3029 3365 3182 3443 fuit;

710 3491 883 3537 narn
904 3473 1095 3554 Mag.
1126 3472 1487 3537 Gilbertus
1516 3472 1561 3551 ³,
1596 3473 1716 3555 qui
1747 3472 2072 3537 Genuam
2100 3472 2494 3536 destinatus
2544 3483 2700 3537 erat
2720 3522 2735 3552 ,
2769 3490 2913 3536 non
2959 3474 3188 3536 solum

710 3598 880 3645 cum
909 3582 1249 3661 lacrymis
1275 3597 1570 3645 suorum
1598 3580 2107 3660 discipulorum
2137 3580 2462 3659 recessit,
2499 3580 2624 3643 sed
2655 3580 2868 3643 etiam
2899 3592 3191 3644 senatus

719 3688 1041 3751 molestia
1071 3684 1117 3765 ⁴;
1152 3687 1265 3751 cui
1290 3696 1529 3751 tamen
1552 3687 1781 3751 nostri
1812 3704 2302 3751 successorem
2335 3686 2526 3765 Mag.
2563 3685 2955 3751 Antonium
2979 3686 3194 3767 Vipe-

800 3893 816 3924 ¹
874 3892 1105 3943 “Quanto
1140 3891 1245 3935 alla
1269 3890 1515 3934 richiesta
1550 3890 1690 3933 della
1712 3888 2104 3933 confraternita
2138 3889 2189 3932 cli
2225 3897 2446 3934 mettere
2497 3891 2530 3933 li
2583 3890 2768 3934 mastri
2799 3890 2848 3934 di
2876 3891 3023 3935 fuera
3057 3892 3196 3935 della.

712 3962 1040 4018 eompagnia
1062 3962 1110 4005 in
1132 3962 1250 4015 quel
1280 3962 1433 4015 luogo
1454 3967 1647 4013 nostro,
1670 3962 1839 4015 parlai
1870 3961 1924 4004 al
1946 3958 2224 4003 Cardinale
2240 3993 2251 4014 ,
2275 3961 2310 4004 ll
2331 3962 2452 4016 qual
2475 3972 2574 4004 non
2597 3963 2746 4005 vuole
2770 3962 2819 4004 in
2843 3962 2992 4005 modo
3011 3964 3196 4007 alcuno

716 4035 763 4080 sl
782 4032 953 4079 faccia.
972 4034 1047 4078 tal
1068 4034 1304 4083 mistura.
1325 4040 1379 4076 et
1398 4035 1425 4076 e
1446 4039 1595 4075 certo
1614 4031 1711 4075 che
1732 4032 1784 4074 la
1806 4030 2127 4085 Compagnla
2147 4038 2330 4075 nostra
2351 4032 2437 4086 plu
2457 4040 2636 4087 presto
2655 4033 2690 4076 li
2711 4032 3036 4077 laselarebbe
3059 4038 3196 4078 tutto

718 4107 770 4150 in
800 4106 955 4160 luogo
976 4106 1071 4149 che
1093 4114 1241 4160 parte
1264 4103 1315 4148 di
1335 4104 1505 4159 quello
1525 4114 1619 4159 per
1645 4102 1791 4147 molti
1821 4102 2028 4156 rispetti
2052 4103 2458 4157 raggionevoli.„
2481 4103 2738 4147 Polancus
2755 4134 2768 4159 ,
2789 4115 2858 4147 ex
2877 4116 3030 4157 com„
3053 4104 3197 4149 Patri

720 4176 995 4221 Everardo
1016 4174 1362 4227 Mercurstmo,
1386 4174 1437 4218 17
1456 4172 1731 4218 Februarii
1756 4172 1876 4217 1554.

800 4252 824 4283 ¹
882 4250 1014 4295 Vide
1048 4250 1279 4302 litteras,
1311 4248 1495 4302 qulbus
1526 4248 1625 4291 hoc
1664 4247 2047 4302 praescriptum
2083 4255 2189 4303 ent,
2224 4248 2278 4294 in
2313 4248 2507 4293 Canas
2536 4250 2602 4293 de
2638 4248 2749 4292 San
2785 4248 3024 4303 Ignacto,
3057 4258 3092 4293 t.
3123 4261 3195 4304 ιν,

722 4335 842 4378 pag.
862 4323 939 4367 ⁴41
962 4328 1015 4366 et
1042 4320 1297 4365 89.-Cum
1328 4319 1391 4363 iis
1426 4320 1613 4363 missae
1647 4328 1767 4363 sunt
1800 4319 2034 4369 allae.in
2070 4320 2254 4371 quibus
2286 4322 2417 4366 haec
2451 4322 2518 4366 ad
2549 4334 2658 4366 rem
2695 4321 2963 4366 Polaticus:
2987 4321 3198 4373 “Quella

722 4397 915 4439 lettera
938 4394 987 4437 di
1022 4392 1211 4437 Nostro
1235 4391 1402 4435 Padre
1430 4401 1523 4445 per
1556 4391 1591 4434 li
1617 4390 1836 4445 Collegli
1859 4403 1986 4446 pare
2020 4393 2099 4437 sla
2120 4394 2248 4436 bene
2282 4394 2598 4449 publicaria.
2619 4394 2762 4437 accio
2791 4404 2890 4435 non
2921 4400 3128 4437 temano
3163 4393 3200 4436 li

720 4466 951 4510 huomini
974 4466 1023 4509 di
1054 4464 1275 4507 mandat
1294 4463 1404 4507 alla
1424 4464 1606 4507 scuola
1625 4463 1737 4507 suoi
1759 4462 2020 4518 figliuoli.„

804 4537 827 4568 ὃ
883 4535 1149 4580 Gllbertus
1172 4534 1445 4579 Pollzinns.
1468 4532 1603 4577 Vide
1624 4544 1784 4587 supra
1802 4565 1812 4583 ‚
1832 4541 1871 4577 t.
1893 4546 1968 4587 111,
1991 4546 2111 4590 pag.
2131 4536 2186 4579 56
2203 4545 2257 4581 et
2279 4536 2374 4580 199.

804 4610 829 4641 ⁴
885 4608 959 4651 En
978 4608 1293 4651 mutationes
1322 4607 1419 4650 hoc
1452 4611 1697 4649 autumno
1722 4604 1920 4651 Perusii
1953 4606 2004 4650 in
2025 4608 2257 4663 collegio
2280 4608 2472 4653 factas:
2504 4608 2727 4671 “Questa
2755 4610 2881 4651 sara
2901 4619 2994 4662 per
3019 4608 3100 4651 far
3122 4608 3197 4651 in·

718 4682 940 4725 tendere
960 4690 993 4723 a
1012 4678 1074 4723 V.
1092 4678 1145 4722 R.
1170 4680 1218 4721 le
1238 4678 1513 4722 mutationi
1534 4677 1628 4721 che
1652 4678 1699 4720 in
1723 4676 1946 4733 pen-ugia
1968 4686 2148 4733 questo
2171 4680 2460 4723 settembre
2477 4680 2520 4723 sl
2543 4680 2778 4734 faranno,
2801 4680 2941 4733 quau
2963 4682 3196 4733 risguar·
