3742 5392
670 468 775 526 132
1588 469 1841 528 Canon.
1887 470 2039 529 soe.
2082 470 2218 543 Jes,

784 613 923 677 264.
1012 612 1157 677 Sub
1186 614 1397 679 finem
1425 615 1593 697 Julii
1622 617 1865 681 navim
1895 615 1971 679 P.
2003 616 2250 682 Simon
2279 634 2440 681 cum
2473 619 2672 681 socio
2695 621 3136 695 conscendit,

664 722 873 785 simul
896 738 1059 784 cum
1086 719 1502 785 Guardiano
1530 722 2218 804 Hierosolymorum,
2251 733 2321 787 et
2351 725 2554 803 duce,
2602 725 2722 805 qui
2754 744 2796 787 a
2827 726 3146 789 dominio

671 827 942 892 Veneto
971 825 1315 892 Candiam
1344 831 1460 892 vel
1490 829 1777 893 Cretam
1812 831 2253 909 mittebatur,
2300 840 2370 895 et
2409 832 2568 895 aliis
2613 832 2851 896 multis
2895 834 3136 897 nobili-

663 936 795 998 bus
824 935 1136 1015 venetiS,
1168 936 1288 1017 qui
1318 952 1486 999 suas
1515 938 1731 1000 etiam
1768 954 2032 1002 uxores
2067 946 2138 1001 et
2175 939 2434 1002 liberos
2473 956 2716 1005 secum
2753 940 3140 1005 ducebant.

663 1040 841 1105 Cum
871 1058 1045 1121 ergo
1076 1041 1324 1107 eadem
1354 1053 1561 1107 nocte
1595 1044 1804 1109 navis
1837 1045 1974 1108 iter
2002 1056 2188 1109 esset
2217 1062 2686 1126 aggressura,
2721 1048 2934 1126 paulo
2977 1060 3138 1128 post

660 1148 1027 1212 meridiem
1076 1167 1119 1211 a
1171 1147 1563 1230 Republica
1611 1151 1765 1231 ipsa
1815 1152 2118 1215 nuncius
2162 1152 2254 1215 ad
2296 1153 2504 1216 navis
2545 1153 2731 1216 illius
2777 1153 3139 1217 dominum

661 1255 919 1319 missus
950 1266 1055 1319 est
1086 1265 1164 1319 ut
1200 1257 1647 1337 subsisteret,
1698 1276 1783 1321 eo
1827 1259 2017 1340 quod
2056 1259 2519 1323 intellexisset
2562 1263 2864 1325 classem
2907 1271 3141 1326 turca-

658 1380 816 1426 rum
866 1361 1312 1428 Adriaticum
1361 1381 1593 1443 mare,
1649 1374 1903 1429 contra
1949 1375 2196 1445 pacta,
2251 1384 2434 1448 quae
2482 1367 2582 1430 illi
2631 1384 2792 1431 cum
2840 1368 3138 1432 Venetis

657 1470 993 1549 inierant,
1046 1471 1445 1550 ingressam
1496 1488 1686 1550 esse;
1733 1490 1916 1553 quae
1963 1490 2080 1537 res
2129 1490 2566 1554 magnopere
2612 1473 2928 1537 Venetos
2982 1493 3138 1556 per-

656 1577 993 1653 turbavit,
1028 1578 1179 1641 sine
1208 1595 1511 1660 quorum
1540 1596 1897 1644 consensu
1928 1589 2173 1644 turcae
2197 1597 2342 1643 non
2365 1590 2694 1661 poterant
2713 1598 2914 1646 mare
2936 1581 3136 1660 illud,

656 1683 843 1764 quod
872 1686 1123 1747 canale
1156 1688 1266 1747 vel
1298 1701 1497 1748 mare
1528 1683 1882 1749 Venetum
1904 1696 2194 1765 vocant,
2227 1686 2447 1751 adire.
2485 1686 2774 1751 Nobiles
2805 1704 2980 1767 ergo
3016 1706 3134 1750 ve-

656 1792 821 1871 neti,
854 1800 923 1855 et
954 1792 1351 1873 Episcopus
1380 1794 1452 1856 in
1476 1793 1823 1858 Candiam
1846 1795 2002 1858 sive
2025 1794 2309 1858 Cretam
2341 1795 2622 1873 missuS,
2653 1794 2998 1858 Venetias
3027 1813 3130 1858 re·

655 1897 956 1977 dierunt,
992 1900 1245 1979 quibus
1276 1918 1353 1962 se
1383 1901 1461 1962 P.
1495 1899 1743 1965 Simon
1772 1901 2122 1981 adjunxit.

772 2004 915 2068 265.
1003 2003 1361 2071 Perlatum
1392 2007 1645 2072 deinde
1674 2008 1805 2071 fuit
1834 2010 1927 2072 ad
1955 2009 2275 2073 Venetos
2304 2008 2494 2090 quod
2522 2010 2826 2073 navibus
2857 2012 3133 2073 venetis

654 2123 723 2175 et
750 2115 1077 2193 raguseis
1106 2125 1352 2179 turcae
1383 2133 1525 2179 non
1554 2127 1913 2195 nocerent,
1947 2117 2075 2180 sed
2097 2134 2223 2179 eas
2245 2126 2522 2181 tantum
2545 2116 3132 2197 ingrediebantur

654 2229 729 2283 ut
758 2220 1082 2285 viderent
1112 2239 1279 2285 num
1310 2224 1425 2285 vel
1455 2239 1759 2302 persona
1790 2225 1906 2287 vel
1936 2240 2052 2286 res
2081 2224 2319 2305 aliqua
2351 2233 2562 2303 esset,
2590 2241 2773 2304 quae
2797 2222 2888 2287 ad
2913 2226 3130 2289 aliam

654 2328 1015 2391 nationem
1045 2329 1455 2409 pertineret,
1490 2346 1673 2409 quae
1703 2348 1865 2394 cum
1896 2331 2116 2394 turcis
2156 2348 2410 2411 pacem
2451 2348 2590 2395 non
2633 2331 2961 2408 haberet3
2995 2349 3127 2395 nec

653 2434 841 2499 enim
872 2434 1168 2499 Venetis
1197 2435 1347 2499 fieri
1374 2434 1705 2516 injuriam
1734 2438 2072 2501 dicebant
2100 2448 2354 2501 contra
2395 2446 2606 2518 pacta
2631 2483 2646 2514 ,
2691 2438 2748 2501 si
2785 2456 3132 2518 personas

654 2550 723 2605 et
750 2558 867 2605 res
902 2552 1235 2605 externas
1272 2542 1309 2603 ¹.
1345 2542 1705 2608 Suadebat
1732 2553 1970 2608 autem
2000 2544 2116 2608 ille
2142 2544 2286 2607 dux
2318 2545 2392 2607 in
2430 2543 2718 2608 Cretam
2763 2545 3020 2608 missus
3059 2556 3131 2607 et

653 2649 771 2711 alii
800 2649 1070 2713 nobiles
1104 2651 1337 2714 veneti
1366 2669 1455 2715 ne
1484 2652 1626 2714 ullo
1655 2650 1890 2729 mod0,
1923 2651 2046 2734 qui
2077 2651 2363 2716 natione
2387 2651 2673 2731 hispani
2713 2660 2970 2729 essent,
3005 2654 3122 2714 hu-

644 2754 759 2834 jus
788 2756 1270 2835 navigationis
1298 2756 1687 2821 discrimini
1715 2774 1792 2821 se
1818 2758 2360 2837 committerent3
2388 2767 2459 2821 et
2481 2775 2644 2821 cum
2670 2757 2961 2821 adiisset
2985 2758 3126 2821 Vc-

650 2863 880 2925 netias
901 2861 979 2926 P.
1006 2861 1271 2942 Simon,
1298 2864 1613 2944 Legatus
1636 2863 1857 2945 Regis
1880 2864 2388 2946 Hispaniarum
2417 2868 2441 2901 ²
2469 2865 2758 2927 omnino
2789 2864 3122 2928 dissuasit

650 2970 715 3031 ei
771 2969 1321 3049 profectionem,
1384 2970 1519 3035 nisi
1576 2972 1649 3035 in
1708 2982 2002 3035 catenas
2065 2970 2449 3035 infidelium
2509 2971 2820 3035 incidere
2889 2971 3118 3034 vellet.

648 3076 896 3140 Adivit
934 3086 1004 3139 et
1044 3077 1439 3157 principem
1480 3094 1603 3141 seu
1646 3078 1900 3141 ducem
1938 3078 2378 3141 Venetorum
2421 3076 2481 3153 ³,
2515 3078 2635 3159 qui
2681 3078 2859 3141 dixit
2899 3095 3130 3140 naves

648 3191 943 3245 venetas
993 3182 1157 3247 huic
1206 3184 1420 3248 classi
1469 3193 1833 3249 turcarum
1887 3185 2290 3248 occurrisse
2313 3232 2328 3263 ,
2395 3184 2522 3248 sed
2579 3186 2849 3248 nullum
2907 3202 3122 3247 nocu-

647 3298 960 3353 mentum
990 3290 1094 3353 eis
1131 3291 1403 3355 illatum
1440 3290 1690 3369 fuisse3
1734 3302 1803 3355 et
1842 3292 1942 3355 ita
1980 3308 2112 3353 nec
2157 3292 2698 3371 peregrinorum
2735 3292 2906 3353 navi
2949 3291 3116 3354 infe-

643 3396 943 3461 rendum
972 3414 1115 3460 ese.
1148 3396 1469 3461 Subdidit
1496 3397 1574 3462 Ρ.
1621 3395 1863 3462 Simon
1892 3397 2080 3479 quod
2109 3398 2390 3477 hispani
2431 3406 2636 3460 erant
2667 3396 2724 3476 ⁴,
2771 3409 2840 3460 et
2881 3409 3112 3476 postu-

642 3503 820 3567 lavit
874 3522 967 3567 an
1018 3505 1249 3567 securi
1288 3504 1637 3583 navigare
1679 3513 1994 3585 possent:
2039 3504 2404 3584 respondit
2447 3502 2616 3567 Dux
2658 3505 3116 3568 securitatem

643 3628 803 3673 cum
834 3609 1226 3703 infidelibus
1255 3611 1501 3674 haberi
1530 3628 1672 3675 non
1702 3628 1945 3692 posse,
1977 3611 2099 3692 qui
2127 3611 2302 3691 ipsis
2332 3611 2548 3674 etiam
2587 3612 2862 3674 venetis
2904 3612 3112 3674 inter·

642 3717 810 3781 dum
839 3726 1197 3781 nocerent.

760 3826 901 3887 266.
990 3824 1165 3889 Cum
1196 3842 1372 3903 ergo
1400 3826 1713 3887 audisset
1752 3825 1828 3887 P.
1875 3823 2118 3887 Simon
2162 3825 2349 3905 quod
2393 3841 2553 3887 eum
2593 3841 2924 3887 securum
2969 3841 3112 3886 non

636 3932 977 3995 reddebat
1006 3931 1172 3994 Dux
1194 3981 1209 4007 ,
1246 3933 1475 4011 coepit
1507 3932 1822 3994 animum
1852 3930 2292 4010 despondere
2323 3930 2510 4011 quod
2551 3930 2642 3993 ad
2687 3930 2871 3993 hanc
2915 3948 3110 4010 pere-

634 4040 1111 4125 grinationem
1141 4039 1423 4115 attinet,
1457 4049 1527 4100 et
1554 4039 1754 4101 auxit
1784 4036 1936 4117 ejus
1969 4038 2292 4100 timorem
2323 4037 2512 4117 quod
2551 4037 2944 4111 ferebatur,
2989 4056 3110 4100 na-

634 4147 905 4227 vigium
937 4146 1291 4227 quoddam
1322 4162 1793 4223 raguseorum
1823 4146 1896 4208 in
1940 4144 2380 4225 praefectum
2423 4145 2674 4207 classis
2715 4156 3148 4221 turcarum,·

634 4254 753 4334 qui
786 4252 1109 4331 Dra‘chut
1138 4250 1161 4283 ³
1190 4253 1588 4329 dicebatur,
1623 4252 1992 4329 incidisse,
2037 4250 2151 4314 cui
2189 4251 2594 4331 praefectus
2635 4251 2786 4332 ipse
2827 4250 3116 4314 dixerat

686 4426 703 4457 ¹
766 4422 1109 4467 Desideratur
1129 4424 1212 4467 hic
1236 4423 1440 4478 aliquod
1464 4424 1695 4477 verbnm,
1718 4427 1847 4476 puta
1862 4423 2266 4476 perquirerent,
2283 4429 2376 4467 aut
2398 4422 2535 4465 aliud
2558 4422 2748 4465 simile.

684 4494 708 4523 ²
764 4494 1077 4539 Franciscus
1092 4494 1321 4550 vargas.
1337 4494 1471 4539 Vide
1487 4493 1789 4538 Mnuaocam
1806 4492 2082 4537 Historiae
2107 4492 2355 4545 Venetae,
2369 4494 2458 4539 lib.
2477 4504 2568 4545 vn,
2586 4505 2634 4538 a.
2654 4494 2774 4548 1554,
2791 4502 2912 4548 pag.
2933 4492 3028 4545 275,
3044 4490 3110 4537 E.

690 4566 713 4595 ’ἲ
768 4565 997 4611 Marcum
1018 4568 1302 4631 Antonium
1325 4566 1618 4612 Trivisano.
1641 4566 1716 4610 Id.
1740 4566 1862 4610 ibid.

688 4642 710 4671 ⁴
768 4639 896 4695 lpse,
916 4640 1117 4685 scilicet
1140 4638 1194 4685 Ρ.
1216 4638 1391 4683 Simon
1411 4638 1719 4690 Rodrioeuez,
1742 4638 1954 4692 ejusque
1975 4638 2164 4691 socius,
2187 4636 2541 4683 Sebastianus.

682 4712 706 4743 ⁵
738 4702 915 4755 ''A'llas
936 4711 1280 4756 communiter
1300 4710 1533 4763 Dragut.
