3742 5392
753 478 870 537 3⁴8
1675 476 1929 539 Canon.
1972 478 2125 538 Soc.
2166 480 2306 553 Jsss.

755 625 1053 688 consilia
1095 626 1376 689 illorum
1415 626 1776 689 hominum
1817 626 2403 706 interturbarent3
2448 644 2580 689 nec
2628 626 2699 689 id
2739 643 3073 691 successu
3106 644 3220 691 ca-

755 732 919 810 ruit,
953 750 1119 796 nam
1149 732 1252 795 eis
1280 734 1620 814 populum
1649 734 1739 796 ad
1771 732 1909 797 Dei
1942 735 2234 797 verbum
2274 734 2720 812 vocantibuS,
2754 734 3021 798 relictis
3051 734 3217 797 ludi-

751 839 922 918 criS,
958 840 1048 903 ad
1077 840 1267 904 seria
1295 840 1647 903 audienda
1687 856 1934 903 omnes
1972 858 2395 919 convenere,
2430 858 2561 903 nec
2600 842 2699 903 illi
2741 850 2952 904 antea
2992 858 3218 904 cessa-

753 956 943 1026 runt,
992 964 1204 1027 quam
1251 964 1497 1011 omnes
1535 947 1864 1011 ludorum
1906 957 2297 1028 apparatus
2338 947 2785 1027 disparuere;
2830 965 2963 1011 nec
3000 950 3219 1011 multo

753 1064 918 1133 post
950 1071 1113 1117 cum
1141 1053 1532 1118 funambuli
1562 1056 1974 1135 spectacula
2003 1054 2076 1117 in
2108 1052 2264 1118 soro
2294 1064 2549 1134 parata
2588 1063 2847 1132 essent,
2889 1055 3219 1135 populus-

753 1178 892 1239 que
923 1178 1008 1222 ac
1040 1161 1502 1241 magistratus
1541 1170 1941 1241 spectatum
1981 1161 2476 1240 accessissent,
2518 1160 2709 1223 misit
2744 1160 2932 1223 idem
2966 1160 3043 1223 P.
3092 1160 3217 1224 Ba·

647 1290 656 1301 ·
751 1268 970 1346 ptista
999 1284 1168 1331 suos
1203 1268 1465 1346 socios,
1509 1269 1629 1349 qui
1667 1285 1796 1331 suo
1837 1268 2122 1331 nomine
2170 1268 2633 1346 magistratus
2672 1277 2961 1331 orarent
3000 1276 3076 1331 ut
3119 1266 3217 1330 fu—

748 1373 1164 1437 nambulum
1193 1374 1389 1438 abire
1411 1374 1758 1455 juberent,
1795 1392 1927 1439 nec
1956 1384 2369 1455 paterentur
2398 1374 2471 1437 id
2491 1392 2721 1454 genus
2743 1374 3069 1439 ludorum
3100 1392 3217 1455 po·

747 1482 916 1560 pulo
945 1481 1248 1557 obtrudi,
1294 1464 1368 1545 in
1407 1498 1545 1562 quo
1589 1499 1732 1545 non
1770 1482 2151 1545 obscurum
2183 1481 2555 1546 videbatur
2584 1482 2853 1544 instare
2885 1492 3035 1545 tum
3068 1482 3213 1544 ani-

749 1604 934 1666 mae,
970 1597 1118 1679 tum
1147 1588 1468 1669 corporis
1497 1589 1913 1669 periculum.
1967 1587 2563 1668 obtemperarunt
2600 1588 2721 1663 illi,
2768 1597 2835 1651 et
2874 1596 3105 1651 totum
3148 1589 3217 1651 il-

751 1697 898 1757 lum
947 1695 1296 1758 ludicrum
1340 1705 1764 1776 apparatum
1813 1695 2319 1772 dissolventes,
2376 1696 2712 1775 populum
2766 1694 3099 1758 dimisere
3152 1703 3223 1758 et

750 1802 1245 1866 funambulum
1273 1801 1534 1883 oppido
1567 1803 1909 1868 excedere
1933 1802 2317 1883 jusserunt.

875 1909 1016 1972 743.
1104 1909 1284 1974 Cum
1313 1919 1551 1975 autem
1574 1910 1961 1973 conciones
1990 1910 2582 1991 quadragesimae
2613 1909 3043 1989 inchoasset,
3075 1927 3219 1973 non

753 2017 988 2079 solum
1026 2033 1118 2079 ex
1162 2018 1423 2097 populo
1467 2017 1586 2079 illo
1625 2016 2179 2096 frequentissimi
2218 2016 2615 2095 auditoreS,
2660 2016 2785 2079 sed
2826 2034 2917 2079 ex
2960 2016 3219 2081 vicinis

749 2123 971 2185 etiam
1002 2123 1280 2203 oppidis
1311 2122 1631 2202 aderant,
1670 2133 1738 2187 et
1770 2123 1960 2204 quod
1998 2123 2371 2187 multitudo
2407 2123 2870 2186 attentionem
2910 2140 3051 2185 non
3096 2124 3219 2186 mi·

753 2238 1027 2308 nueret,
1060 2248 1150 2292 ex
1179 2249 1262 2293 eo
1293 2242 1730 2311 compertum
1760 2240 1890 2309 est,
1936 2231 2125 2311 quod
2154 2230 2661 2310 pomeridianis
2705 2230 2899 2293 horis
2928 2230 3119 2309 (nam
3147 2230 3221 2293 id

749 2347 1035 2417 tempus
1063 2335 1532 2401 familiaribus
1562 2338 1931 2418 colloquiis
1960 2338 2411 2417 designatum
2435 2356 2477 2399 a
2499 2335 2575 2399 P.
2606 2336 2927 2417 Baptista
2954 2337 3215 2415 fuerat,

751 2452 831 2505 ut
861 2443 1258 2522 spiritualia
1281 2446 1571 2525 negotia
1601 2461 1764 2508 cum
1791 2462 1877 2508 eo
1909 2454 2219 2508 tractare
2257 2443 2595 2524 possent),
2631 2461 2793 2506 cum
2815 2454 3220 2524 reposceret

757 2548 832 2611 P.
867 2550 1186 2631 Baptista
1219 2568 1486 2631 eorum,
1513 2569 1697 2631 quae
1722 2552 2189 2615 concionatus
2212 2568 2421 2614 mane
2444 2550 2699 2629 fuerat,
2730 2548 3127 2632 [rationem]
3154 2560 3222 2614 et

747 2656 853 2719 illi
883 2656 1282 2737 redderent,
1315 2659 1487 2721 nihil
1510 2657 1732 2722 ferme
1761 2675 1854 2722 ex
1882 2659 2229 2721 concione
2260 2642 2557 2737 periisse
2584 2657 3103 2721 inveniebatur.

873 2764 1013 2827 744.
1102 2764 1428 2844 Longum
1469 2776 1656 2829 esset
1695 2767 1977 2844 singula
2020 2763 2380 2845 persequi,
2416 2780 2600 2845 quae
2630 2764 2721 2827 ad
2750 2764 2885 2827 Dei
2915 2764 3216 2843 gloriam

747 2890 842 2933 ex
893 2872 1321 2935 concionum
1371 2872 1762 2935 ministerio
1811 2890 1899 2935 ea
1948 2872 2498 2953 quadragesima
2546 2880 2711 2934 sunt
2756 2881 3215 2952 consequuta;

752 2978 922 3041 illud
953 2988 1192 3042 tamen
1215 2979 1578 3059 sigillatim
1601 2978 1931 3057 referam,
1963 2977 2149 3059 quod
2174 2980 2431 3058 populo
2453 2977 2877 3041 fonteniensi
2899 2980 3217 3058 gratissi-

752 3102 944 3148 mum
974 3086 1256 3165 accidit,
1292 3104 1452 3149 cum
1482 3085 1570 3148 de
1611 3086 1986 3149 dilectione
2016 3084 2465 3148 inimicorum
2493 3084 2805 3164 quadam
2837 3085 2910 3148 in
2940 3085 3215 3149 concio·

750 3209 841 3268 ne
872 3192 1156 3271 egisset,
1190 3202 1259 3255 et
1290 3189 1612 3273 plu‘rimis
1643 3202 1717 3255 ut
1757 3193 1829 3255 in
1856 3192 2169 3271 gratiam
2198 3208 2362 3255 cum
2390 3190 2695 3255 inimicis
2724 3191 3036 3255 redirent
3068 3210 3217 3273 per-

747 3299 1118 3379 suasisset;
1153 3300 1400 3363 aderat
1428 3308 1599 3362 tunc
1647 3298 1828 3362 forte
1869 3299 2179 3379 quidam,
2219 3298 2338 3377 qui
2380 3316 2470 3361 ex
2511 3299 2743 3377 patria
2774 3316 2904 3361 sua
2946 3298 3213 3362 Valen—

753 3406 924 3469 tiam
953 3422 1262 3487 pergens
1291 3405 1383 3468 ad
1406 3404 1679 3486 Judices
1710 3416 1961 3468 contra
1990 3404 2369 3485 quemdam
2402 3404 2790 3483 inimicum,
2824 3422 3034 3485 quem
3066 3422 3213 3484 pes·

751 3514 928 3575 sime
949 3513 1220 3591 oderat,
1247 3513 1672 3591 incitandOS,
1705 3510 2123 3593 [ingressus]
2164 3512 2543 3575 ecclesiam
2564 3511 2801 3592 oppidi
2824 3512 3215 3575 Fontenen-

749 3620 852 3681 sis
869 3620 1058 3697 (nam
1075 3638 1200 3700 per
1220 3620 1392 3683 illud
1409 3629 1606 3683 recta
1626 3620 1765 3683 itur
1783 3620 2213 3697 Valentiam)
2232 3618 2507 3681 audivit
2524 3618 2809 3681 Patrem
2821 3618 2909 3681 de
2926 3618 3213 3699 diligen·

749 3726 862 3789 dis
888 3726 1192 3791 inimicis
1221 3727 1716 3805 disserentem,
1761 3740 1830 3792 et
1873 3728 1971 3790 ita
2013 3736 2245 3790 tactus
2285 3734 2481 3789 motu
2518 3725 2755 3789 cordis
2792 3726 3216 3789 intrinsecus

752 3850 896 3897 non
917 3832 1387 3898 dissimulavit
1412 3836 1807 3915 veritatem,
1841 3847 1911 3898 et
1934 3834 2167 3899 fassus
2191 3842 2298 3897 est
2327 3850 2467 3914 quo
2491 3834 2729 3896 animo
2751 3834 2985 3913 patria
3010 3834 3213 3897 exiis·

750 3949 882 4019 set,
911 3942 1034 4004 sed
1064 3946 1231 4005 tu'nc
1263 3958 1340 4004 se
1369 3942 1803 4011 intellexisse
1833 3940 2002 4022 quid
2028 3940 2385 4020 agendum
2415 3939 2550 4002 sibi
2572 3947 2783 4017 esset;
2816 3949 2884 4003 et
2913 3940 3037 4018 ita,
3064 3958 3212 4004 sen·

751 4049 970 4110 tentia
989 4046 1110 4129 [in]
1137 4050 1387 4113 melius
1411 4059 1706 4123 mutata,
1732 4050 1805 4112 in
1829 4026 2137 4129 patriam
2158 4046 2388 4126 rediit,
2410 4055 2481 4109 et
2498 4062 2659 4109 cum
2676 4046 2986 4126 inimico,
3007 4065 3215 4128 quem

749 4154 982 4217 fuerat
1015 4166 1506 4234 accusaturuS,
1533 4156 1603 4219 in
1640 4157 1951 4236 gratiam
1976 4153 2256 4217 redivit.
2284 4152 2401 4217 Sic
2424 4152 2841 4217 adolescens
2865 4154 3069 4234 aliuS,
3098 4155 3217 4235 qui

748 4262 966 4341 impia
995 4266 1391 4327 temeritate
1421 4264 1800 4343 quemdam
1828 4263 2275 4327 sacerdotem
2314 4260 2449 4323 sibi
2478 4259 2831 4324 infensum
2862 4261 2953 4323 ad
2980 4254 3213 4342 singu·

753 4371 900 4431 lare
945 4381 1304 4434 certamen
1349 4382 1900 4451 provocaverat,
1942 4386 2105 4433 cum
2160 4385 2321 4431 eum
2364 4366 2439 4430 P.
2472 4366 2797 4447 Baptista
2828 4378 3018 4433 esset
3050 4370 3217 4433 allo-

747 4486 1042 4557 quutus,
1083 4495 1227 4541 non
1268 4480 1496 4541 solum
1546 4478 1636 4542 ad
1679 4478 2333 4542 reconciliationem
2374 4492 2534 4537 eum
2571 4474 2935 4554 perduxit,
2976 4476 3102 4539 sed
3138 4488 3217 4539 ut

748 4584 842 4646 ad
881 4583 1272 4647 sacerdotis
1311 4602 1544 4665 genua
1580 4587 2019 4666 provolutus,
2046 4583 2471 4663 veniamque
2509 4582 2619 4644 sui
2659 4582 2923 4644 erroris
2944 4591 3213 4662 petens,

747 4708 923 4753 suae
953 4692 1427 4772 poenitentiae
1456 4693 1664 4757 fidem
1703 4693 1993 4756 faceret.
