3742 5392
1652 462 1782 519 AN.
1829 458 1971 517 1554
2944 458 3049 514 471

701 602 876 667 1003.
964 603 1320 669 Didicisse
1386 622 1462 669 se
1527 605 1793 670 fatetur
1871 606 1947 669 in
2010 606 2131 668 illo
2212 602 2659 667 Cordubensi
2728 594 3051 681 Collegio

577 708 653 773 Ρ.
686 710 948 775 Torres
978 712 1134 792 ipsa
1164 712 1604 792 experientia
1634 713 1826 795 quod
1855 713 1931 775 in
1960 712 2323 791 CollegiiS,
2356 710 2431 773 in
2462 710 2715 791 quibus
2746 711 3054 773 lectores

577 817 922 882 ordinarii
951 828 1136 899 sunt,
1170 836 1329 883 esse
1359 820 1638 900 aliquos
1669 820 1848 883 alios
1888 826 2198 900 oportet,
2242 818 2383 899 qui·
2404 834 2653 882 eorum
2690 818 2885 896 loce,
2934 816 3055 896 qui

575 942 721 987 non
747 926 928 988 bene
956 924 1240 1003 habent,
1274 926 1604 990 substitui
1632 927 1911 1007 possint
1942 928 1983 1003 ¹3
2020 927 2211 1007 quod
2241 925 2429 990 idem
2458 935 2648 989 esset
2678 924 3056 989 Cordubae

575 1048 710 1095 nec
740 1032 1103 1096 sublevari
1128 1040 1423 1112 possent
1451 1033 1742 1114 quidam
1763 1082 1778 1113 ,
1811 1034 1934 1113 qui
1976 1030 2365 1114 [quoniam]
2409 1032 2622 1096 debili
2660 1040 2866 1096 erant
2904 1048 3054 1094 cor·

577 1138 772 1219 poris
803 1138 1240 1220 habitudine,
1271 1139 1472 1221 pejus
1493 1140 1919 1221 habuerunt;
1952 1150 2023 1205 et
2043 1140 2333 1205 tandem
2360 1139 2571 1203 lectio
2598 1138 2962 1203 rh‘etorica
2985 1147 3055 1201 et

577 1261 843 1325 graeca
873 1255 944 1310 et
974 1263 1272 1311 casuum
1307 1248 1790 1312 conscientiae
1833 1256 2210 1313 cessarunt
2250 1248 2341 1311 ad
2381 1256 2693 1327 tempus:
2727 1246 3055 1329 quamvis

577 1353 714 1417 hoc
751 1370 942 1417 anno
981 1353 1462 1419 Cordubensis
1501 1354 1763 1419 civitas
1808 1355 2317 1419 detrimentum
2358 1373 2451 1419 ex
2488 1354 2575 1418 e'o
2622 1372 2765 1418 non
2804 1355 3051 1433 sensit,

577 1459 770 1542 quod
811 1469 1053 1524 aestus
1093 1476 1362 1541 graves
1401 1462 1857 1526 vacationem
1908 1479 1953 1525 a
2003 1462 2254 1527 studiis
2305 1462 2774 1542 postularent;
2832 1471 2902 1524 et
2954 1461 3056 1524 ita

577 1565 803 1631 DnuS.
861 1566 1177 1649 Joannes
1234 1567 1324 1632 de
1376 1567 1712 1633 Corduba
1760 1580 1830 1632 et
1882 1568 2003 1632 alii
2050 1578 2341 1633 nostros
2394 1568 2749 1647 urgebant
2809 1578 2885 1631 ut
2940 1567 3055 1630 vel

581 1674 868 1738 omnino
894 1672 986 1755 [a]
1011 1675 1434 1739 lectionibus
1457 1686 1826 1739 cessarent
1844 1726 1858 1755 ,
1888 1678 2007 1739 vel
2026 1675 2305 1740 duabus
2329 1684 2608 1739 tantum
2630 1674 2825 1738 horis
2846 1691 3055 1737 mane

579 1782 1098 1861 praelegerent;
1123 1791 1194 1845 et
1215 1782 1432 1845 etiam
1453 1782 1528 1846 in
1553 1783 1904 1847 classibus
1928 1782 2386 1847 inferioribus
2408 1800 2451 1845 a
2474 1780 2825 1863 principio
2848 1779 3058 1846 Octo-

581 1888 727 1952 bris
751 1906 977 1969 usque
1006 1880 1100 1953 ad
1127 1887 1390 1952 festum
1414 1888 1536 1953 S.ti
1569 1888 1810 1953 Lucae
1837 1890 2167 1954 omnibus
2188 1906 2457 1955 vacare
2479 1878 2902 1953 concessum
2922 1898 3054 1968 est,

581 2004 660 2059 ut
685 1996 916 2059 nostri
941 1996 1230 2061 interim
1254 1996 1700 2077 respirarent
1730 1996 1822 2060 ad
1852 2013 2083 2062 novos
2112 1998 2395 2062 labores
2429 1997 2931 2061 in·studiorum
2954 2013 3054 2059 re-

579 2103 966 2166 novatione
995 2102 1400 2167 subeundos
1430 2102 1478 2163 ¹.

707 2208 883 2273 1004.
971 2210 1061 2274 Et
1081 2210 1230 2291 jam
1259 2221 1428 2274 tunc
1457 2212 1678 2276 etiam
1701 2209 1781 2274 P.
1805 2211 2239 2277 Franciscus
2263 2228 2424 2277 cum
2447 2212 2697 2293 paucis
2736 2211 3061 2291 collegiis

580 2319 889 2381 lectores
917 2318 1328 2397 prospicere
1359 2318 1668 2397 deberet,
1701 2328 1942 2383 tamen
1966 2318 2455 2384 difficultatem
2477 2319 2845 2401 ejusmodi,
2874 2318 3061 2399 quod

581 2425 676 2487 ad
703 2426 1012 2488 lectores
1042 2425 1296 2489 attinet
1323 2426 1879 2505 grammaticae,
1926 2426 2467 2509 experiebatur,
2516 2436 2595 2491 ut
2633 2427 2720 2491 de
2748 2425 3061 2490 externis

581 2531 970 2596 lectoribus
1019 2531 1444 2614 quibusdam
1483 2532 1850 2597 mittendis
1893 2533 2303 2599 Cordubam
2346 2536 2719 2615 cogitaret;
2756 2534 2882 2599 sed
2923 2533 3061 2596 hoc

581 2639 812 2719 ipsum
843 2638 917 2702 Ρ.
953 2638 1290 2702 Torrensi
1318 2639 1578 2703 durum
1608 2638 2004 2719 videbatur,
2058 2651 2132 2706 ut
2164 2642 2439 2707 scilicet
2468 2643 2873 2707 saeculares
2902 2658 3065 2704 cum

582 2746 937 2827 religiosis
976 2746 1476 2825 miscerentur,
1522 2747 1712 2826 quod
1756 2748 2201 2827 experientia
2250 2768 2339 2813 ex
2386 2758 2593 2830 parte
2634 2750 2709 2813 in
2744 2747 3065 2827 Collegio

589 2853 982 2918 Gandiensi
1013 2853 1357 2917 docuerat
1384 2850 1432 2931 ’ς
1467 2861 1538 2916 et
1567 2851 1725 2917 ideo
1755 2856 2192 2934 suggerebat
2220 2854 2274 2919 P
2291 2906 2305 2921 .
2338 2856 2614 2936 Ignatio
2643 2857 2945 2936 aliquOS,
2973 2854 3067 2919 ad

587 2961 920 3041 peritiam
949 2960 1355 3039 linguarum
1383 2968 1454 3023 et
1482 2960 1877 3025 rhetorices
1905 2962 2222 3043 idoneOS,
2258 2961 2739 3028 Salmanticae
2767 2972 2838 3026 et
2861 2963 3063 3027 Com—

586 3068 767 3147 pluti
793 3067 868 3129 in
900 3066 1310 3147 huJusmodi
1347 3066 1603 3130 studiis
1633 3067 2115 3149 exercendos,
2150 3078 2228 3133 ut
2257 3070 2803 3135 necessitatibus
2831 3069 3064 3150 hujus·

589 3173 782 3238 modi
807 3164 1291 3252 subvenirent,
1325 3183 1396 3238 et
1425 3172 1517 3237 ob
1545 3172 1732 3239 hanc
1763 3175 1997 3256 ipsam
2027 3178 2405 3257 penuriam
2435 3196 2579 3241 non
2608 3177 2816 3242 facile
2844 3178 3065 3241 multa

589 3408 638 3450 le
658 3412 856 3452 sazono
875 3409 1063 3454 macho
1085 3412 1136 3454 la
1157 3411 1308 3455 labor
1326 3412 1509 3456 atenta
1528 3422 1566 3469 y
1585 3409 1825 3455 continuo
1845 3410 2046 3454 clamor
2066 3410 2120 3454 al
2140 3410 2289 3463 cielo,
2310 3420 2405 3455 con
2427 3422 2526 3465 que
2544 3421 2639 3466 por
2661 3422 2721 3454 su
2739 3415 2893 3464 parte
2912 3411 2962 3453 el
2980 3420 3073 3453 ve-

591 3480 802 3524 ner-able
823 3487 1051 3525 maestro
1071 3480 1206 3534 Juan
1226 3482 1290 3525 de
1312 3482 1490 3534 Avila,
1511 3495 1572 3528 su
1593 3480 1849 3535 confesor,
1874 3491 1935 3525 su
1955 3482 2224 3537 conseJero
2242 3494 2277 3539 y
2297 3482 2470 3536 amigo
2486 3515 2497 3535 ,
2517 3492 2613 3537 por
2632 3484 2685 3526 la
2712 3492 2844 3537 suya
2859 3481 3071 3536 squella

590 3548 776 3595 Exma.
795 3550 1013 3596 hembra
1035 3551 1129 3597 D.·
1149 3553 1268 3597 Ana
1289 3552 1458 3597 Ponce
1479 3553 1542 3597 de
1565 3553 1712 3597 Leon
1741 3563 1802 3598 su
1822 3553 2079 3597 hermana
2094 3585 2105 3606 .
2128 3566 2161 3609 y
2185 3551 2423 3597 Condesa
2452 3553 2514 3597 de
2538 3550 2691 3597 Feria
2710 3585 2721 3604 .
2743 3563 2879 3609 cuya
2905 3554 3073 3597 santi-

591 3620 693 3666 dad
711 3627 802 3666 tan
824 3624 1029 3668 notoria
1051 3636 1108 3669 es
1139 3626 1172 3669 a
1205 3626 1254 3669 el
1275 3626 1416 3679 orbe,
1439 3626 1691 3670 labi-aron
1713 3636 1778 3669 en
1806 3626 1854 3669 el
1890 3625 2077 3680 sujeto.
2099 3624 2258 3669 Temo
2276 3625 2438 3669 Avila
2468 3634 2591 3681 muy
2622 3636 2715 3679 por
2741 3636 2801 3668 su
2828 3635 2990 3678 curgo
3017 3624 3069 3668 la

591 3694 887 3740 conciencla
906 3696 992 3739 del
1013 3695 1194 3750 Duque
1209 3729 1221 3748 ,
1242 3709 1302 3741 su
1327 3697 1680 3741 reformacion
1696 3730 1708 3751 ,
1729 3708 1818 3741 sus
1837 3706 2119 3752 progresos
2138 3707 2203 3741 en
2222 3697 2347 3741 toda
2366 3697 2561 3742 virtud.
2578 3694 2869 3741 Escribiale
2895 3707 3017 3751 muy
3037 3698 3073 3739 a

591 3766 828 3811 menudo.
850 3767 1162 3813 Advertiale
1182 3768 1246 3811 de
1268 3768 1408 3823 todo,
1429 3779 1499 3827 ya
1519 3779 1616 3813 con
1639 3768 1838 3813 tlernos
1857 3768 2060 3813 asectos
2080 3769 2143 3813 de
2171 3768 2360 3824 padre3
2380 3780 2449 3825 γει
2469 3778 2567 3812 con
2595 3768 2812 3823 imperio
2831 3768 2894 3812 de
2921 3778 3073 3823 supe·

590 3836 718 3881 rior.
739 3836 820 3881 En
853 3848 957 3883 una
977 3840 1024 3882 le
1045 3839 1185 3883 dice:
1207 3838 1300 3883 “El
1319 3840 1537 3892 negocio
1557 3850 1657 3895 que
1687 3848 1754 3897 yo
1777 3845 1936 3895 teugo
1956 3849 2055 3883 con
2075 3838 2142 3882 V.
2164 3838 2216 3882 S.
2237 3850 2295 3883 es
2341 3838 2623 3893 supllearle
2640 3850 2697 3883 se
2714 3838 2940 3884 acuerde
2964 3850 3073 3884 mu·

593 3908 722 3953 chas
742 3918 897 3954 veces
925 3910 989 3954 de
1016 3911 1172 3963 aquei
1203 3911 1290 3955 dia
1309 3910 1394 3955 dd
1423 3909 1688 3967 desmayo,
1711 3921 1808 3966 que
1842 3922 1900 3955 s··
1933 3914 2093 3965 penso
2122 3920 2208 3955 ser
2234 3921 2366 3965 para
2387 3908 2451 3954 V.
2476 3908 2529 3955 S.
2549 3912 2599 3955 el
2627 3918 2864 3965 postrero
2892 3911 2955 3955 de
2982 3921 3070 3955 sus

593 3980 724 4024 dias.
746 3978 798 4024 Y
817 3992 876 4025 se
894 3982 1118 4026 acuet-de
1139 3982 1203 4025 de
1233 3984 1312 4026 ios
1331 3982 1622 4037 propositos
1643 3994 1740 4037 que
1762 3989 2010 4027 entonces
2029 3982 2287 4027 concibio:
2320 3995 2355 4040 y
2378 3988 2570 4027 euanta
2590 3992 2747 4027 razon
2776 3993 2830 4026 es
2850 3980 3071 4037 cumplir

595 4053 648 4096 la
665 4051 888 4105 palabra
907 4062 1006 4107 que
1027 4057 1062 4096 a
1089 4051 1216 4099 Dios
1235 4065 1292 4097 se
1321 4053 1406 4098 da.
1427 4052 1476 4097 Y
1496 4060 1689 4099 cuanto
1708 4054 1909 4109 cample
1930 4064 1964 4098 a
1985 4053 2052 4097 V.
2072 4052 2126 4097 S.
2147 4064 2216 4097 no
2238 4054 2444 4098 olvidar
2461 4053 2616 4108 aquel
2636 4053 2724 4097 dia
2741 4053 2804 4097 de
2821 4063 3070 4097 amenaza

594 4132 788 4177 por-que
808 4134 873 4167 no
892 4134 1064 4179 venga
1084 4125 1134 4168 el
1152 4123 1216 4169 de
1236 4126 1289 4170 la
1309 4124 1588 4181 ejecucion,
1611 4132 1740 4180 etc.„
1758 4124 1820 4169 L.
1842 4137 1907 4180 α,
1927 4126 2016 4170 ub.
2036 4136 2115 4179 ιιι,
2134 4136 2249 4180 cap.
2272 4126 2344 4169 11.

678 4194 694 4227 ¹
752 4193 986 4240 Curabat
1007 4196 1105 4240 hoc
1129 4196 1362 4250 ignatius
1381 4196 1586 4241 solicite
1611 4204 1664 4241 et
1685 4197 1820 4242 alios
1839 4204 1900 4241 ut
1920 4204 2169 4243 curarent
2189 4197 2502 4242 hortabatur
2521 4198 2628 4242 suis
2648 4198 2843 4242 litteris
2860 4204 2915 4241 et
2932 4196 3071 4241 hanc

594 4264 694 4309 sibl
715 4267 884 4319 leg-em
902 4265 1002 4311 hoc
1035 4272 1266 4321 tempore
1289 4269 1708 4323 praescripserat
1727 4278 1792 4313 ne
1813 4266 2050 4321 collegis
2080 4278 2217 4311 nova
2235 4268 2542 4312 admitteret
2557 4300 2569 4321 ,
2586 4268 2697 4321 ubi,
2716 4271 2928 4322 praeter
2947 4277 3066 4321 ope·

594 4340 765 4381 ratio·
783 4343 836 4381 et
855 4338 1105 4393 lectores,
1128 4338 1200 4382 all
1231 4350 1332 4383 non
1357 4346 1570 4394 possent
1592 4340 1692 4384 duo
1713 4340 1800 4383 vel
1821 4345 1957 4393 tres,
1980 4338 2065 4394 qui
2087 4338 2282 4383 litteris
2304 4350 2517 4394 operam
2536 4340 2723 4383 darent
2742 4345 2793 4383 et
2826 4340 2881 4383 in
2906 4339 3071 4383 lecto·

595 4418 711 4452 rum
725 4440 738 4461 ,
757 4408 876 4453 dum
895 4416 1238 4463 aegrotarent
1251 4442 1265 4465 ,
1285 4412 1456 4455 locum
1485 4411 1845 4465 succederent;
1865 4417 1926 4456 ut
1959 4412 2171 4465 saepius
2195 4412 2306 4467 jam
2336 4410 2389 4454 in
2408 4411 2507 4455 hoc
2530 4410 2781 4455 Chronico
2798 4410 2967 4455 visum
2984 4416 3067 4454 est

596 4484 648 4522 et
671 4478 724 4522 in
746 4478 936 4523 cartas
957 4484 1024 4523 ae
1055 4480 1167 4524 San
1195 4480 1436 4535 Ignacro,
1459 4488 1512 4525 et
1533 4482 1799 4526 videbitur
1823 4482 1875 4526 in
1894 4480 2047 4525 Nova
2069 4481 2239 4525 serie.
2260 4480 2393 4525 Vide
2415 4482 2573 4526 etiam
2592 4481 2755 4535 infra,
2776 4492 2826 4526 n.
2849 4480 2968 4526 1018.

679 4549 702 4583 ²
754 4549 898 4596 Idem
926 4553 1209 4607 iisdemque
1230 4554 1294 4598 de
1311 4554 1482 4598 causis
1503 4554 1775 4598 constituit
1804 4553 1862 4597 P.
1900 4552 2131 4607 Natalis,
2162 4552 2583 4606 Commissarius,
2601 4552 2897 4608 Valentiae,
2928 4552 3073 4597 Gan·

597 4622 714 4667 diae
731 4652 742 4672 ,
761 4628 864 4667 etc.
893 4646 904 4653 —
923 4622 1055 4667 Vide
1075 4635 1251 4680 supra,
1271 4636 1392 4680 pag.
1411 4625 1510 4679 8⁴6,
1531 4635 1582 4669 n.
1604 4624 1700 4669 739.

678 4694 702 4725 ³
755 4692 887 4737 Vide
909 4706 1092 4751 supra,
1117 4702 1154 4740 t.
1175 4706 1230 4751 ιι,
1249 4708 1372 4753 pag,
1391 4697 1488 4751 ⁶66,
1509 4708 1560 4741 n.
1579 4696 1674 4742 501.
