3742 5392
701 438 814 499 378
1624 437 1881 497 Cimon.
1922 436 2075 495 Soc.
2115 435 2257 509 Jas.

706 584 1032 647 sidebant
1083 592 1205 646 aut
1247 582 1654 662 litigabant,
1706 582 1779 645 in
1827 581 2139 662 gratiam
2189 582 2496 645 invicem
2545 582 2891 656 redirent;
2948 592 3017 644 et
3072 582 3171 644 ita

705 690 1084 753 interdicta
1109 689 1480 769 quaedam,
1507 698 1799 769 propter
1822 686 2141 768 judicum
2161 689 2637 752 saecularium
2660 705 2819 752 cum
2844 689 3175 753 ecclesia-·

707 797 908 859 sticis
947 796 1446 876 dissensiones,
1481 795 1958 860 Salmanticae
1999 795 2608 876 frequentissima,
2662 796 2919 877 quibus
2956 796 3173 859 homi-

705 922 834 967 nes
883 923 924 967 a
978 901 1241 967 divinis
1292 903 1646 966 abstinere
1695 912 2085 981 coguntur,
2142 903 2387 967 tollere
2436 904 2659 967 nostri
2710 904 2917 967 enixe
2968 920 3168 966 cura-

708 1020 987 1075 verunt.

828 1118 974 1182 809.
1061 1118 1455 1182 Dominicis
1485 1118 1652 1182 item
1689 1119 1936 1182 diebus
1980 1137 2064 1182 ac
2102 1118 2303 1182 festis
2340 1118 2600 1182 fratres
2640 1118 2899 1197 nostri,
2948 1137 2991 1179 a
3034 1126 3181 1181 stu-

711 1227 988 1290 diorum
1027 1226 1490 1307 occupatione
1530 1226 1931 1305 liberiores,
1976 1224 2457 1305 xenodochia,
2506 1242 2837 1289 carceres
2880 1233 2948 1288 et
2989 1224 3173 1288 infir-

713 1350 866 1396 mos
896 1334 1044 1397 suis
1075 1333 1708 1411 exhortationibuS,
1737 1332 2301 1396 confessionibus
2332 1342 2401 1396 et
2422 1333 2637 1396 etiam
2667 1331 3023 1412 obsequiis
3045 1348 3181 1411 pro

713 1458 909 1503 more
940 1458 1066 1503 suo
1097 1442 1392 1504 multum
1429 1449 1881 1519 recrearunt3
1912 1440 1982 1503 in
2024 1440 2202 1503 iocis
2232 1439 2447 1502 etiam
2490 1438 2965 1503 Salmanticae
3001 1439 3171 1500 vici-

712 1548 822 1611 nis
853 1548 1100 1611 eodem
1132 1546 1360 1611 officio
1402 1547 1772 1611 charitatis
1799 1546 2309 1627 fungebantur,
2344 1547 2557 1610 immo
2589 1556 2657 1610 et
2688 1546 2988 1627 publicis
3018 1562 3175 1625 pec-

713 1655 1130 1733 catricibuS,
1165 1671 1426 1734 magno
1457 1671 1618 1718 cum
1649 1654 1931 1717 fervore
1961 1663 2031 1717 et
2062 1654 2549 1717 aedificatione
2580 1654 2977 1731 hominum,
3014 1669 3171 1732 poe-

712 1762 1084 1825 nitentiam
1113 1760 1642 1841 praedicabant.

830 1867 973 1930 810.
1061 1868 1218 1931 Fuit
1261 1866 1736 1931 Salmanticae
1785 1866 2197 1931 Bernardus
2244 1868 2667 1950 Japonensis
2709 1869 2974 1933 morbis
3024 1870 3173 1950 qui-

715 1976 1014 2038 busdam
1044 1975 1408 2053 laboranS,
1443 1974 1568 2037 sed
1597 1974 1854 2038 mirum
1896 1976 1965 2037 in
1997 1975 2283 2038 modum
2326 1976 2555 2038 solida
2594 1974 2742 2055 ejus
2780 1976 2991 2053 fides,
3036 1994 3175 2056 qua

713 2082 800 2144 de
833 2080 1102 2145 Christi
1125 2081 1482 2161 mysteriis
1505 2097 1664 2143 cum
1697 2098 1960 2162 magna
1984 2080 2237 2144 mentis
2261 2082 2667 2145 sinceritate
2692 2100 2778 2145 ac
2806 2081 3175 2145 dulcedine

716 2186 1145 2262 disserebat,
1181 2197 1249 2250 et
1283 2196 1567 2249 nostros
1606 2188 2110 2251 consolabatur
2151 2198 2219 2251 et
2258 2189 2329 2251 in
2376 2188 2917 2251 admirationem
2948 2189 3175 2252 trahe·

713 2295 835 2357 bat
865 2294 998 2357 Dei
1027 2294 1507 2373 benignitati5‚
1541 2295 1661 2374 qui
1691 2294 1924 2357 virum
1956 2294 2335 2374 aliquando
2368 2295 2572 2358 idolis
2602 2296 3052 2376 servientem,
3085 2314 3175 2359 ex

717 2410 864 2463 tam
896 2402 1186 2464 remotis
1216 2401 1458 2464 mundi
1485 2401 1826 2480 partibuS,
1861 2402 2119 2465 talibus
2148 2402 2309 2475 fidei
2338 2412 2406 2465 et
2436 2403 2806 2466 charitatis
2835 2402 3042 2466 donis
3072 2420 3175 2466 re-

717 2508 1085 2588 plevisset,
1119 2518 1194 2570 ut
1225 2517 1546 2571 veterum
1587 2508 2173 2587 christianorum,
2216 2510 2333 2589 qui
2374 2510 2461 2573 ab
2492 2509 2774 2573 ineunte
2818 2519 3053 2573 aetate
3098 2510 3168 2572 in

713 2632 890 2677 vera
923 2615 1266 2693 religione
1295 2614 1589 2677 instituti
1621 2615 1925 2693 fuerant,
1960 2616 2325 2694 ignaviam
2356 2626 2427 2678 et
2457 2616 2891 2696 tepiditatem
2922 2633 3171 2696 expro-

713 2722 922 2784 brare
955 2722 1108 2801 ipso
1137 2721 1328 2783 facto
1369 2722 1728 2785 videretur
1762 2720 1802 2785 ¹.
2554 2709 2562 2718 ’
3028 2716 3033 2723 ’

834 2828 974 2892 811.
1064 2828 1139 2891 Ρ.
1195 2827 1468 2891 Natalis
1518 2830 1923 2908 praesentia
1970 2829 2081 2891 his
2129 2830 2340 2893 etiam
2393 2847 2533 2892 non
2584 2830 2817 2892 minus
2862 2829 3175 2909 jncunda

713 2954 927 3016 quam
958 2935 1149 2998 utilis
1181 2936 1271 2998 ad
1301 2935 1612 2998 omnium
1645 2936 2149 2998 excitationem
2178 2946 2246 2999 et
2278 2936 2814 2999 instructionem
2846 2935 2974 3001 fuit
3003 2936 3049 2999 ².

829 3042 972 3107 812.
1061 3040 1308 3106 Studia
1342 3041 1529 3122 apud
1559 3051 1844 3105 nostros
1870 3042 2057 3105 serio
2090 3044 2585 3107 tractabantur
2617 3041 2662 3106 ⁸.

829 3148 971 3213 813.
1063 3149 1242 3213 Cum
1272 3149 1348 3211 P.
1378 3149 1749 3213 Gutierrez
1776 3144 1801 3179 ⁴
1831 3149 2295 3213 christianam
2325 3150 2725 3214 doctrInam
2754 3152 3169 3233 explicaret,

799 3394 814 3424 ¹
875 3390 1008 3435 Vide
1029 3402 1210 3446 supra.
1233 3402 1352 3446 pag.
1377 3390 1470 3444 188,
1493 3402 1539 3433 n.
1560 3389 1658 3441 40&
1681 3396 1732 3435 et
1755 3391 1979 3434 observa
2000 3402 2031 3433 a
2056 3392 2397 3447 typographis
2428 3392 2694 3436 inversum
2714 3393 2945 3437 ordinem
2965 3400 3182 3437 annota-

717 3464 912 3507 tionum
927 3463 995 3508 ad
1011 3462 1150 3507 illius
1167 3474 1284 3517 pag.
1303 3461 1382 3505 188
1397 3463 1608 3514 calcem,
1625 3463 1712 3507 ubi
1733 3470 1910 3505 annot.
1930 3462 2003 3505 4.·
2024 3462 2176 3505 debet
2194 3474 2307 3507 esse
2329 3464 2507 3517 quinto
2530 3465 2640 3507 ioco
2660 3470 2711 3508 et
2730 3464 2799 3509 5]Ι
2820 3464 3183 3519 (ματα-Βυ-

715 3534 908 3579 bitavit
930 3535 1017 3579 diu
1038 3534 1274 3589 Ignatius
1294 3544 1360 3577 an
1381 3533 1646 3587 expediret
1669 3534 1802 3577 hunc
1826 3526 2148 3577 Ber-nardium
2171 3534 2387 3578 Romam
2409 3547 2650 3588 avocare,
2680 3536 2771 3579 sed
2802 3536 3052 3581 avocavit
3073 3542 3185 3581 tan·

715 3606 832 3651 dem
853 3612 906 3650 et
925 3617 1178 3651 avocasse
1198 3606 1414 3660 gavisus
1433 3612 1528 3649 est.
1549 3612 1606 3649 ut
1625 3606 1892 3649 videbitur
1912 3606 1962 3648 in
1984 3604 2133 3649 Nova
2158 3605 2309 3649 Serie
2336 3606 2649 3651 litterarum
2674 3608 2863 3652 Sancti
2881 3608 3103 3661 Ignatii.

796 3679 820 3711 ²
873 3679 955 3723 ⁶⁶1³.
976 3678 1322 3733 Hieronymus
1343 3676 1546 3723 Natalis
1561 3710 1572 3731 ,
1595 3689 1708 3721 cum
1730 3690 1794 3720 ex
1825 3676 2057 3722 Sicilia...
2078 3678 2295 3722 Romam
2318 3680 2545 3723 venisset
2570 3686 2621 3724 et
2644 3681 2705 3724 de
2727 3681 3185 3726 constitutionibus

717 3761 782 3794 ac
813 3751 1008 3804 regulis
1037 3749 1342 3802 Societatis,
1373 3761 1489 3793 cum
1523 3750 1581 3792 P.
1603 3749 1823 3803 Ignatio,
1846 3749 1981 3804 quod
2014 3751 2318 3803 oportebat,
2341 3751 2672 3805 contulisset,
2696 3753 2762 3795 ab
2782 3752 2963 3796 eodem
2994 3753 3183 3797 instru-

717 3829 847 3876 ctus,
871 3831 923 3866 et
955 3833 1048 3877 per
1074 3828 1319 3877 patentes
1338 3822 1547 3865 litteras
1564 3854 1576 3873 ,
1599 3828 1782 3876 quarto
1803 3820 1925 3865 Idus
1948 3822 2169 3875 Aprilis,
2190 3820 2585 3866 Commissarius
2606 3823 2655 3867 in
2690 3823 2970 3878 Hispanias
3000 3824 3186 3869 missus

717 3902 823 3947 est,
845 3899 902 3937 ut
924 3892 1320 3938 constitutiones
1342 3904 1404 3937 ac
1425 3894 1634 3947 regulas
1665 3894 1858 3938 nostris
1881 3894 2117 3947 collegiis
2138 3900 2189 3937 et
2222 3894 2510 3938 hominibus
2540 3894 2821 3940 societatis
2853 3897 3087 3941 traderet
3120 3908 3184 3940 ac

717 3966 1058 4019 declararet...
1079 3966 1262 4020 Supra,
1287 3973 1324 4009 t.
1343 3977 1416 4019 m,
1437 3978 1558 4019 pag.
1577 3966 1620 4018 6,
1644 3977 1690 4008 n.
1718 3966 1761 4008 3.
1785 3964 1918 4008 Vide
1940 3966 2101 4009 etiam
2133 3966 2182 4009 ln
2214 3966 2394 4010 eodem
2424 3972 2461 4009 t.
2489 3978 2569 4020 m,
2592 3979 2712 4021 pag.
2732 3968 2830 4021 427,
2852 3980 2899 4013 n.
2922 3968 3184 4012 9-i6.—Non

718 4043 896 4082 tamen
914 4049 1087 4083 secum
1110 4039 1228 4083 tulit
1249 4039 1515 4092 exemplar
1535 4040 1694 4082 ullum
1713 4038 2141 4082 constitutionum
2162 4044 2213 4081 et
2235 4041 2553 4092 regularum.
2573 4038 2663 4084 Ait
2686 4040 2817 4083 enim
2840 4040 3097 4084 Polancus
3117 4042 3183 4093 ei,

718 4122 785 4154 ex
805 4122 956 4163 com„
974 4113 1205 4156 scribens
1227 4112 1296 4154 1.·
1317 4110 1548 4164 Januarii
1570 4110 1721 4165 huius
1750 4110 1873 4153 anni
1896 4110 2015 4154 1554:
2039 4109 2248 4154 “Mucho
2278 4122 2372 4154 nos
2402 4112 2581 4156 hemos
2612 4112 2863 4166 alegrado
2894 4114 2946 4157 in
2966 4112 3185 4156 Domino

719 4194 816 4237 que
840 4184 981 4240 haya
1001 4184 1227 4228 recibido
1247 4184 1313 4227 V.
1335 4184 1395 4227 R.
1419 4186 1496 4227 las
1516 4183 1919 4228 constituciones
1938 4196 1973 4239 y
1990 4183 2189 4236 reglas;
2212 4194 2245 4236 y
2261 4183 2340 4226 asi
2360 4194 2593 4227 creemus
2609 4183 2792 4239 dejara
2811 4185 2919 4227 alla
2940 4186 3018 4227 las
3038 4195 3185 4229 cosas

719 4265 814 4298 cen
834 4256 968 4301 buen
988 4255 1453 4309 concierto.„—Nec
1475 4261 1589 4299 erat
1609 4254 1778 4298 adhuc
1794 4286 1803 4301 .
1822 4265 1941 4298 cum
1960 4254 2137 4298 Natali
2170 4254 2267 4297 hoc
2298 4254 2723 4299 constitutionum
2747 4256 3036 4309 exemplum
3066 4256 3184 4299 mis-

717 4338 828 4372 sum
849 4335 953 4384 est,
975 4328 1050 4373 eis
1069 4330 1252 4373 ultima
1275 4339 1454 4372 manus
1474 4328 1734 4381 imposita.
1762 4327 1923 4371 Addit
1945 4326 2080 4369 enim
2102 4326 2370 4371 Polaticus:
2394 4325 2497 4370 “De
2518 4328 2571 4369 ia
2594 4326 2782 4371 venida
2804 4326 2865 4369 de
2888 4324 2952 4370 V.
2974 4324 3031 4369 R.
3054 4336 3187 4381 para

719 4400 766 4442 ei
798 4399 1084 4445 Setiembre
1105 4412 1202 4456 que
1223 4401 1389 4453 viene,
1410 4410 1538 4456 poco
1559 4402 1672 4443 mas
1693 4402 1723 4442 ό
1751 4402 1929 4441 menos
1957 4409 2023 4441 no
2052 4398 2160 4455 hay
2180 4408 2278 4452 que
2299 4398 2442 4442 decit·
2462 4398 2574 4441 sino
2604 4410 2700 4452 que
2722 4400 2755 4441 a
2774 4396 3000 4441 Nuestro
3020 4395 3185 4441 Padre

718 4480 907 4524 pai-ece
929 4473 1113 4517 mucho
1136 4472 1252 4517 bien
1267 4484 1301 4529 y
1321 4471 1577 4526 podranse
1597 4469 1827 4513 conciuit·
1843 4472 2088 4513 entonces
2108 4470 2185 4513 las
2206 4469 2609 4514 constituciones
2625 4502 2636 4524 ,
2653 4479 2799 4513 como
2810 4468 2877 4512 V.
2894 4468 2956 4512 R.
2974 4474 3089 4513 toea
3110 4501 3133 4521 „
3146 4491 3189 4500 —

717 4540 853 4585 Vide
876 4544 1036 4588 etiam
1056 4544 1264 4588 litteras
1287 4542 1434 4587 Patri
1453 4540 1740 4587 Francisco
1761 4541 1823 4584 de
1848 4540 2005 4596 Boi-ja
2027 4541 2183 4585 datas
2204 4541 2385 4585 eadem
2405 4541 2505 4586 die.

800 4613 822 4643 ³
879 4616 1012 4660 Vide
1036 4615 1189 4670 infra,
1211 4628 1259 4660 n.
1291 4616 1390 4660 816.

798 4688 820 4718 ⁴
877 4688 935 4731 P.
957 4686 1212 4731 Martinus
1233 4688 1520 4732 Gutierrez.
1545 4686 1677 4730 Vide
1701 4697 1858 4740 supra
1876 4718 1886 4733 ,
1907 4696 2027 4740 pag.
2048 4686 2143 4739 3711,
2166 4698 2211 4729 n.
2230 4684 2326 4736 80⁴.
2351 4692 2524 4729 annot.
2548 4688 2587 4727 i.
