3742 5392
700 434 813 493 200
1626 432 1883 495 Canon.
1925 434 2076 496 Soc.
2119 436 2258 508 Jns.

700 580 1150 646 Ferdinando
1180 583 1267 646 de
1297 581 1535 662 Vega,
1574 582 1797 645 fratre
1838 598 1969 645 suo
2017 579 2057 661 ¹,
2093 582 2486 664 accepisse,
2522 584 2774 663 quibus
2815 582 3170 648 referebat

701 687 1211 769 Imperatorem
1237 690 1421 752 velle
1450 706 1667 769 penes
1696 706 1773 751 se
1803 688 2067 753 habere
2095 688 2170 752 Ρ.
2205 687 2265 754 F
2265 690 2672 754 ranciscum
2693 691 3062 771 Borgiam‚
3097 702 3168 755 et

703 797 766 859 si
794 796 865 859 id
894 796 1121 873 fieret,
1164 795 1458 877 putabat
1494 794 1795 859 Pro-rex
1835 795 2359 875 expeditionem
2396 796 2688 860 Africae
2717 799 2971 862 melius
3011 816 3171 880 pro-

704 903 976 967 moveri
1006 920 1220 983 posse
1253 901 1299 967 ⁸.

822 1010 962 1073 436.
1050 1010 1227 1075 Cum
1258 1021 1496 1075 autem
1527 1012 1897 1075 convaluit
1919 1010 1996 1073 P.
2019 1011 2522 1093 Hieronymus,
2551 1029 2714 1075 cum
2736 1012 2811 1076 P.
2839 1011 3162 1093 Philippo

702 1118 797 1181 ad
826 1118 1273 1183 invisendam
1304 1118 1662 1182 abbatiam
1690 1116 1911 1182 Italae
1943 1135 2020 1181 se
2045 1119 2363 1182 contulit.

824 1224 966 1288 437.
1052 1223 1380 1290 Secunda
1401 1224 1823 1289 Novembris
1839 1225 2070 1289 denuo
2095 1226 2324 1290 oratio
2343 1226 2684 1289 continua
2702 1226 3176 1306 quadraginta

702 1332 1045 1395 horarum
1074 1330 1097 1361 ³
1120 1332 1192 1395 in
1222 1333 1481 1412 templo
1513 1330 1758 1395 Sancti
1794 1332 2071 1395 Nicolai
2107 1331 2299 1395 facta
2327 1342 2464 1411 est,
2507 1333 2599 1396 ad
2639 1350 2852 1413 quam
2881 1333 3171 1396 nomina

702 1438 1047 1503 dederunt
1076 1440 1234 1519 plus
1285 1456 1497 1519 quam
1531 1439 1961 1520 quingentae
1985 1438 2332 1502 foeminae
2364 1448 2432 1502 et
2454 1440 2612 1519 plus
2643 1455 2856 1520 quam
2884 1438 3177 1503 ducenti

701 1545 875 1623 viri;
910 1556 977 1609 et
1006 1545 1465 1609 observatum
1493 1554 1600 1608 est
1630 1562 1721 1608 ex
1758 1544 2166 1625 hujusmodi
2203 1546 2526 1609 oratione
2557 1547 2815 1609 multos
2857 1546 2950 1609 ad
2987 1546 3180 1611 vitae

702 1652 1167 1716 mutationem
1216 1652 1289 1715 in
1326 1652 1577 1716 melius
1618 1650 2040 1732 profecisse;
2084 1663 2154 1715 et
2193 1653 2522 1732 quamvis
2571 1653 2925 1718 distributi
2975 1663 3180 1718 erant

704 1759 777 1823 in
824 1759 1145 1839 singulas
1193 1761 1410 1823 horas
1463 1757 1600 1822 diei
1639 1757 1991 1823 foeminae
2045 1768 2112 1822 et
2149 1758 2379 1823 noctis
2422 1759 2595 1837 viri,
2641 1760 2714 1823 in
2755 1762 3182 1841 quibusdam

704 1854 844 1930 diei
873 1868 1195 1947 partibus
1216 1876 1365 1930 tam
1388 1866 1793 1947 frequentes
1824 1876 2146 1929 oratores
2177 1867 2614 1931 accedebant
2637 1917 2652 1947 ,
2679 1878 2757 1931 ut
2777 1870 2985 1949 pleno
3015 1878 3182 1933 tem-

703 1976 820 2055 plo
863 1985 1293 2055 cogerentur
1342 1975 1542 2038 multi
1591 1974 1863 2038 tamdiu
1925 1991 2216 2037 manere
2245 1985 2450 2039 extra
2501 1974 2725 2052 foreS,
2785 1976 3010 2040 donec
3062 1977 3185 2057 qui

710 2082 906 2162 prius
945 2090 1147 2144 erant
1185 2080 1522 2161 ingressi,
1568 2081 1891 2144 oratione
1931 2080 2278 2159 absoluta,
2313 2080 2857 2163 egrederentur;
2891 2091 2961 2146 et
2995 2082 3186 2146 fama

709 2199 864 2252 erat
904 2189 1316 2252 notissimae
1357 2188 1741 2269 impietatis
1784 2188 1980 2251 viros
2021 2189 2401 2269 quosdam,
2435 2207 2525 2253 ex
2567 2205 2706 2269 quo
2746 2189 2924 2253 haec
2956 2190 3185 2254 oratio

704 2305 868 2359 acta
898 2306 1035 2375 est,
1072 2295 1225 2360 Deo
1255 2295 1646 2359 ferventius
1678 2296 2070 2360 adhaerere
2101 2296 2442 2377 coepisse.
2492 2296 2796 2375 Quidam
2826 2306 3066 2361 autem
3096 2314 3186 2359 ex

708 2404 843 2481 his,
866 2404 985 2483 qui
1007 2403 1262 2466 devote
1284 2413 1609 2467 nostrum
1624 2405 1965 2484 templum
1987 2402 2554 2484 frequentabant,
2575 2404 2980 2484 supplicare
2995 2402 3184 2484 jura-

709 2510 801 2574 tis
860 2511 1331 2574 decreverunt
1384 2519 1461 2572 ut
1510 2520 1837 2573 nostrum
1893 2512 2235 2591 templum
2295 2509 2384 2573 D.
2447 2509 2723 2574 Nicolai
2783 2510 3186 2591 augendum

706 2627 1073 2695 curarent,
1109 2628 1177 2679 et
1208 2617 1296 2680 ad
1328 2633 1685 2698 expensas
1716 2618 1851 2698 ipsi
1873 2617 2194 2697 symbola
2219 2634 2350 2681 sua
2374 2617 2696 2681 conferre
2718 2619 3077 2697 volebant;
3106 2627 3183 2681 ut

704 2733 943 2788 autem
966 2724 1245 2787 interim
1276 2724 1575 2787 ecclesia
1604 2724 1891 2788 liberior
1921 2733 2107 2787 esset
2130 2724 2378 2788 diebus
2403 2726 2706 2803 veneris,
2741 2734 2810 2787 et
2837 2726 3177 2805 capacior

705 2831 974 2911 populi,
1003 2831 1369 2893 constituit
1398 2829 1473 2892 P.
1510 2828 1983 2896 Provincialis
2007 2839 2083 2893 ut
2109 2832 2550 2911 praelegeret
2579 2833 2798 2896 semel
2821 2833 2894 2895 in
2917 2832 3179 2896 hebdo-

703 2938 916 3001 mada
948 2935 1025 3000 P.
1057 2937 1535 3019 Hieronymus
1565 2936 1865 3001 Ottellus
1896 2955 2392 3017 supremarum
2411 2938 2822 3003 scholarum
2842 2938 3181 3003 studiosis

705 3044 1170 3108 christianam
1200 3045 1629 3123 doctrinam,
1663 3055 1733 3107 et
1756 3045 1914 3107 aliis
1933 3044 2350 3108 inferiorum
2387 3046 2726 3109 classium
2748 3047 2984 3126 pueris
3017 3056 3094 3109 ut
3113 3047 3186 3110 in

709 3152 957 3215 schola
1008 3151 1316 3233 quadam
1358 3153 1921 3233 praelegeretur,
1957 3163 2033 3215 ut
2068 3154 2194 3231 sie,
2242 3153 2410 3216 dum
2439 3153 2588 3216 suis
2624 3154 2698 3217 in
2728 3154 2994 3217 scholis
3025 3171 3183 3218 eam

705 3259 1031 3338 audiunt,
1082 3260 1396 3323 externis
1444 3258 1886 3322 auditoribus
1921 3276 2226 3323 vacuam
2255 3260 2635 3324 ecclesiam
2677 3260 2928 3324 diebus
2975 3278 3184 3323 vene·

709 3368 810 3429 ris
841 3367 1338 3447 relinquerent.

832 3472 971 3537 438.
1059 3473 1137 3538 In
1166 3473 1348 3536 festo
1382 3481 1625 3535 autem
1655 3471 1742 3535 D.
1778 3471 2056 3536 Nicolai
2086 3489 2216 3552 pro
2245 3491 2446 3536 more
2487 3490 2618 3537 suo
2647 3471 2672 3504 ⁴
2701 3472 2946 3537 Nostri
2977 3476 3186 3554 pluri·

710 3582 850 3643 mis
880 3580 1189 3661 hymmis
1218 3589 1287 3643 et
1318 3580 1478 3643 aliis
1507 3580 1833 3643 versibus
1862 3580 2146 3660 scriptis
2178 3580 2423 3660 templi
2452 3580 2642 3643 sores
2686 3581 3184 3660 impleverunt,

710 3687 1043 3767 quamvis
1064 3687 1478 3750 scholastici
1500 3688 1727 3750 nostri
1767 3686 1923 3767 (qui
1948 3686 2098 3750 fere
2139 3704 2418 3768 semper
2448 3688 2757 3768 reliquos
2787 3688 3181 3752 eruditione

711 3794 1111 3872 anteibant)
1144 3793 1232 3856 ab
1261 3794 1575 3857 externis
1606 3794 1682 3856 in
1716 3810 2014 3857 numero
2058 3793 2462 3873 hujusmodi
2505 3810 2839 3858 versuum
2878 3795 3192 3875 superati

721 3899 1027 3963 fuerant.

838 4006 978 4069 439.
1065 4006 1225 4072 Non
1267 4023 1523 4087 parum
1560 4007 1825 4070 nostris
1861 4005 2254 4087 jucundum
2293 4017 2444 4070 erat
2487 4009 2674 4089 quod
2711 4008 2847 4072 Dei
2894 4010 3192 4073 verbum

715 4132 859 4178 non
890 4116 1114 4178 solum
1146 4131 1272 4195 per
1312 4114 1721 4189 concioneS,
1768 4114 1894 4177 sed
1939 4114 2154 4177 etiam
2190 4132 2313 4195 per
2359 4116 2731 4195 lectioneS,
2777 4125 3188 4179 nostrorum

798 4322 813 4353 ¹
873 4320 925 4364 Is
945 4319 1203 4366 Bruxems
1231 4321 1384 4377 hujus
1415 4321 1533 4365 anni
1568 4321 1715 4365 initio
1739 4326 1855 4365 erat
1881 4320 1930 4364 in
1952 4319 2288 4375 Imperatoris
2309 4318 2479 4373 curia,
2503 4322 2590 4364 sed
2615 4321 2665 4365 in
2687 4320 2920 4366 Siciliam
2947 4321 3046 4366 hoc
3081 4322 3191 4376 ipso

723 4404 860 4437 anno
890 4403 1137 4437 reversus
1157 4398 1253 4437 est.

796 4463 820 4495 ²
874 4464 950 4508 De
985 4464 1049 4508 iis
1083 4476 1251 4519 pauca
1286 4465 1448 4517 infra,
1472 4466 1591 4508 dum
1623 4465 1685 4508 de
1722 4465 1875 4508 rebus
1911 4464 2192 4519 Hispaniae
2230 4472 2419 4519 agetur
2472 4470 2525 4509 et
2559 4464 2721 4508 fusius
2755 4465 2808 4509 in
2839 4464 3185 4509 Monumentis

716 4536 889 4579 adhuc
910 4535 1122 4580 edendis
1143 4537 1204 4579 de
1228 4534 1422 4579 Sancto
1442 4534 1723 4579 Franclsco
1749 4536 1959 4589 norgia.

806 4608 829 4639 ³
883 4607 1017 4652 Vide
1038 4619 1212 4662 supra,
1235 4616 1275 4651 t.
1297 4618 1373 4661 m,
1396 4618 1517 4663 pag.
1542 4607 1634 4661 197.
1652 4618 1702 4651 n.
1723 4607 1820 4651 420.

800 4680 823 4712 ⁴
876 4679 1011 4723 Vide
1034 4690 1209 4734 supra,
1232 4684 1269 4723 t.
1292 4690 1346 4733 n,
1368 4690 1491 4734 pag.
1512 4678 1608 4735 5⁴0,
1634 4690 1681 4722 n.
1702 4678 1799 4723 wa.
