3742 5392
1600 489 1727 547 ΑΝ.
1771 488 1910 545 1554
2891 480 2994 541 581

533 638 877 718 quaginta
899 636 1266 711 ecclesiae,
1294 636 1579 699 arcibus
1599 634 1908 713 antiquis
1937 632 2239 707 vicinae,
2275 632 2346 695 in
2370 631 2624 711 quibus
2646 628 2995 709 imagines

534 747 679 808 Bsse
700 744 1024 823 Virginis
1051 744 1265 806 etiam
1294 753 1461 806 tunc
1488 742 1934 817 visebantur,
1969 740 2087 802 ubi
2124 739 2252 801 fuit
2281 738 2676 819 Episcopus
2705 736 2992 818 quidam

536 870 578 915 a
608 849 901 917 Summo
932 849 1272 913 Pontifice
1302 844 1627 913 Romano
1657 842 2085 911 constitutus
2106 896 2122 926 ,
2154 847 2274 927 qui
2301 862 2689 927 numquam
2719 860 2993 907 succes·

534 975 772 1023 sorem
820 958 1089 1037 habuit,
1141 955 1683 1037 impedientibus
1727 954 1931 1017 bellis
1982 965 2345 1017 turcarum
2383 964 2451 1016 et
2490 968 2996 1016 saracenorum

536 1067 967 1145 vicinorum,
998 1074 1067 1127 et
1095 1064 1195 1128 ita
1226 1082 1267 1125 a
1296 1062 1432 1126 fide
1460 1063 1782 1126 homines
1810 1062 1902 1125 ob
1933 1061 2285 1125 defectum
2314 1059 2767 1124 sacerdotum
2813 1059 2997 1122 exci-

536 1175 811 1251 derunt;
845 1182 915 1236 et
947 1188 1109 1235 cum
1138 1172 1498 1234 mitterent
1541 1169 1634 1233 ad
1677 1168 1946 1249 Regem
1975 1168 2400 1249 Aethiopiae
2426 1185 2552 1230 sex
2582 1166 2881 1230 nuncios
2922 1175 2999 1227 ut

540 1281 630 1343 ab
662 1298 744 1343 eo
768 1277 1176 1343 sacerdotes
1200 1278 1475 1358 aliquos
1492 1277 1920 1357 obtinerent,
1945 1275 2311 1356 respondit
2339 1276 2456 1338 ille
2479 1291 2557 1337 se
2581 1292 2672 1337 ex
2693 1274 2996 1336 Alexan-

538 1389 695 1452 dria
726 1385 1223 1451 patriarcham
1254 1402 1617 1448 assumere
1640 1432 1655 1463 ,
1688 1395 1757 1447 et
1798 1385 1899 1447 ita
1930 1402 1972 1445 a
2001 1383 2364 1446 mittendis
2393 1380 2882 1445 sacerdotibus
2927 1398 3002 1442 se

538 1504 996 1559 excusarunt.

670 1602 843 1665 1240.
933 1601 1198 1683 Magno
1231 1611 1467 1665 autem
1492 1600 1844 1663 desiderio
1876 1599 2400 1662 accendebatur
2429 1596 2505 1659 P.
2536 1596 2849 1679 Joannes
2875 1594 3002 1658 Pa-

540 1711 855 1774 triarcha
893 1710 1003 1773 his
1040 1709 1442 1772 hominibus
1486 1706 1983 1784 subveniendi,
2028 1717 2097 1769 et
2135 1706 2426 1769 timebat
2474 1722 2563 1767 ne
2601 1703 3002 1767 differretur

538 1818 894 1899 expeditio
922 1818 1319 1879 litterarum
1349 1815 1949 1896 Apostolicarum,
1984 1813 2083 1877 ita
2112 1823 2189 1876 ut
2219 1812 2478 1876 Martio
2517 1812 2841 1893 sequen-ti
2862 1828 3005 1875 non

542 1935 833 2007 possent
881 1924 1236 2005 proficisci
1284 1922 1402 2003 qui
1453 1922 1806 2001 designati
1848 1933 2085 1985 erant:
2132 1931 2200 1984 et
2242 1920 2564 2000 suggerit
2606 1918 2682 1983 P.
2729 1916 3006 1999 Ignatio

542 2031 725 2096 idem
775 2030 1191 2094 Patriarcha
1232 2030 1423 2111 quod
1465 2030 1525 2092 si
1564 2032 1781 2093 nollet
1829 2028 2160 2093 Summus
2207 2028 2535 2091 Pontifex
2583 2024 3004 2090 Commissa·

544 2140 729 2203 rium
758 2156 971 2218 super
1010 2139 1243 2218 ipsum
1282 2138 1743 2215 constituere,
1791 2148 1868 2200 ut
1911 2137 2125 2199 vellet
2169 2136 2246 2199 P.
2291 2136 2603 2199 Leonem
2649 2151 2810 2197 cum
2850 2133 3008 2213 ipso

542 2247 849 2325 mittere,
901 2246 1016 2308 cui
1047 2254 1116 2309 et
1147 2246 1298 2326 ipse
1338 2254 1408 2307 et
1447 2245 1587 2308 duo
1628 2243 2096 2325 Coadjutores
2137 2241 2312 2322 ejuS,
2355 2243 2474 2323 qui
2503 2244 2568 2305 ei
2609 2242 3011 2305 successuri

544 2368 773 2433 erant,
808 2353 1284 2417 obedientiam
1314 2362 1785 2432 praestarent,
1820 2364 1889 2415 et
1919 2353 1992 2415 id
2021 2360 2294 2415 secrete
2321 2351 2473 2414 fieri
2503 2366 2712 2430 posse
2744 2367 2870 2430 per
2891 2366 3012 2431 pa·

545 2472 775 2525 tentes
802 2462 1107 2539 litteraS,
1142 2461 1395 2540 quibus
1425 2478 1569 2523 non
1600 2460 1833 2523 minus
1864 2476 2075 2539 quam
2107 2457 2614 2521 Commissario
2653 2454 3013 2521 Pontificis

544 2587 621 2633 se
651 2568 1097 2632 obediturum
1127 2577 1450 2646 testatur;
1483 2568 1795 2647 postulat
1824 2568 2040 2630 etiam
2070 2566 2249 2629 duos
2279 2564 2691 2628 sacerdotes
2730 2576 3015 2644 praeter

551 2677 925 2739 duodecim
970 2688 1043 2738 ut
1088 2675 1188 2737 illi
1229 2675 1664 2756 provinciae,
1698 2691 1910 2753 quam
1942 2674 2249 2736 diximus
2300 2673 2562 2735 habere
2614 2681 2897 2735 centum
2944 2681 3015 2734 et

480 2825 485 2829 -
544 2783 1059 2863 quinquaginta
1087 2782 1429 2845 ecclesias
1452 2782 1795 2853 desertas,
1823 2781 2316 2857 subvenirent,
2344 2790 2413 2843 et
2443 2789 2818 2860 praeterea
2847 2796 3014 2858 qua·

549 2900 710 2952 tuor
742 2891 853 2951 vel
883 2890 1191 2970 quinque
1231 2888 1529 2963 fratreS,
1565 2888 1684 2968 qui
1714 2889 1787 2951 in
1830 2887 2090 2951 litteris
2129 2888 2436 2967 aliquem
2476 2885 2811 2949 fecissent
2858 2902 3012 2965 pro-

545 3014 905 3077 gressum,
940 3006 1016 3059 ut
1044 3006 1336 3077 possent
1377 3004 1626 3076 postea
1656 2996 1748 3058 ad
1789 2995 2077 3058 ordines
2113 2994 2554 3075 promoveri,
2603 3001 2672 3057 et
2708 3003 2856 3056 tres
2898 2994 3016 3055 vel

546 3114 849 3185 quatuor
878 3103 1139 3167 fratres
1178 3102 1631 3183 coadjutores
1674 3102 1767 3165 ad
1805 3111 2102 3165 externa
2147 3094 2576 3178 ministeria,
2621 3118 2708 3163 ac
2736 3100 3014 3181 potissi-

545 3228 737 3275 mum
762 3211 856 3274 ad
877 3210 1075 3273 cibos
1097 3210 1482 3291 parandOS,
1510 3226 1673 3273 cum
1696 3210 1929 3273 timeri
1950 3217 2193 3290 posset
2210 3226 2300 3272 ne
2324 3207 2596 3271 invidia
2626 3208 2902 3287 aliquos
2925 3207 3018 3270 ad

548 3334 899 3382 venenum
926 3317 1449 3399 propinandum
1476 3317 1745 3381 nostris
1775 3316 2128 3380 incitaret.

674 3424 848 3488 1241.
932 3424 1249 3488 Fuerunt
1270 3433 1506 3487 autem
1529 3425 1734 3487 electi
1756 3425 1831 3487 in
1853 3422 2293 3503 Portugallia
2315 3424 2436 3504 qui
2456 3423 2529 3486 in
2558 3422 3016 3503 Aethiopiam

547 3542 751 3596 erant
788 3532 1224 3612 destinandi;
1264 3531 1549 3595 fuerunt
1589 3543 1827 3611 autem
1868 3531 1970 3595 illi
2011 3531 2087 3595 P.
2131 3530 2491 3596 Antonius
2529 3530 2616 3593 de
2656 3529 3010 3610 QuadrOS,

548 3638 623 3704 P.
652 3640 1070 3703 Emmanuel
1091 3638 1510 3702 Fernandez
1539 3648 1606 3702 et
1621 3640 1740 3704 Fr.
1771 3637 2165 3719 Pasqualis:
2195 3648 2349 3701 erat
2372 3648 2612 3701 autem
2635 3636 2712 3700 P.
2738 3638 3012 3702 Emma-

550 3748 711 3811 nuel
741 3756 1071 3811 versatus
1102 3748 1173 3810 in
1202 3748 1415 3810 rebus
1443 3748 1979 3827 ecclesiasticis,
2012 3758 2082 3810 et
2121 3748 2214 3810 ad
2253 3748 2598 3811 solemnia
2638 3747 2867 3812 officia
2909 3767 3018 3813 ce-

549 3855 889 3918 lebranda
923 3854 1360 3935 aptissimuS,
1395 3855 1560 3934 quia
1592 3872 1676 3917 eo
1706 3872 2000 3918 munere
2041 3854 2113 3918 in
2145 3855 2446 3918 ecclesia
2489 3855 2836 3919 Eborensi
2864 3857 3013 3920 fun-

549 3972 705 4026 ctus
734 3961 991 4025 fuerat:
1025 3962 1291 4042 alioqui
1320 3962 1395 4024 in
1423 3961 1870 4041 philosophia
1911 3972 1978 4025 et
2019 3963 2302 4025 casibus
2341 3962 2821 4029 conscientiae
2861 3982 3018 4027 ver·

552 4079 751 4133 satus
768 4117 784 4148 ,
818 4078 887 4132 et
915 4067 1069 4148 ejus
1096 4069 1349 4132 electio
1378 4069 1791 4147 gratissima
1812 4068 1944 4133 fuit
1973 4069 2435 4134 Patriarchae
2464 4070 2863 4149 designato,
2897 4072 3020 4150 qui

550 4185 901 4257 apparatu
955 4176 1311 4256 pontificio
1352 4176 1445 4239 ad
1482 4175 2045 4241 aedificationem
2085 4178 2407 4258 gentium
2455 4178 2735 4241 illarum
2772 4177 3015 4242 divina

551 4282 779 4347 officia
810 4284 1297 4347 celebraturus
1326 4293 1503 4363 erat3
1531 4282 1906 4365 Pasqualis
1927 4294 2166 4348 autem
2188 4286 2430 4366 pueris
2452 4284 2796 4365 orphanis
2817 4302 3014 4365 prae·

550 4390 779 4454 fuerat
808 4391 950 4470 diu,
984 4400 1054 4454 et
1084 4391 1179 4454 ad
1216 4389 1618 4470 huiusmodi
1654 4407 2040 4471 puerorum
2077 4390 2588 4455 institutionem
2618 4392 2690 4455 in
2732 4391 3020 4454 Aethio·

550 4497 667 4577 pia
720 4508 929 4578 aptus
975 4498 1375 4561 videbatur.
1432 4497 1865 4561 Pervenerat
1899 4495 2048 4576 jam
2087 4498 2159 4561 in
2203 4497 2712 4577 Portugalliam
2750 4497 2824 4561 P.
2873 4498 3016 4563 An-

548 4605 761 4668 dreas
809 4604 896 4668 de
949 4605 1223 4669 Oviedo
1262 4623 1425 4669 cum
1473 4606 1720 4685 sociiS,
1768 4607 1891 4686 qui
1927 4624 2119 4669 nona
2162 4606 2274 4669 die
2313 4606 2738 4670 Novembris
2777 4626 2866 4670 ex
2904 4624 3020 4687 pe-

550 4712 793 4775 riculis
838 4710 1113 4777 Galliae
1162 4713 1235 4776 in
1284 4712 1703 4794 Hispaniam
1752 4713 2057 4792 ingressi
2104 4712 2410 4794 fuerant;
2458 4715 2786 4793 quamvis
2833 4716 3022 4778 enim
