3742 5392
1631 501 1760 560 Ax.
1803 502 1947 560 1554
2952 500 3035 556 79

545 649 745 713 saria
775 649 868 712 ad
897 649 1237 712 vestitum
1269 648 1286 679 ¹
1320 647 1394 710 P.
1436 646 1812 712 Pelletario
1857 648 2063 726 dare;
2108 659 2179 712 et
2220 665 2382 711 cum
2425 649 2539 711 ille
2582 664 2725 712 non
2770 647 3015 710 admit-

549 765 761 835 teret,
794 756 1154 835 allegabat
1179 755 1302 818 illa
1331 754 1596 818 dictum
1626 755 1828 818 Pauli
1857 755 2045 836 quod
2075 755 2194 836 qui
2223 755 2577 819 seminant
2614 754 3012 835 spiritualia

547 873 815 927 metere
855 862 1157 926 debeant
1197 860 1618 943 temporalia
1657 866 1700 924 ¹.
1745 861 2155 938 Aliquando
2196 862 2411 924 etiarn
2447 877 2609 924 eum
2662 861 2751 924 ad
2807 877 3016 942 pran-

545 971 743 1034 dium
771 969 1083 1048 retinuit,
1116 968 1684 1034 benevolentiam
1716 970 1782 1032 ei
1809 986 1955 1033 non
1987 969 2323 1049 exiguam
2346 968 2805 1033 ostendendo,
2834 967 3021 1032 Ade—

545 1088 659 1142 rat
689 1086 926 1142 autem
957 1086 1026 1140 et
1055 1077 1173 1140 illa
1205 1077 1771 1157 interpretationi
1809 1076 2147 1156 symboli,
2198 1093 2337 1156 quo
2381 1093 2508 1157 per
2550 1077 2820 1156 aliquot
2863 1076 3015 1139 dies

545 1186 926 1266 explicam,
957 1201 1048 1247 ne
1077 1184 1350 1247 aulicus
1381 1183 1764 1262 videretur,
1800 1201 1843 1246 a
1873 1185 2137 1264 palatio
2169 1184 2287 1247 illo
2312 1183 2636 1247 adeundo
2669 1185 3007 1248 cessavit.

542 1291 940 1355 Postulavit
968 1290 1184 1354 etiam
1214 1289 1521 1354 Ducissa
1561 1309 1604 1353 a
1643 1288 1935 1354 Summo
1977 1289 2314 1354 Pontifice
2353 1290 2735 1370 quamdam
2778 1292 3025 1371 plena—

543 1400 728 1463 riam
769 1399 1286 1478 indulgentiam
1325 1397 1398 1460 in
1437 1397 1750 1478 gratiam
1785 1399 2181 1477 puellarum
2218 1397 2785 1474 ferrariensium,
2831 1398 3023 1477 quod

545 1515 622 1571 ut
650 1506 1134 1570 testimonium
1164 1515 1539 1584 acceptum
1579 1515 1685 1568 est
1725 1504 1916 1584 quod
1960 1504 2416 1584 indulgentiis
2455 1503 2665 1568 fidem
2701 1505 3017 1568 haberet.

544 1613 637 1678 Et
669 1613 849 1676 haec
877 1612 964 1675 de
995 1610 1304 1675 Ducissa
1335 1619 1403 1675 et
1432 1610 1583 1691 ejus
1613 1611 1823 1674 domo
1856 1611 2045 1674 dicta
2078 1611 2217 1674 sint
2247 1610 2291 1670 ³.

581 1738 615 1764 ae‘
674 1719 808 1784 139.
899 1715 1252 1782 Sacerdos
1301 1718 1590 1798 quidam
1633 1728 1965 1796 venetuS,
2014 1719 2489 1798 quadraginta
2543 1719 2850 1799 quinque
2906 1736 3033 1782 an—

554 1845 689 1891 nos
730 1836 964 1904 natuS,
1011 1826 1084 1889 in
1133 1823 1559 1889 Societatem
1597 1824 1875 1887 admitti
1923 1826 2343 1906 postulavit,
2385 1836 2455 1889 et
2496 1826 2849 1889 admissus
2890 1835 3029 1900 est;

605 2033 618 2063 ¹
677 2031 778 2086 Sic;
801 2032 996 2075 rectius
1021 2030 1259 2074 fortassis
1280 2031 1351 2072 ad
1371 2030 1589 2073 victum.

599 2105 624 2136 ²
678 2103 739 2147 Si
759 2113 855 2146 nos
873 2103 1024 2146 vobis
1051 2101 1372 2158 spiritualia
1393 2103 1810 2150 seminavimus.
1836 2113 2095 2154 „ragnum
2131 2106 2212 2146 est
2232 2104 2283 2146 st*
2313 2114 2409 2146 nos
2440 2103 2687 2147 carnalia
2710 2106 2895 2146 vestra
2918 2114 3027 2147 me·

551 2173 770 2218 tamus?
788 2174 810 2218 1
833 2173 970 2228 Cor„
991 2184 1063 2230 tx,
1089 2175 1154 2217 ll.

599 2245 624 2277 ³
679 2245 944 2297 Quaedam
973 2253 1144 2288 tamen
1168 2245 1232 2288 de
1251 2244 1332 2288 his
1351 2247 1506 2298 paulo
1535 2245 1748 2291 inferius
1763 2278 1773 2298 .
1793 2246 1957 2299 n.1⁴‘.',
1981 2245 2452 2301 reperies-Atque
2474 2247 2557 2290 hic
2578 2248 2721 2290 locus
2740 2251 2821 2290 est
2854 2247 3013 2289 lecto·

545 2325 713 2361 torem
735 2316 970 2360 monendi
993 2317 1054 2360 de
1075 2317 1300 2371 quadam
1321 2316 1557 2366 historia.
1576 2328 1708 2372 quae
1731 2318 1782 2361 in
1802 2319 1979 2373 plures
1998 2317 2408 2362 acatholicorum
2429 2319 2587 2362 libros
2608 2318 2819 2371 irrepsit
2833 2349 2846 2372 ,
2867 2328 3019 2372 quae-

543 2401 640 2444 que
669 2389 816 2433 uobis
848 2399 948 2432 nou
975 2388 1106 2432 satis
1127 2387 1283 2432 firmo
1313 2388 1462 2432 inniti
1491 2388 1824 2434 fundamento
1857 2391 2082 2443 videtur,
2104 2401 2194 2442 sc.,
2226 2395 2408 2433 contra
2437 2401 2739 2444 expressam
2771 2388 2919 2432 Pauli
2948 2388 3028 2433 111

543 2463 884 2514 voluntatem,
906 2459 988 2503 cui
1021 2470 1121 2502 non
1141 2459 1493 2513 derogaverat
1525 2461 1636 2516 ejus
1665 2471 1951 2514 successor,
1973 2461 2138 2513 Julius
2160 2460 2246 2515 111,
2268 2461 2562 2504 institutum
2594 2459 2875 2504 Ferrariae
2892 2492 2903 2512 ,
2924 2459 3026 2502 hoc

541 2543 676 2576 anno
701 2531 822 2586 155⁴,
843 2529 1097 2575 adversus
1117 2529 1374 2574 Renatam
1396 2532 1462 2575 ab
1484 2531 1879 2586 Inquisitoribus
1896 2538 2210 2586 processum
2231 2539 2284 2575 et
2307 2532 2471 2575 latam
2500 2533 2829 2576 sententiam.
2854 2531 3025 2587 Hujus

539 2604 616 2648 rei
638 2603 849 2654 nullam,
869 2609 926 2646 ut
947 2602 1196 2654 videmus,
1213 2603 1337 2645 licet
1357 2603 1421 2646 ad
1444 2601 1617 2647 inlima
1637 2615 1873 2658 quaeque
1902 2604 2166 2647 narranda
2196 2603 2494 2656 descendat,
2524 2605 2835 2647 mentionem
2856 2604 3015 2647 habet

539 2675 814 2719 Polaneus.
832 2673 1090 2717 Fateatur
1123 2673 1327 2727 quidem
1353 2675 1438 2728 qui
1475 2676 1607 2719 hanc
1628 2681 1847 2719 narrant
1884 2675 2172 2726 historiam,
2198 2674 2374 2718 nullibi
2406 2675 2543 2718 illius
2575 2681 2860 2729 processus
2890 2677 3012 2718 acta

537 2747 738 2802 scripta
763 2746 983 2801 reperiri
1007 2757 1098 2789 nec
1129 2747 1290 2789 ulium
1319 2747 1484 2791 adhuc
1514 2748 1782 2791 inventum
1811 2747 1950 2791 illius
1974 2747 2219 2800 temporis
2251 2753 2630 2790 monumentum
2647 2780 2658 2798 ‚
2682 2759 2745 2790 ex
2766 2757 2866 2800 quo
2898 2746 3027 2790 talis

541 2819 618 2862 rei
639 2817 831 2862 notitia
855 2829 920 2861 ne
941 2817 1279 2872 conjectando
1299 2817 1503 2872 quidem
1524 2819 1634 2862 erui
1655 2818 1817 2873 possit
1869 2817 2072 2861 Auctor
2092 2825 2265 2860 tamen
2294 2818 2698 2872 recentissimus,
2724 2817 3019 2861 Rodocana·

541 2889 649 2942 chi,
670 2889 818 2944 cujus
847 2890 1012 2933 verba
1042 2889 1152 2943 jam
1185 2889 1392 2943 saepius
1424 2887 1780 2944 exhibuimus,
1799 2891 1947 2944 quasi
1978 2900 2225 2942 praesens
2254 2891 2481 2943 propriis
2512 2890 2685 2933 omnia
2707 2890 2869 2933 oculis
2901 2899 3021 2932 con·

537 2963 811 3016 spexisset,
842 2971 952 3004 rem
985 2968 1148 3005 totam
1179 2961 1451 3013 describit,
1485 2961 1986 3016 descriptionemque
2016 2973 2163 3005 suam
2197 2968 2417 3006 exornat
2443 2963 2583 3018 stylo
2614 2961 3018 3010 romanensibus.

540 3043 670 3086 quas
698 3037 919 3084 vocant,
940 3031 1172 3075 historiis
1203 3043 1304 3075 non
1337 3031 1560 3086 indigno:
1581 3031 1678 3076 “Ce
1699 3032 1776 3076 fut
1795 3043 1921 3076 vers
1950 3034 1999 3075 le
2034 3032 2209 3076 milieu
2231 3033 2293 3076 de
2322 3032 2493 3086 J'uillet
2510 3065 2521 3084 ,
2542 3045 2641 3087 que
2672 3033 2909 3088 1'envoye
2930 3032 3022 3075 dea

543 3101 730 3147 Guises
755 3101 968 3156 (Jamet)
995 3103 1180 3148 arriva
1209 3107 1398 3157 aupres
1428 3102 1490 3146 de
1527 3105 1578 3147 la
1609 3103 1878 3148 duchesse.
1901 3104 1943 3147 ll
1963 3116 2026 3147 en
2058 3105 2190 3148 etait
2223 3104 2391 3158 grand
2412 3111 2597 3158 temps.
2618 3103 2751 3148 Tout
2773 3114 2903 3148 ceux
2936 3101 3029 3157 qui

542 3175 755 3219 avaient
775 3175 1032 3229 entrepris
1053 3175 1114 3218 de
1145 3177 1198 3219 la
1225 3175 1478 3218 detacher
1498 3174 1566 3218 du
1597 3175 1901 3218 calvinisme
1932 3176 2128 3219 etaient
2160 3175 2277 3228 ‹ieja
2299 3175 2473 3218 reunia
2506 3181 2694 3218 autour
2715 3173 2884 3217 d'elle:
2910 3173 3021 3216 l'in·

540 3246 792 3300 quisiteur
811 3245 935 3302 Ory.
954 3248 1000 3289 le
1017 3246 1206 3300 jesuite
1230 3246 1345 3298 Jaio
1365 3247 1427 3290 de
1448 3253 1628 3290 retour
1647 3249 1680 3290 a
1699 3245 1944 3301 Ferrare,
1968 3247 2310 3301 l'mquisiteur
2330 3247 2465 3290 local
2500 3244 2749 3289 Girolano
2781 3245 2898 3300 (sici
2918 3243 3016 3288 Pa·

539 3319 674 3374 pino,
696 3317 762 3362 M.
783 3320 846 3363 de
881 3317 1072 3370 Gabre,
1093 3321 1289 3373 eveque
1312 3319 1374 3362 de
1393 3317 1602 3362 Lodeve
1618 3351 1629 3372 ,
1650 3319 2022 3362 ambassadeur
2052 3319 2119 3362 du
2149 3319 2225 3361 roi
2247 3318 2309 3361 de
2346 3317 2574 3370 France,
2598 3325 2651 3360 et
2686 3317 2734 3360 le
2767 3315 3020 3360 Cardinal

543 3389 843 3446 Hippolyte,
864 3391 910 3433 le
933 3389 1068 3432 frere
1098 3389 1424 3433 d'Hercule...
1453 3389 1558 3444 ory
1588 3390 1711 3445 Joua
1742 3391 1790 3433 le
1821 3391 1929 3434 rele
1962 3390 2335 3442 d'accusateur,
2365 3391 2597 3443 Pes-eque
2632 3388 2694 3432 de
2725 3387 2936 3432 Lodeve
2968 3393 3023 3430 et

540 3465 663 3516 pere
688 3460 987 3513 Pelletario,
1007 3469 1216 3505 recteur
1235 3462 1301 3505 du
1323 3463 1518 3516 college
1541 3461 1630 3504 des
1648 3462 1889 3517 jesuites,
1908 3461 2170 3505 servirent
2190 3461 2534 3505 d'assesseurs
2564 3472 2631 3505 au
2660 3459 2925 3514 president
2956 3459 3025 3502 du

539 3533 784 3584 tribunal,
800 3533 886 3587 qui
903 3533 997 3582 sut,
1015 3535 1048 3576 a
1062 3544 1120 3576 ce
1141 3533 1287 3587 qu'on
1305 3541 1428 3587 peut
1446 3544 1714 3588 supposer,
1731 3534 2091 3588 monseignenr
2108 3533 2355 3584 Rossetti,
2372 3535 2737 3587 representant
2756 3531 3019 3575 l'autorite

543 3605 881 3658 diocesaine...
903 3605 936 3648 1.
958 3616 1015 3652 c..
1033 3615 1152 3658 pag.
1170 3604 1251 3647 242
1272 3611 1325 3648 et
1343 3605 1438 3648 218.
1457 3605 1655 3649 Verum
1675 3617 1806 3659 quae
1829 3604 1955 3648 fides
1986 3604 2187 3648 auctori
2204 3604 2459 3656 habenda,
2482 3604 2568 3657 qui
2582 3635 2594 3658 ,
2615 3603 2677 3646 de
2701 3604 2853 3647 rebus
2882 3602 3026 3646 hisce

545 3676 946 3720 ferrariensibus
963 3677 1213 3728 scribens,
1235 3678 1362 3719 bene
1383 3687 1534 3720 nosse
1556 3676 1829 3721 Claudium
1846 3676 2017 3730 Jaium
2050 3687 2144 3719 non
2166 3682 2374 3720 curavit
2394 3708 2405 3728 ,
2426 3686 2578 3729 quem
2608 3675 2817 3729 ignorat
2838 3684 3019 3727 supre-

542 3759 680 3792 mum
701 3748 836 3792 diem
855 3747 1086 3791 Viennae
1103 3747 1291 3791 obiisse
1310 3747 1382 3790 ⁶.·
1403 3749 1626 3802 Augusti
1645 3749 1854 3792 1552nec
1869 3749 2097 3803 potuisse
2118 3747 2330 3801 proinde
2352 3746 2467 3790 §tre
2488 3747 2555 3790 de
2576 3750 2759 3790 retour
2779 3747 2813 3790 a
2828 3745 3025 3789 Ferra-

551 3831 610 3862 re
640 3830 738 3873 quo
768 3826 1004 3873 tempore
1025 3817 1305 3863 Ferrariae
1340 3819 1438 3863 fuit
1467 3819 1766 3864 Matthaeus
1787 3819 1910 3874 Ory.
1942 3831 2075 3864 anno
2108 3819 2330 3863 sc.155-1?
2361 3818 2530 3871 Jaium
2561 3819 2689 3862 adeo
2720 3819 2925 3872 ignorat
2948 3822 3030 3870 ut,

543 3891 734 3946 gallice
767 3891 1015 3941 scribens.
1039 3901 1300 3944 nunquam
1332 3902 1446 3935 eum
1479 3889 1554 3934 Le
1585 3890 1684 3947 Jay
1716 3892 1972 3946 appellet,
2007 3891 2095 3933 sed
2126 3889 2267 3943 Jaio,
2304 3901 2664 3944 nonnunquam
2694 3889 2857 3933 etiam
2888 3887 3021 3932 Gaio

542 3963 678 4017 (pag.
703 3961 815 4012 194).
837 3961 888 4006 Is
907 3969 1082 4006 tamen
1099 3963 1255 4006 audet
1275 3961 1450 4006 Patris
1472 3962 1704 4007 Danielis
1721 3962 1920 4006 Bartoli
1939 3962 2289 4006 testimonium
2306 3962 2358 4005 in
2374 3962 2582 4005 dubium
2596 3969 2849 4004 revocare
2868 3959 3022 4013 (Bar-

544 4033 659 4083 toli,
676 4033 804 4077 dont
824 4034 1168 4076 l'exactitude
1189 4037 1271 4076 est
1305 4035 1645 4084 contestable,
1667 4045 1787 4088 pag.
1807 4035 1901 4089 194,
1923 4041 2097 4078 annot.
2121 4036 2192 4087 l.),
2214 4033 2301 4088 qui
2318 4039 2591 4089 postquam
2620 4043 2729 4076 rem
2752 4037 2917 4076 totam
2940 4031 3023 4075 iis·

544 4106 660 4150 dem
677 4106 788 4150 fere
808 4117 870 4150 ac
893 4105 1148 4150 Polaticus
1170 4107 1348 4149 verbis
1369 4106 1644 4150 enarravit
1666 4113 1718 4150 et
1741 4107 2047 4160 quibusdam
2069 4118 2099 4149 a
2122 4105 2348 4150 Polanco
2376 4105 2579 4148 omissis
2598 4104 2856 4160 adjunctis
2877 4115 3021 4147 exor-

541 4179 708 4231 navit,
731 4179 1051 4222 communem
1069 4178 1168 4221 sibi
1189 4183 1242 4221 et
1259 4177 1485 4221 Polanco
1504 4177 1696 4222 fontem
1717 4178 1908 4232 aperit,
1925 4179 2083 4221 aiens:
2100 4177 2260 4221 “Tuto
2282 4179 2317 4222 il
2338 4175 2403 4220 fin
2428 4177 2513 4230 qui
2534 4183 2839 4220 raccontato
2860 4175 3019 4227 hallo,

541 4260 638 4293 con
656 4249 870 4304 pat-echi
891 4251 1028 4293 altre
1050 4249 1430 4304 particolarlta,
1453 4250 1484 4294 il
1509 4249 1785 4293 Pelletario
1807 4256 1974 4293 stesso
1996 4251 2049 4293 in
2068 4250 2316 4304 alquante
2338 4261 2427 4292 sue
2450 4251 2636 4292 lettere
2654 4249 2707 4300 (a
2730 4247 2783 4290 S.
2801 4247 3023 4300 Ignaaio

543 4321 610 4364 de
627 4321 710 4372 13,
726 4321 799 4364 20
819 4333 848 4364 e
868 4320 939 4364 24
960 4322 1020 4364 di
1039 4321 1170 4364 Seu.
1195 4332 1222 4364 e
1242 4320 1330 4364 del
1349 4321 1380 4363 1
1413 4321 1473 4364 di
1501 4321 1631 4366 Nov.
1663 4321 1837 4375 155⁴),
1871 4321 1955 4365 da'
1982 4332 2063 4365 cut
2096 4321 2337 4374 originali
2374 4321 2406 4362 l’
2427 4321 2493 4364 ho
2516 4325 2697 4372 tratto,
2717 4331 2745 4362 e
2782 4319 2850 4362 da
2878 4320 3015 4363 altre

539 4393 786 4438 scritture
809 4393 1224 4447 compilatejcola
1243 4399 1383 4436 sotto
1405 4395 1522 4447 quel
1544 4393 1820 4437 medesimo
1846 4399 2018 4447 tempo
2040 4425 2063 4446 „
2085 4395 2119 4436 1.
2143 4404 2204 4447 c.,
2228 4403 2346 4446 pag.
2368 4393 2462 4435 138.

619 4463 918 4509 Fatendum
939 4474 1111 4508 tamen
1132 4472 1213 4508 est
1235 4465 1298 4508 1.⁰
1321 4465 1738 4510 recentissimum
1757 4466 1891 4510 hunc
1913 4463 2281 4508 Rodocanachi
2305 4464 2437 4507 alios
2470 4463 2519 4506 in
2553 4462 2891 4507 instaurando
2921 4461 3018 4504 hoc

538 4543 798 4592 processu
817 4537 975 4582 duces
994 4545 1046 4580 et
1067 4538 1439 4591 antesignanos
1460 4538 1720 4592 habuisse,
1741 4538 2021 4592 praecipue
2043 4549 2169 4581 vero
2190 4535 2233 4580 F
2235 4544 2482 4580 ontanam
2497 4570 2508 4588 ,
2532 4537 2614 4591 qui
2646 4541 2837 4589 tamen,
2859 4535 3024 4579 ferra·

545 4610 788 4654 tlensium
808 4621 984 4654 rerum
1005 4609 1174 4662 magis
1193 4611 1392 4664 peritus
1407 4643 1417 4662 ,
1439 4608 1612 4662 Jaium
1632 4622 1659 4653 e
1681 4609 1894 4652 mortuis
1914 4619 2015 4652 non
2050 4617 2257 4652 evocat.
2287 4609 2355 4651 2.⁰
2376 4608 2523 4652 Hunc
2556 4607 2851 4652 Fontauam
2877 4607 3029 4650 assir·

545 4693 714 4736 mare,
736 4683 770 4726 l.
793 4693 857 4737 c.,
879 4693 1000 4737 pag.
1017 4683 1124 4736 373,
1149 4683 1250 4726 vol.
1273 4693 1328 4736 1¹,
1351 4693 1404 4726 se
1431 4687 1719 4736 processus
1752 4681 1905 4735 huius
1938 4682 2133 4726 habere
2165 4689 2365 4724 certam
2398 4683 2657 4733 notiti.tm;
2680 4680 2811 4723 unde
2844 4687 3021 4723 autem

543 4753 678 4797 hanc
697 4762 903 4799 certam
921 4755 1160 4798 notitiam
1180 4753 1415 4798 hauserit
1429 4786 1440 4808 ,
1463 4764 1563 4797 non
1581 4753 1810 4807 aperire.
