<?xml version="1.0" encoding="UTF-8"?>
<!DOCTYPE html PUBLIC "-//W3C//DTD XHTML 1.0 Transitional//EN"
    "http://www.w3.org/TR/xhtml1/DTD/xhtml1-transitional.dtd">
<html xmlns="http://www.w3.org/1999/xhtml" xml:lang="en" lang="en">
 <head>
  <title>
</title>
<meta http-equiv="Content-Type" content="text/html;charset=utf-8" />
  <meta name='ocr-system' content='tesseract 3.04.00' />
  <meta name='ocr-capabilities' content='ocr_page ocr_carea ocr_par ocr_line ocrx_word'/>
</head>
<body>
  <div class='ocr_page' id='page_1' title='image "./vitaignatiiloio02polagoog_0188.png"; bbox 0 0 3742 5392; ppageno 0'>
   <div class='ocr_carea' id='block_1_1' title="bbox 742 450 2281 525">
    <p class='ocr_par' dir='ltr' id='par_1_1' title="bbox 742 450 2281 525">
     <span class='ocr_line' id='line_1_1' title="bbox 742 450 2281 525; baseline -0.001 -14"><span class='ocrx_word' id='word_1_1' title='bbox 742 454 842 511; x_wconf 88' lang='lat'>180</span> <span class='ocrx_word' id='word_1_2' title='bbox 1657 453 1905 511; x_wconf 66' lang='lat' dir='ltr'>Cimon.</span> <span class='ocrx_word' id='word_1_3' title='bbox 1947 450 2097 511; x_wconf 90' lang='lat' dir='ltr'>Soc.</span> <span class='ocrx_word' id='word_1_4' title='bbox 2140 452 2281 525; x_wconf 79' lang='lat' dir='ltr'>Jns.</span> 
     </span>
    </p>
   </div>
   <div class='ocr_carea' id='block_1_2' title="bbox 712 599 3202 3469">
    <p class='ocr_par' dir='ltr' id='par_1_2' title="bbox 726 599 3202 1629">
     <span class='ocr_line' id='line_1_2' title="bbox 734 599 3202 679; baseline 0.001 -14"><span class='ocrx_word' id='word_1_5' title='bbox 734 602 951 665; x_wconf 88' lang='lat' dir='ltr'>millia</span> <span class='ocrx_word' id='word_1_6' title='bbox 986 600 1435 677; x_wconf 85' lang='lat' dir='ltr'>conficiebat,</span> <span class='ocrx_word' id='word_1_7' title='bbox 1490 599 2060 679; x_wconf 88' lang='lat' dir='ltr'>destinabantur;</span> <span class='ocrx_word' id='word_1_8' title='bbox 2117 617 2286 665; x_wconf 88' lang='lat' dir='ltr'>nam</span> <span class='ocrx_word' id='word_1_9' title='bbox 2313 602 2406 665; x_wconf 88' lang='lat' dir='ltr'>ad</span> <span class='ocrx_word' id='word_1_10' title='bbox 2444 602 2713 665; x_wconf 90' lang='lat' dir='ltr'>reditus</span> <span class='ocrx_word' id='word_1_11' title='bbox 2755 620 3030 667; x_wconf 87' lang='lat' dir='ltr'>annuos</span> <span class='ocrx_word' id='word_1_12' title='bbox 3063 604 3202 668; x_wconf 80' lang='lat' dir='ltr'>suf-</span> 
     </span>
     <span class='ocr_line' id='line_1_3' title="bbox 734 706 3198 791; baseline 0.002 -21"><span class='ocrx_word' id='word_1_13' title='bbox 734 707 941 772; x_wconf 86' lang='lat' dir='ltr'>ficere</span> <span class='ocrx_word' id='word_1_14' title='bbox 966 725 1177 788; x_wconf 90' lang='lat' dir='ltr'>posse</span> <span class='ocrx_word' id='word_1_15' title='bbox 1207 706 1627 771; x_wconf 80' lang='lat' dir='ltr'>videbantur</span> <span class='ocrx_word' id='word_1_16' title='bbox 1658 708 1976 770; x_wconf 83' lang='lat' dir='ltr'>sexcenti</span> <span class='ocrx_word' id='word_1_17' title='bbox 1999 709 2197 771; x_wconf 83' lang='lat' dir='ltr'>aurei</span> <span class='ocrx_word' id='word_1_18' title='bbox 2219 709 2467 787; x_wconf 89' lang='lat' dir='ltr'>annui,</span> <span class='ocrx_word' id='word_1_19' title='bbox 2497 710 2616 789; x_wconf 92' lang='lat' dir='ltr'>qui</span> <span class='ocrx_word' id='word_1_20' title='bbox 2639 710 2727 772; x_wconf 88' lang='lat' dir='ltr'>ab</span> <span class='ocrx_word' id='word_1_21' title='bbox 2757 709 3198 791; x_wconf 81' lang='lat' dir='ltr'>Imperatore</span> 
     </span>
     <span class='ocr_line' id='line_1_4' title="bbox 732 814 3202 895; baseline 0.001 -16"><span class='ocrx_word' id='word_1_22' title='bbox 732 817 1071 895; x_wconf 90' lang='lat' dir='ltr'>postulati</span> <span class='ocrx_word' id='word_1_23' title='bbox 1100 827 1169 878; x_wconf 87' lang='lat' dir='ltr'>et</span> <span class='ocrx_word' id='word_1_24' title='bbox 1200 815 1287 877; x_wconf 91' lang='lat' dir='ltr'>ab</span> <span class='ocrx_word' id='word_1_25' title='bbox 1318 832 1403 877; x_wconf 89' lang='lat' dir='ltr'>eo</span> <span class='ocrx_word' id='word_1_26' title='bbox 1435 816 1756 878; x_wconf 86' lang='lat' dir='ltr'>concessi</span> <span class='ocrx_word' id='word_1_27' title='bbox 1786 814 2099 893; x_wconf 87' lang='lat' dir='ltr'>fuerunt;</span> <span class='ocrx_word' id='word_1_28' title='bbox 2133 824 2302 877; x_wconf 88' lang='lat' dir='ltr'>tunc</span> <span class='ocrx_word' id='word_1_29' title='bbox 2331 816 2519 878; x_wconf 89' lang='lat' dir='ltr'>enim</span> <span class='ocrx_word' id='word_1_30' title='bbox 2550 834 2885 880; x_wconf 90' lang='lat' dir='ltr'>numerus</span> <span class='ocrx_word' id='word_1_31' title='bbox 2927 827 3202 883; x_wconf 90' lang='lat' dir='ltr'>nostro·</span> 
     </span>
     <span class='ocr_line' id='line_1_5' title="bbox 732 921 3195 1002; baseline 0.001 -16"><span class='ocrx_word' id='word_1_32' title='bbox 732 940 889 994; x_wconf 83' lang='lat' dir='ltr'>rum</span> <span class='ocrx_word' id='word_1_33' title='bbox 912 922 1209 1002; x_wconf 84' lang='lat' dir='ltr'>Neapoli</span> <span class='ocrx_word' id='word_1_34' title='bbox 1240 924 1425 985; x_wconf 85' lang='lat' dir='ltr'>ultra</span> <span class='ocrx_word' id='word_1_35' title='bbox 1456 921 1828 985; x_wconf 89' lang='lat' dir='ltr'>duodecim</span> <span class='ocrx_word' id='word_1_36' title='bbox 1858 922 1974 984; x_wconf 90' lang='lat' dir='ltr'>vel</span> <span class='ocrx_word' id='word_1_37' title='bbox 2003 922 2538 1001; x_wconf 89' lang='lat' dir='ltr'>quatuordecim</span> <span class='ocrx_word' id='word_1_38' title='bbox 2563 940 2705 987; x_wconf 91' lang='lat' dir='ltr'>non</span> <span class='ocrx_word' id='word_1_39' title='bbox 2736 924 3195 989; x_wconf 84' lang='lat' dir='ltr'>ascendebat.</span> 
     </span>
     <span class='ocr_line' id='line_1_6' title="bbox 732 1028 3197 1111; baseline 0.002 -19"><span class='ocrx_word' id='word_1_40' title='bbox 732 1030 961 1093; x_wconf 81' lang='lat' dir='ltr'>Medio</span> <span class='ocrx_word' id='word_1_41' title='bbox 1006 1039 1243 1092; x_wconf 86' lang='lat' dir='ltr'>autem</span> <span class='ocrx_word' id='word_1_42' title='bbox 1284 1046 1525 1091; x_wconf 88' lang='lat' dir='ltr'>mense</span> <span class='ocrx_word' id='word_1_43' title='bbox 1568 1028 1908 1107; x_wconf 81' lang='lat' dir='ltr'>Augusti,</span> <span class='ocrx_word' id='word_1_44' title='bbox 1963 1039 2084 1092; x_wconf 89' lang='lat' dir='ltr'>aut</span> <span class='ocrx_word' id='word_1_45' title='bbox 2115 1029 2310 1092; x_wconf 91' lang='lat' dir='ltr'>circa</span> <span class='ocrx_word' id='word_1_46' title='bbox 2355 1029 2428 1093; x_wconf 90' lang='lat' dir='ltr'>id</span> <span class='ocrx_word' id='word_1_47' title='bbox 2457 1040 2766 1111; x_wconf 82' lang='lat' dir='ltr'>tempuS,</span> <span class='ocrx_word' id='word_1_48' title='bbox 2801 1030 3043 1097; x_wconf 87' lang='lat' dir='ltr'>Nostri</span> <span class='ocrx_word' id='word_1_49' title='bbox 3071 1035 3197 1097; x_wconf 89' lang='lat' dir='ltr'>mi-</span> 
     </span>
     <span class='ocr_line' id='line_1_7' title="bbox 728 1136 3194 1219; baseline 0.002 -20"><span class='ocrx_word' id='word_1_50' title='bbox 728 1154 941 1215; x_wconf 85' lang='lat' dir='ltr'>grare</span> <span class='ocrx_word' id='word_1_51' title='bbox 974 1136 1063 1199; x_wconf 89' lang='lat' dir='ltr'>ad</span> <span class='ocrx_word' id='word_1_52' title='bbox 1093 1153 1358 1200; x_wconf 89' lang='lat' dir='ltr'>novam</span> <span class='ocrx_word' id='word_1_53' title='bbox 1388 1146 1457 1199; x_wconf 88' lang='lat' dir='ltr'>et</span> <span class='ocrx_word' id='word_1_54' title='bbox 1486 1136 1849 1216; x_wconf 86' lang='lat' dir='ltr'>propriam</span> <span class='ocrx_word' id='word_1_55' title='bbox 1889 1136 2174 1199; x_wconf 89' lang='lat' dir='ltr'>domum</span> <span class='ocrx_word' id='word_1_56' title='bbox 2213 1136 2778 1217; x_wconf 87' lang='lat' dir='ltr'>destinaverant,</span> <span class='ocrx_word' id='word_1_57' title='bbox 2833 1140 3021 1219; x_wconf 94' lang='lat' dir='ltr'>quod</span> <span class='ocrx_word' id='word_1_58' title='bbox 3051 1158 3194 1204; x_wconf 91' lang='lat' dir='ltr'>non</span> 
     </span>
     <span class='ocr_line' id='line_1_8' title="bbox 726 1243 3196 1325; baseline 0.001 -18"><span class='ocrx_word' id='word_1_59' title='bbox 726 1246 879 1308; x_wconf 90' lang='lat' dir='ltr'>sine</span> <span class='ocrx_word' id='word_1_60' title='bbox 908 1244 1118 1323; x_wconf 88' lang='lat' dir='ltr'>gravi</span> <span class='ocrx_word' id='word_1_61' title='bbox 1147 1243 1412 1307; x_wconf 85' lang='lat' dir='ltr'>doloris</span> <span class='ocrx_word' id='word_1_62' title='bbox 1443 1260 1654 1307; x_wconf 87' lang='lat' dir='ltr'>sensu</span> <span class='ocrx_word' id='word_1_63' title='bbox 1705 1245 2016 1306; x_wconf 90' lang='lat' dir='ltr'>tulerunt</span> <span class='ocrx_word' id='word_1_64' title='bbox 2069 1244 2199 1321; x_wconf 90' lang='lat' dir='ltr'>illi,</span> <span class='ocrx_word' id='word_1_65' title='bbox 2255 1244 2375 1325; x_wconf 92' lang='lat' dir='ltr'>qui</span> <span class='ocrx_word' id='word_1_66' title='bbox 2426 1244 2902 1309; x_wconf 88' lang='lat' dir='ltr'>conductitiae</span> <span class='ocrx_word' id='word_1_67' title='bbox 2954 1247 3196 1311; x_wconf 86' lang='lat' dir='ltr'>domui</span> 
     </span>
     <span class='ocr_line' id='line_1_9' title="bbox 728 1350 3190 1434; baseline 0.002 -21"><span class='ocrx_word' id='word_1_68' title='bbox 728 1352 944 1416; x_wconf 91' lang='lat' dir='ltr'>vicini</span> <span class='ocrx_word' id='word_1_69' title='bbox 966 1362 1203 1428; x_wconf 90' lang='lat' dir='ltr'>erant,</span> <span class='ocrx_word' id='word_1_70' title='bbox 1232 1351 1352 1431; x_wconf 91' lang='lat' dir='ltr'>qui</span> <span class='ocrx_word' id='word_1_71' title='bbox 1375 1366 1636 1428; x_wconf 88' lang='lat' dir='ltr'>magno</span> <span class='ocrx_word' id='word_1_72' title='bbox 1670 1350 2040 1413; x_wconf 89' lang='lat' dir='ltr'>charitatis</span> <span class='ocrx_word' id='word_1_73' title='bbox 2073 1350 2328 1415; x_wconf 90' lang='lat' dir='ltr'>affectu</span> <span class='ocrx_word' id='word_1_74' title='bbox 2354 1352 2732 1432; x_wconf 88' lang='lat' dir='ltr'>collegium</span> <span class='ocrx_word' id='word_1_75' title='bbox 2765 1370 3190 1434; x_wconf 87' lang='lat' dir='ltr'>prosequen-</span> 
     </span>
     <span class='ocr_line' id='line_1_10' title="bbox 726 1455 3190 1539; baseline 0.002 -18"><span class='ocrx_word' id='word_1_76' title='bbox 726 1472 861 1535; x_wconf 79' lang='lat' dir='ltr'>teS,</span> <span class='ocrx_word' id='word_1_77' title='bbox 890 1457 1267 1521; x_wconf 88' lang='lat' dir='ltr'>transitum</span> <span class='ocrx_word' id='word_1_78' title='bbox 1288 1455 1441 1537; x_wconf 90' lang='lat' dir='ltr'>ejus</span> <span class='ocrx_word' id='word_1_79' title='bbox 1470 1458 1543 1520; x_wconf 87' lang='lat' dir='ltr'>in</span> <span class='ocrx_word' id='word_1_80' title='bbox 1565 1467 1912 1521; x_wconf 87' lang='lat' dir='ltr'>remotam</span> <span class='ocrx_word' id='word_1_81' title='bbox 1934 1458 2246 1521; x_wconf 89' lang='lat' dir='ltr'>civitatis</span> <span class='ocrx_word' id='word_1_82' title='bbox 2270 1468 2545 1539; x_wconf 90' lang='lat' dir='ltr'>partem</span> <span class='ocrx_word' id='word_1_83' title='bbox 2569 1476 2786 1539; x_wconf 87' lang='lat' dir='ltr'>aegre</span> <span class='ocrx_word' id='word_1_84' title='bbox 2811 1460 3190 1525; x_wconf 86' lang='lat' dir='ltr'>admodum</span> 
     </span>
     <span class='ocr_line' id='line_1_11' title="bbox 726 1566 1069 1629; baseline -0.015 0"><span class='ocrx_word' id='word_1_85' title='bbox 726 1566 1069 1629; x_wconf 85' lang='lat' dir='ltr'>ferebant.</span> 
     </span>
    </p>

    <p class='ocr_par' dir='ltr' id='par_1_3' title="bbox 726 1672 3190 1861">
     <span class='ocr_line' id='line_1_12' title="bbox 842 1672 3190 1753; baseline 0.001 -18"><span class='ocrx_word' id='word_1_86' title='bbox 842 1672 983 1735; x_wconf 88' lang='grc'>379.</span> <span class='ocrx_word' id='word_1_87' title='bbox 1072 1672 1383 1735; x_wconf 88' lang='lat' dir='ltr'>Litterae</span> <span class='ocrx_word' id='word_1_88' title='bbox 1414 1683 1739 1752; x_wconf 89' lang='lat' dir='ltr'>patentes</span> <span class='ocrx_word' id='word_1_89' title='bbox 1780 1672 1873 1735; x_wconf 92' lang='lat' dir='ltr'>ad</span> <span class='ocrx_word' id='word_1_90' title='bbox 1921 1673 2080 1735; x_wconf 87' lang='lat' dir='ltr'>loca</span> <span class='ocrx_word' id='word_1_91' title='bbox 2131 1673 2494 1753; x_wconf 91' lang='lat' dir='ltr'>praedicta</span> <span class='ocrx_word' id='word_1_92' title='bbox 2536 1691 2769 1738; x_wconf 87' lang='lat' dir='ltr'>vacua</span> <span class='ocrx_word' id='word_1_93' title='bbox 2815 1675 3190 1740; x_wconf 89' lang='lat' dir='ltr'>vendenda</span> 
     </span>
     <span class='ocr_line' id='line_1_13' title="bbox 726 1777 3190 1861; baseline 0.002 -20"><span class='ocrx_word' id='word_1_94' title='bbox 726 1778 1098 1860; x_wconf 84' lang='lat' dir='ltr'>expeditae</span> <span class='ocrx_word' id='word_1_95' title='bbox 1132 1798 1173 1841; x_wconf 87' lang='lat' dir='ltr'>a</span> <span class='ocrx_word' id='word_1_96' title='bbox 1204 1777 1543 1857; x_wconf 89' lang='lat' dir='ltr'>Pro-rege</span> <span class='ocrx_word' id='word_1_97' title='bbox 1572 1778 1857 1841; x_wconf 89' lang='lat' dir='ltr'>fuerunt</span> <span class='ocrx_word' id='word_1_98' title='bbox 1888 1790 1958 1843; x_wconf 89' lang='lat' dir='ltr'>et</span> <span class='ocrx_word' id='word_1_99' title='bbox 1988 1779 2086 1842; x_wconf 90' lang='lat' dir='ltr'>ita</span> <span class='ocrx_word' id='word_1_100' title='bbox 2115 1780 2456 1859; x_wconf 90' lang='lat' dir='ltr'>paulatim</span> <span class='ocrx_word' id='word_1_101' title='bbox 2487 1781 2697 1844; x_wconf 85' lang='lat' dir='ltr'>vendi</span> <span class='ocrx_word' id='word_1_102' title='bbox 2728 1792 3114 1861; x_wconf 88' lang='lat' dir='ltr'>coeperunt</span> <span class='ocrx_word' id='word_1_103' title='bbox 3149 1783 3190 1846; x_wconf 88' lang='lat'>¹.</span> 
     </span>
    </p>

    <p class='ocr_par' dir='ltr' id='par_1_4' title="bbox 722 1884 3188 2395">
     <span class='ocr_line' id='line_1_14' title="bbox 844 1884 3181 1970; baseline 0.002 -21"><span class='ocrx_word' id='word_1_104' title='bbox 844 1884 984 1949; x_wconf 85' lang='lat'>380.</span> <span class='ocrx_word' id='word_1_105' title='bbox 1074 1884 1178 1949; x_wconf 92' lang='lat' dir='ltr'>Eo</span> <span class='ocrx_word' id='word_1_106' title='bbox 1209 1896 1526 1966; x_wconf 89' lang='lat' dir='ltr'>tempore</span> <span class='ocrx_word' id='word_1_107' title='bbox 1568 1903 1727 1949; x_wconf 91' lang='lat' dir='ltr'>cum</span> <span class='ocrx_word' id='word_1_108' title='bbox 1778 1885 2080 1949; x_wconf 86' lang='lat' dir='ltr'>Carolus</span> <span class='ocrx_word' id='word_1_109' title='bbox 2109 1887 2178 1949; x_wconf 91' lang='lat' dir='ltr'>V</span> <span class='ocrx_word' id='word_1_110' title='bbox 2207 1886 2598 1967; x_wconf 83' lang='lat' dir='ltr'>Imperator</span> <span class='ocrx_word' id='word_1_111' title='bbox 2651 1887 2792 1951; x_wconf 89' lang='lat' dir='ltr'>filio</span> <span class='ocrx_word' id='word_1_112' title='bbox 2833 1889 3181 1970; x_wconf 82' lang='lat' dir='ltr'>Philippo,</span> 
     </span>
     <span class='ocr_line' id='line_1_15' title="bbox 725 1991 3188 2076; baseline 0.001 -19"><span class='ocrx_word' id='word_1_113' title='bbox 725 1994 1230 2074; x_wconf 85' lang='lat' dir='ltr'>Hispaniarum</span> <span class='ocrx_word' id='word_1_114' title='bbox 1260 1992 1571 2072; x_wconf 87' lang='lat' dir='ltr'>Principi</span> <span class='ocrx_word' id='word_1_115' title='bbox 1602 2002 1669 2056; x_wconf 91' lang='lat' dir='ltr'>et</span> <span class='ocrx_word' id='word_1_116' title='bbox 1700 1991 2009 2073; x_wconf 87' lang='lat' dir='ltr'>Angliae</span> <span class='ocrx_word' id='word_1_117' title='bbox 2046 1992 2259 2075; x_wconf 88' lang='lat' dir='ltr'>Regi,</span> <span class='ocrx_word' id='word_1_118' title='bbox 2315 2011 2614 2073; x_wconf 88' lang='lat' dir='ltr'>regnum</span> <span class='ocrx_word' id='word_1_119' title='bbox 2647 1994 3188 2076; x_wconf 88' lang='lat' dir='ltr'>Neapolitanum</span> 
     </span>
     <span class='ocr_line' id='line_1_16' title="bbox 724 2082 3186 2182; baseline 0.002 -19"><span class='ocrx_word' id='word_1_120' title='bbox 724 2101 1181 2181; x_wconf 85' lang='lat' dir='ltr'>resignasset,</span> <span class='ocrx_word' id='word_1_121' title='bbox 1214 2082 1513 2162; x_wconf 67' lang='lat' dir='ltr'>Pro-rex</span> <span class='ocrx_word' id='word_1_122' title='bbox 1552 2100 1765 2163; x_wconf 90' lang='lat' dir='ltr'>etiam</span> <span class='ocrx_word' id='word_1_123' title='bbox 1806 2098 2187 2163; x_wconf 89' lang='lat' dir='ltr'>mutandus</span> <span class='ocrx_word' id='word_1_124' title='bbox 2230 2101 2628 2179; x_wconf 85' lang='lat' dir='ltr'>dicebatur,</span> <span class='ocrx_word' id='word_1_125' title='bbox 2673 2113 2741 2164; x_wconf 89' lang='lat' dir='ltr'>et</span> <span class='ocrx_word' id='word_1_126' title='bbox 2771 2102 2996 2182; x_wconf 89' lang='lat' dir='ltr'>ipsius</span> <span class='ocrx_word' id='word_1_127' title='bbox 3030 2104 3186 2167; x_wconf 92' lang='lat' dir='ltr'>loco</span> 
     </span>
     <span class='ocr_line' id='line_1_17' title="bbox 722 2205 3187 2290; baseline 0.001 -19"><span class='ocrx_word' id='word_1_128' title='bbox 722 2210 1067 2290; x_wconf 87' lang='lat' dir='ltr'>Joannem</span> <span class='ocrx_word' id='word_1_129' title='bbox 1100 2226 1141 2269; x_wconf 89' lang='lat' dir='ltr'>a</span> <span class='ocrx_word' id='word_1_130' title='bbox 1174 2205 1381 2287; x_wconf 88' lang='lat' dir='ltr'>Vega</span> <span class='ocrx_word' id='word_1_131' title='bbox 1410 2223 1910 2270; x_wconf 89' lang='lat' dir='ltr'>successurum</span> <span class='ocrx_word' id='word_1_132' title='bbox 1935 2224 2090 2269; x_wconf 88' lang='lat' dir='ltr'>esse</span> <span class='ocrx_word' id='word_1_133' title='bbox 2118 2223 2361 2271; x_wconf 89' lang='lat' dir='ltr'>rumor</span> <span class='ocrx_word' id='word_1_134' title='bbox 2403 2219 2587 2287; x_wconf 88' lang='lat' dir='ltr'>erat;</span> <span class='ocrx_word' id='word_1_135' title='bbox 2622 2211 2950 2290; x_wconf 87' lang='lat' dir='ltr'>quamvis</span> <span class='ocrx_word' id='word_1_136' title='bbox 2979 2211 3187 2275; x_wconf 90' lang='lat' dir='ltr'>aliter</span> 
     </span>
     <span class='ocr_line' id='line_1_18' title="bbox 726 2314 1861 2395; baseline -0.002 -17"><span class='ocrx_word' id='word_1_137' title='bbox 726 2332 839 2379; x_wconf 86' lang='lat' dir='ltr'>res</span> <span class='ocrx_word' id='word_1_138' title='bbox 870 2334 954 2378; x_wconf 84' lang='lat' dir='ltr'>ac</span> <span class='ocrx_word' id='word_1_139' title='bbox 985 2315 1407 2395; x_wconf 88' lang='lat' dir='ltr'>sperabatur</span> <span class='ocrx_word' id='word_1_140' title='bbox 1438 2314 1782 2377; x_wconf 89' lang='lat' dir='ltr'>successit</span> <span class='ocrx_word' id='word_1_141' title='bbox 1816 2314 1861 2376; x_wconf 70' lang='lat'>³.</span> 
     </span>
    </p>

    <p class='ocr_par' dir='ltr' id='par_1_5' title="bbox 712 2420 3190 3469">
     <span class='ocr_line' id='line_1_19' title="bbox 840 2420 3190 2489; baseline 0.002 -4"><span class='ocrx_word' id='word_1_142' title='bbox 840 2421 980 2487; x_wconf 87' lang='grc'><strong>381.</strong></span> <span class='ocrx_word' id='word_1_143' title='bbox 1068 2421 1345 2485; x_wconf 88' lang='lat' dir='ltr'>Auctus</span> <span class='ocrx_word' id='word_1_144' title='bbox 1375 2430 1528 2484; x_wconf 89' lang='lat' dir='ltr'>erat</span> <span class='ocrx_word' id='word_1_145' title='bbox 1576 2420 1846 2484; x_wconf 88' lang='lat' dir='ltr'>interea</span> <span class='ocrx_word' id='word_1_146' title='bbox 1900 2421 2352 2485; x_wconf 89' lang='lat' dir='ltr'>sacerdotum</span> <span class='ocrx_word' id='word_1_147' title='bbox 2403 2432 2813 2486; x_wconf 89' lang='lat' dir='ltr'>nostrorum</span> <span class='ocrx_word' id='word_1_148' title='bbox 2849 2442 3190 2489; x_wconf 87' lang='lat' dir='ltr'>numerus</span> 
     </span>
     <span class='ocr_line' id='line_1_20' title="bbox 721 2524 3182 2611; baseline 0.001 -18"><span class='ocrx_word' id='word_1_149' title='bbox 721 2529 1047 2609; x_wconf 91' lang='lat' dir='ltr'>Neapoli,</span> <span class='ocrx_word' id='word_1_150' title='bbox 1084 2528 1273 2606; x_wconf 85' lang='lat' dir='ltr'>Mag.</span> <span class='ocrx_word' id='word_1_151' title='bbox 1308 2524 1685 2591; x_wconf 81' lang='lat' dir='ltr'>Theodoro</span> <span class='ocrx_word' id='word_1_152' title='bbox 1732 2526 2026 2591; x_wconf 90' lang='lat' dir='ltr'>Peltano</span> <span class='ocrx_word' id='word_1_153' title='bbox 2071 2528 2164 2591; x_wconf 91' lang='lat' dir='ltr'>ad</span> <span class='ocrx_word' id='word_1_154' title='bbox 2211 2546 2458 2592; x_wconf 90' lang='lat' dir='ltr'>sacros</span> <span class='ocrx_word' id='word_1_155' title='bbox 2509 2529 2793 2593; x_wconf 91' lang='lat' dir='ltr'>ordines</span> <span class='ocrx_word' id='word_1_156' title='bbox 2833 2542 3182 2611; x_wconf 87' lang='lat' dir='ltr'>promoto;</span> 
     </span>
     <span class='ocr_line' id='line_1_21' title="bbox 720 2635 3187 2718; baseline 0.001 -18"><span class='ocrx_word' id='word_1_157' title='bbox 720 2636 842 2700; x_wconf 86' lang='lat' dir='ltr'>sed</span> <span class='ocrx_word' id='word_1_158' title='bbox 874 2637 1168 2700; x_wconf 90' lang='lat' dir='ltr'>eductus</span> <span class='ocrx_word' id='word_1_159' title='bbox 1198 2645 1304 2698; x_wconf 92' lang='lat' dir='ltr'>est</span> <span class='ocrx_word' id='word_1_160' title='bbox 1336 2637 1463 2699; x_wconf 92' lang='lat' dir='ltr'>sub</span> <span class='ocrx_word' id='word_1_161' title='bbox 1498 2636 1697 2699; x_wconf 89' lang='lat' dir='ltr'>initio</span> <span class='ocrx_word' id='word_1_162' title='bbox 1730 2636 1994 2699; x_wconf 87' lang='lat' dir='ltr'>mensis</span> <span class='ocrx_word' id='word_1_163' title='bbox 2042 2635 2233 2718; x_wconf 90' lang='lat' dir='ltr'>Junii</span> <span class='ocrx_word' id='word_1_164' title='bbox 2283 2636 2612 2701; x_wconf 87' lang='lat' dir='ltr'>Andreas</span> <span class='ocrx_word' id='word_1_165' title='bbox 2643 2638 2730 2701; x_wconf 87' lang='lat' dir='ltr'>de</span> <span class='ocrx_word' id='word_1_166' title='bbox 2769 2638 3074 2718; x_wconf 87' lang='lat' dir='ltr'>Oviedo,</span> <span class='ocrx_word' id='word_1_167' title='bbox 3110 2652 3187 2703; x_wconf 92' lang='lat' dir='ltr'>ut</span> 
     </span>
     <span class='ocr_line' id='line_1_22' title="bbox 718 2741 3182 2827; baseline 0.002 -20"><span class='ocrx_word' id='word_1_168' title='bbox 718 2745 1043 2824; x_wconf 89' lang='lat' dir='ltr'>superius</span> <span class='ocrx_word' id='word_1_169' title='bbox 1072 2744 1381 2807; x_wconf 84' lang='lat' dir='ltr'>diximus</span> <span class='ocrx_word' id='word_1_170' title='bbox 1411 2741 1456 2821; x_wconf 80' lang='lat'>³,</span> <span class='ocrx_word' id='word_1_171' title='bbox 1490 2742 1859 2823; x_wconf 88' lang='lat' dir='ltr'>coadjutor</span> <span class='ocrx_word' id='word_1_172' title='bbox 1883 2753 1952 2805; x_wconf 91' lang='lat' dir='ltr'>et</span> <span class='ocrx_word' id='word_1_173' title='bbox 1975 2760 2350 2807; x_wconf 89' lang='lat' dir='ltr'>successor</span> <span class='ocrx_word' id='word_1_174' title='bbox 2372 2742 2834 2809; x_wconf 88' lang='lat' dir='ltr'>Patriarchae</span> <span class='ocrx_word' id='word_1_175' title='bbox 2859 2746 3182 2827; x_wconf 85' lang='lat' dir='ltr'>designa—</span> 
     </span>
     <span class='ocr_line' id='line_1_23' title="bbox 718 2849 3183 2932; baseline 0.002 -18"><span class='ocrx_word' id='word_1_176' title='bbox 718 2864 861 2931; x_wconf 79' lang='lat' dir='ltr'>tuS,</span> <span class='ocrx_word' id='word_1_177' title='bbox 896 2853 1046 2932; x_wconf 90' lang='lat' dir='ltr'>qui,</span> <span class='ocrx_word' id='word_1_178' title='bbox 1082 2861 1157 2915; x_wconf 93' lang='lat' dir='ltr'>ut</span> <span class='ocrx_word' id='word_1_179' title='bbox 1186 2861 1427 2913; x_wconf 90' lang='lat' dir='ltr'>tenere</span> <span class='ocrx_word' id='word_1_180' title='bbox 1456 2858 1747 2930; x_wconf 88' lang='lat' dir='ltr'>propter</span> <span class='ocrx_word' id='word_1_181' title='bbox 1777 2850 2000 2929; x_wconf 89' lang='lat' dir='ltr'>ipsius</span> <span class='ocrx_word' id='word_1_182' title='bbox 2030 2849 2496 2915; x_wconf 88' lang='lat' dir='ltr'>humilitatem</span> <span class='ocrx_word' id='word_1_183' title='bbox 2525 2862 2596 2916; x_wconf 89' lang='lat' dir='ltr'>et</span> <span class='ocrx_word' id='word_1_184' title='bbox 2624 2851 3014 2917; x_wconf 88' lang='lat' dir='ltr'>bonitatem</span> <span class='ocrx_word' id='word_1_185' title='bbox 3041 2864 3111 2918; x_wconf 91' lang='lat' dir='ltr'>et</span> <span class='ocrx_word' id='word_1_186' title='bbox 3141 2872 3183 2917; x_wconf 87' lang='lat' dir='ltr'>a</span> 
     </span>
     <span class='ocr_line' id='line_1_24' title="bbox 718 2956 3184 3037; baseline 0.001 -15"><span class='ocrx_word' id='word_1_187' title='bbox 718 2959 995 3022; x_wconf 87' lang='lat' dir='ltr'>Nostris</span> <span class='ocrx_word' id='word_1_188' title='bbox 1024 2969 1093 3021; x_wconf 92' lang='lat' dir='ltr'>et</span> <span class='ocrx_word' id='word_1_189' title='bbox 1132 2958 1219 3020; x_wconf 90' lang='lat' dir='ltr'>ab</span> <span class='ocrx_word' id='word_1_190' title='bbox 1273 2957 1520 3021; x_wconf 87' lang='lat' dir='ltr'>alienis</span> <span class='ocrx_word' id='word_1_191' title='bbox 1570 2956 2030 3037; x_wconf 89' lang='lat' dir='ltr'>diligebatur,</span> <span class='ocrx_word' id='word_1_192' title='bbox 2086 2957 2186 3021; x_wconf 90' lang='lat' dir='ltr'>ita</span> <span class='ocrx_word' id='word_1_193' title='bbox 2237 2957 2682 3023; x_wconf 90' lang='lat' dir='ltr'>recedentem</span> <span class='ocrx_word' id='word_1_194' title='bbox 2736 2961 2973 3024; x_wconf 87' lang='lat' dir='ltr'>multis</span> <span class='ocrx_word' id='word_1_195' title='bbox 3022 2979 3184 3025; x_wconf 90' lang='lat' dir='ltr'>cum</span> 
     </span>
     <span class='ocr_line' id='line_1_25' title="bbox 715 3063 3184 3145; baseline 0.001 -16"><span class='ocrx_word' id='word_1_196' title='bbox 715 3066 1052 3145; x_wconf 90' lang='lat' dir='ltr'>lacrymis</span> <span class='ocrx_word' id='word_1_197' title='bbox 1082 3076 1243 3127; x_wconf 90' lang='lat' dir='ltr'>sunt</span> <span class='ocrx_word' id='word_1_198' title='bbox 1275 3063 1717 3144; x_wconf 87' lang='lat' dir='ltr'>prosequuti,</span> <span class='ocrx_word' id='word_1_199' title='bbox 1752 3064 2082 3144; x_wconf 86' lang='lat' dir='ltr'>quamvis</span> <span class='ocrx_word' id='word_1_200' title='bbox 2123 3064 2480 3144; x_wconf 86' lang='lat' dir='ltr'>privatam</span> <span class='ocrx_word' id='word_1_201' title='bbox 2526 3067 3086 3131; x_wconf 88' lang='lat' dir='ltr'>consolationem</span> <span class='ocrx_word' id='word_1_202' title='bbox 3116 3080 3184 3131; x_wconf 91' lang='lat' dir='ltr'>et</span> 
     </span>
     <span class='ocr_line' id='line_1_26' title="bbox 718 3170 3180 3252; baseline 0.001 -17"><span class='ocrx_word' id='word_1_203' title='bbox 718 3174 1057 3236; x_wconf 88' lang='lat' dir='ltr'>auxilium</span> <span class='ocrx_word' id='word_1_204' title='bbox 1106 3172 1294 3235; x_wconf 90' lang='lat' dir='ltr'>bono</span> <span class='ocrx_word' id='word_1_205' title='bbox 1353 3172 1710 3235; x_wconf 88' lang='lat' dir='ltr'>communi</span> <span class='ocrx_word' id='word_1_206' title='bbox 1770 3180 1840 3235; x_wconf 89' lang='lat' dir='ltr'>et</span> <span class='ocrx_word' id='word_1_207' title='bbox 1901 3170 2154 3251; x_wconf 86' lang='lat' dir='ltr'>majori</span> <span class='ocrx_word' id='word_1_208' title='bbox 2203 3171 2744 3252; x_wconf 86' lang='lat' dir='ltr'>posthabebant.</span> <span class='ocrx_word' id='word_1_209' title='bbox 2798 3174 3180 3239; x_wconf 87' lang='lat' dir='ltr'>Promotus</span> 
     </span>
     <span class='ocr_line' id='line_1_27' title="bbox 712 3276 3180 3365; baseline 0.002 -24"><span class='ocrx_word' id='word_1_210' title='bbox 712 3281 929 3343; x_wconf 82' lang='lat' dir='ltr'>etiam</span> <span class='ocrx_word' id='word_1_211' title='bbox 958 3290 1065 3342; x_wconf 89' lang='lat' dir='ltr'>est</span> <span class='ocrx_word' id='word_1_212' title='bbox 1094 3289 1162 3341; x_wconf 91' lang='lat' dir='ltr'>et</span> <span class='ocrx_word' id='word_1_213' title='bbox 1190 3278 1540 3357; x_wconf 90' lang='lat' dir='ltr'>primitias</span> <span class='ocrx_word' id='word_1_214' title='bbox 1570 3276 1724 3341; x_wconf 88' lang='lat' dir='ltr'>Deo</span> <span class='ocrx_word' id='word_1_215' title='bbox 1755 3278 2006 3341; x_wconf 91' lang='lat' dir='ltr'>obtulit</span> <span class='ocrx_word' id='word_1_216' title='bbox 2046 3295 2286 3341; x_wconf 89' lang='lat' dir='ltr'>mense</span> <span class='ocrx_word' id='word_1_217' title='bbox 2323 3276 2718 3359; x_wconf 87' lang='lat' dir='ltr'>Septembri</span> <span class='ocrx_word' id='word_1_218' title='bbox 2757 3279 2832 3345; x_wconf 89' lang='lat' dir='ltr'>P.</span> <span class='ocrx_word' id='word_1_219' title='bbox 2865 3281 3180 3365; x_wconf 88' lang='lat' dir='ltr'>Joannes</span> 
     </span>
     <span class='ocr_line' id='line_1_28' title="bbox 714 3382 3182 3469; baseline 0.002 -20"><span class='ocrx_word' id='word_1_220' title='bbox 714 3385 1047 3450; x_wconf 81' lang='lat' dir='ltr'>Nicolaus</span> <span class='ocrx_word' id='word_1_221' title='bbox 1078 3386 1164 3449; x_wconf 88' lang='lat' dir='ltr'>de</span> <span class='ocrx_word' id='word_1_222' title='bbox 1193 3385 1334 3448; x_wconf 90' lang='lat' dir='ltr'>Itro</span> <span class='ocrx_word' id='word_1_223' title='bbox 1366 3382 1410 3447; x_wconf 80' lang='lat'>⁴.</span> <span class='ocrx_word' id='word_1_224' title='bbox 1446 3384 1625 3449; x_wconf 91' lang='lat' dir='ltr'>Cum</span> <span class='ocrx_word' id='word_1_225' title='bbox 1652 3395 1890 3448; x_wconf 89' lang='lat' dir='ltr'>tamen</span> <span class='ocrx_word' id='word_1_226' title='bbox 1920 3385 2348 3449; x_wconf 88' lang='lat' dir='ltr'>multitudini</span> <span class='ocrx_word' id='word_1_227' title='bbox 2386 3386 2765 3451; x_wconf 89' lang='lat' dir='ltr'>confluenti</span> <span class='ocrx_word' id='word_1_228' title='bbox 2814 3390 3182 3469; x_wconf 88' lang='lat' dir='ltr'>poeniten·</span> 
     </span>
    </p>
   </div>
   <div class='ocr_carea' id='block_1_3' title="bbox 743 3547 1137 3558">
    <p class='ocr_par' dir='ltr' id='par_1_6' title="bbox 743 3547 1137 3558">
     <span class='ocr_line' id='line_1_29' title="bbox 743 3547 1137 3558; baseline 0 1834"><span class='ocrx_word' id='word_1_229' title='bbox 743 3547 1137 3558; x_wconf 95' lang='lat' dir='ltr'> </span> 
     </span>
    </p>
   </div>
   <div class='ocr_carea' id='block_1_4' title="bbox 706 3624 3180 4545">
    <p class='ocr_par' dir='ltr' id='par_1_7' title="bbox 794 3624 1562 3677">
     <span class='ocr_line' id='line_1_30' title="bbox 794 3624 1562 3677; baseline -0.005 -5"><span class='ocrx_word' id='word_1_230' title='bbox 794 3628 811 3661; x_wconf 84' lang='lat'>¹</span> <span class='ocrx_word' id='word_1_231' title='bbox 870 3628 1003 3674; x_wconf 84' lang='lat' dir='ltr'>Vide</span> <span class='ocrx_word' id='word_1_232' title='bbox 1026 3636 1201 3672; x_wconf 82' lang='lat' dir='ltr'>tamen</span> <span class='ocrx_word' id='word_1_233' title='bbox 1223 3628 1372 3677; x_wconf 78' lang='lat' dir='ltr'>inira.</span> <span class='ocrx_word' id='word_1_234' title='bbox 1396 3638 1442 3670; x_wconf 86' lang='lat' dir='ltr'>n.</span> <span class='ocrx_word' id='word_1_235' title='bbox 1464 3624 1562 3670; x_wconf 62' lang='lat'><strong>2109.</strong></span> 
     </span>
    </p>

    <p class='ocr_par' dir='ltr' id='par_1_8' title="bbox 706 3696 3180 4545">
     <span class='ocr_line' id='line_1_31' title="bbox 791 3696 3180 3755; baseline 0.001 -11"><span class='ocrx_word' id='word_1_236' title='bbox 791 3700 814 3731; x_wconf 77' lang='lat'><strong>¹</strong></span> <span class='ocrx_word' id='word_1_237' title='bbox 868 3699 1007 3745; x_wconf 90' lang='lat' dir='ltr'>Loco</span> <span class='ocrx_word' id='word_1_238' title='bbox 1029 3698 1322 3743; x_wconf 80' lang='lat' dir='ltr'>Cardinalis</span> <span class='ocrx_word' id='word_1_239' title='bbox 1344 3697 1595 3751; x_wconf 84' lang='lat' dir='ltr'>Pacheco,</span> <span class='ocrx_word' id='word_1_240' title='bbox 1620 3696 1833 3744; x_wconf 79' lang='lat' dir='ltr'>Romam</span> <span class='ocrx_word' id='word_1_241' title='bbox 1849 3699 2066 3755; x_wconf 81' lang='lat' dir='ltr'>profecti</span> <span class='ocrx_word' id='word_1_242' title='bbox 2090 3699 2155 3745; x_wconf 85' lang='lat' dir='ltr'>ad</span> <span class='ocrx_word' id='word_1_243' title='bbox 2177 3700 2484 3744; x_wconf 82' lang='lat' dir='ltr'>electionem</span> <span class='ocrx_word' id='word_1_244' title='bbox 2505 3700 2655 3745; x_wconf 82' lang='lat' dir='ltr'>Pauli</span> <span class='ocrx_word' id='word_1_245' title='bbox 2675 3700 3026 3753; x_wconf 83' lang='lat' dir='ltr'>1v(e1ection1</span> <span class='ocrx_word' id='word_1_246' title='bbox 3046 3701 3180 3748; x_wconf 81' lang='lat' dir='ltr'>Mar·</span> 
     </span>
     <span class='ocr_line' id='line_1_32' title="bbox 714 3769 3176 3827; baseline 0.002 -13"><span class='ocrx_word' id='word_1_247' title='bbox 714 3774 830 3817; x_wconf 84' lang='lat' dir='ltr'>celli</span> <span class='ocrx_word' id='word_1_248' title='bbox 848 3772 897 3816; x_wconf 93' lang='lat'>11</span> <span class='ocrx_word' id='word_1_249' title='bbox 914 3783 1013 3816; x_wconf 88' lang='lat' dir='ltr'>non</span> <span class='ocrx_word' id='word_1_250' title='bbox 1031 3771 1296 3823; x_wconf 74' lang='lat' dir='ltr'>interfuit),</span> <span class='ocrx_word' id='word_1_251' title='bbox 1319 3769 1716 3825; x_wconf 83' lang='lat' dir='ltr'>Neapolitanum</span> <span class='ocrx_word' id='word_1_252' title='bbox 1730 3782 1947 3826; x_wconf 74' lang='lat' dir='ltr'>regnum</span> <span class='ocrx_word' id='word_1_253' title='bbox 1963 3772 2276 3825; x_wconf 71' lang='lat' dir='ltr'>gubernavit</span> <span class='ocrx_word' id='word_1_254' title='bbox 2292 3771 2642 3817; x_wconf 78' lang='lat' dir='ltr'>Bernardinna</span> <span class='ocrx_word' id='word_1_255' title='bbox 2658 3774 2720 3817; x_wconf 86' lang='lat' dir='ltr'>de</span> <span class='ocrx_word' id='word_1_256' title='bbox 2737 3772 2999 3827; x_wconf 83' lang='lat' dir='ltr'>Mendoza,</span> <span class='ocrx_word' id='word_1_257' title='bbox 3015 3774 3176 3819; x_wconf 87' lang='lat' dir='ltr'>donec</span> 
     </span>
     <span class='ocr_line' id='line_1_33' title="bbox 714 3842 3177 3899; baseline 0.001 -12"><span class='ocrx_word' id='word_1_258' title='bbox 714 3848 806 3888; x_wconf 61' lang='lat' dir='ltr'>sub</span> <span class='ocrx_word' id='word_1_259' title='bbox 830 3842 981 3889; x_wconf 81' lang='lat' dir='ltr'>finem</span> <span class='ocrx_word' id='word_1_260' title='bbox 1000 3842 1227 3899; x_wconf 81' lang='lat' dir='ltr'>ejusdem</span> <span class='ocrx_word' id='word_1_261' title='bbox 1256 3844 1377 3887; x_wconf 86' lang='lat' dir='ltr'>anni</span> <span class='ocrx_word' id='word_1_262' title='bbox 1406 3853 1572 3887; x_wconf 80' lang='lat' dir='ltr'>novus</span> <span class='ocrx_word' id='word_1_263' title='bbox 1592 3842 1789 3887; x_wconf 85' lang='lat' dir='ltr'>Prorex</span> <span class='ocrx_word' id='word_1_264' title='bbox 1821 3844 2038 3887; x_wconf 80' lang='lat' dir='ltr'>advenit</span> <span class='ocrx_word' id='word_1_265' title='bbox 2069 3842 2428 3888; x_wconf 74' lang='lat' dir='ltr'>Fer-dinamius</span> <span class='ocrx_word' id='word_1_266' title='bbox 2450 3844 2682 3889; x_wconf 81' lang='lat' dir='ltr'>Alvarez</span> <span class='ocrx_word' id='word_1_267' title='bbox 2703 3846 2765 3889; x_wconf 88' lang='lat' dir='ltr'>de</span> <span class='ocrx_word' id='word_1_268' title='bbox 2797 3844 2990 3890; x_wconf 77' lang='lat' dir='ltr'>Tuledo</span> <span class='ocrx_word' id='word_1_269' title='bbox 3010 3846 3177 3891; x_wconf 85' lang='lat' dir='ltr'>“duca</span> 
     </span>
     <span class='ocr_line' id='line_1_34' title="bbox 712 3914 3178 3971; baseline 0.001 -11"><span class='ocrx_word' id='word_1_270' title='bbox 712 3919 757 3959; x_wconf 79' lang='lat' dir='ltr'>d·</span> <span class='ocrx_word' id='word_1_271' title='bbox 778 3918 915 3960; x_wconf 76' lang='lat' dir='ltr'>Alba</span> <span class='ocrx_word' id='word_1_272' title='bbox 931 3949 941 3966; x_wconf 83' lang='lat'><em>.</em></span> <span class='ocrx_word' id='word_1_273' title='bbox 964 3917 1059 3960; x_wconf 85' lang='lat' dir='ltr'>che</span> <span class='ocrx_word' id='word_1_274' title='bbox 1079 3916 1247 3959; x_wconf 82' lang='lat' dir='ltr'>allora</span> <span class='ocrx_word' id='word_1_275' title='bbox 1269 3915 1482 3959; x_wconf 77' lang='lat' dir='ltr'>essendo</span> <span class='ocrx_word' id='word_1_276' title='bbox 1502 3915 1831 3969; x_wconf 70' lang='lat' dir='ltr'>gobernador</span> <span class='ocrx_word' id='word_1_277' title='bbox 1850 3915 1902 3959; x_wconf 87' lang='lat' dir='ltr'>di</span> <span class='ocrx_word' id='word_1_278' title='bbox 1917 3914 2124 3965; x_wconf 86' lang='lat' dir='ltr'>Milano.</span> <span class='ocrx_word' id='word_1_279' title='bbox 2141 3926 2278 3960; x_wconf 81' lang='lat' dir='ltr'>avea</span> <span class='ocrx_word' id='word_1_280' title='bbox 2299 3916 2335 3960; x_wconf 87' lang='lat' dir='ltr'>il</span> <span class='ocrx_word' id='word_1_281' title='bbox 2355 3916 2606 3960; x_wconf 87' lang='lat' dir='ltr'>comando</span> <span class='ocrx_word' id='word_1_282' title='bbox 2627 3927 2868 3971; x_wconf 82' lang='lat' dir='ltr'>supremo</span> <span class='ocrx_word' id='word_1_283' title='bbox 2889 3917 3023 3962; x_wconf 83' lang='lat' dir='ltr'>delle</span> <span class='ocrx_word' id='word_1_284' title='bbox 3042 3920 3178 3963; x_wconf 85' lang='lat' dir='ltr'>armi</span> 
     </span>
     <span class='ocr_line' id='line_1_35' title="bbox 712 3986 3178 4043; baseline 0.001 -12"><span class='ocrx_word' id='word_1_285' title='bbox 712 3988 993 4043; x_wconf 78' lang='lat' dir='ltr'>spagnuoie</span> <span class='ocrx_word' id='word_1_286' title='bbox 1028 3987 1078 4030; x_wconf 84' lang='lat' dir='ltr'>ln</span> <span class='ocrx_word' id='word_1_287' title='bbox 1111 3986 1292 4030; x_wconf 83' lang='lat' dir='ltr'>ltalia:</span> <span class='ocrx_word' id='word_1_288' title='bbox 1315 3988 1431 4040; x_wconf 89' lang='lat' dir='ltr'>quel</span> <span class='ocrx_word' id='word_1_289' title='bbox 1467 3986 1663 4030; x_wconf 80' lang='lat' dir='ltr'>famoso</span> <span class='ocrx_word' id='word_1_290' title='bbox 1684 3987 1929 4041; x_wconf 83' lang='lat' dir='ltr'>capitano</span> <span class='ocrx_word' id='word_1_291' title='bbox 1955 3986 2051 4030; x_wconf 79' lang='lat' dir='ltr'>che</span> <span class='ocrx_word' id='word_1_292' title='bbox 2085 3998 2178 4042; x_wconf 85' lang='lat' dir='ltr'>per</span> <span class='ocrx_word' id='word_1_293' title='bbox 2211 3988 2259 4031; x_wconf 89' lang='lat' dir='ltr'>le</span> <span class='ocrx_word' id='word_1_294' title='bbox 2291 3994 2437 4031; x_wconf 88' lang='lat' dir='ltr'>tante</span> <span class='ocrx_word' id='word_1_295' title='bbox 2467 3998 2558 4031; x_wconf 75' lang='lat' dir='ltr'>sue</span> <span class='ocrx_word' id='word_1_296' title='bbox 2579 3988 2774 4032; x_wconf 74' lang='lat' dir='ltr'>famose</span> <span class='ocrx_word' id='word_1_297' title='bbox 2803 3995 2956 4043; x_wconf 71' lang='lat' dir='ltr'>gesta</span> <span class='ocrx_word' id='word_1_298' title='bbox 2988 3989 3031 4033; x_wconf 80' lang='lat' dir='ltr'>si</span> <span class='ocrx_word' id='word_1_299' title='bbox 3063 4000 3178 4033; x_wconf 86' lang='lat' dir='ltr'>rese</span> 
     </span>
     <span class='ocr_line' id='line_1_36' title="bbox 710 4056 3179 4115; baseline -0.001 -10"><span class='ocrx_word' id='word_1_300' title='bbox 710 4062 935 4115; x_wconf 67' lang='lat' dir='ltr'>glorioso</span> <span class='ocrx_word' id='word_1_301' title='bbox 966 4070 1064 4103; x_wconf 88' lang='lat' dir='ltr'>non</span> <span class='ocrx_word' id='word_1_302' title='bbox 1096 4068 1242 4102; x_wconf 88' lang='lat' dir='ltr'>meno</span> <span class='ocrx_word' id='word_1_303' title='bbox 1273 4058 1323 4101; x_wconf 84' lang='lat' dir='ltr'>in</span> <span class='ocrx_word' id='word_1_304' title='bbox 1344 4057 1627 4102; x_wconf 74' lang='lat' dir='ltr'>Germania</span> <span class='ocrx_word' id='word_1_305' title='bbox 1647 4058 1709 4101; x_wconf 86' lang='lat' dir='ltr'>ed</span> <span class='ocrx_word' id='word_1_306' title='bbox 1742 4058 1925 4111; x_wconf 83' lang='lat' dir='ltr'>ltalia,</span> <span class='ocrx_word' id='word_1_307' title='bbox 1947 4059 2043 4102; x_wconf 85' lang='lat' dir='ltr'>che</span> <span class='ocrx_word' id='word_1_308' title='bbox 2078 4058 2130 4103; x_wconf 84' lang='lat' dir='ltr'>in</span> <span class='ocrx_word' id='word_1_309' title='bbox 2160 4056 2393 4103; x_wconf 81' lang='lat' dir='ltr'>Flandra</span> <span class='ocrx_word' id='word_1_310' title='bbox 2425 4058 2488 4102; x_wconf 89' lang='lat' dir='ltr'>ed</span> <span class='ocrx_word' id='word_1_311' title='bbox 2521 4060 2570 4103; x_wconf 86' lang='lat' dir='ltr'>in</span> <span class='ocrx_word' id='word_1_312' title='bbox 2609 4058 2955 4113; x_wconf 69' lang='lat' dir='ltr'>Portogauo...</span> <span class='ocrx_word' id='word_1_313' title='bbox 2993 4060 3179 4105; x_wconf 68' lang='lat' dir='ltr'>Pisi-no</span> 
     </span>
     <span class='ocr_line' id='line_1_37' title="bbox 710 4127 3180 4185; baseline -0 -11"><span class='ocrx_word' id='word_1_314' title='bbox 710 4131 1005 4180; x_wconf 62' lang='lat' dir='ltr'>Giaxxoxe.</span> <span class='ocrx_word' id='word_1_315' title='bbox 1030 4130 1211 4173; x_wconf 78' lang='lat' dir='ltr'>Storia</span> <span class='ocrx_word' id='word_1_316' title='bbox 1230 4129 1391 4173; x_wconf 82' lang='lat' dir='ltr'>civile</span> <span class='ocrx_word' id='word_1_317' title='bbox 1410 4128 1499 4172; x_wconf 81' lang='lat' dir='ltr'>del</span> <span class='ocrx_word' id='word_1_318' title='bbox 1518 4140 1682 4183; x_wconf 78' lang='lat' dir='ltr'>regno</span> <span class='ocrx_word' id='word_1_319' title='bbox 1700 4128 1760 4172; x_wconf 76' lang='lat' dir='ltr'>di</span> <span class='ocrx_word' id='word_1_320' title='bbox 1776 4127 2001 4182; x_wconf 68' lang='lat' dir='ltr'>Napaei,</span> <span class='ocrx_word' id='word_1_321' title='bbox 2021 4128 2106 4172; x_wconf 85' lang='lat' dir='ltr'>lib.</span> <span class='ocrx_word' id='word_1_322' title='bbox 2129 4140 2251 4182; x_wconf 82' lang='lat' dir='ltr'>xxx,</span> <span class='ocrx_word' id='word_1_323' title='bbox 2273 4141 2371 4184; x_wconf 87' lang='lat' dir='ltr'>cap</span> <span class='ocrx_word' id='word_1_324' title='bbox 2409 4128 2690 4173; x_wconf 80' lang='lat' dir='ltr'>1.—“Dizen</span> <span class='ocrx_word' id='word_1_325' title='bbox 2711 4142 2808 4185; x_wconf 89' lang='lat' dir='ltr'>que</span> <span class='ocrx_word' id='word_1_326' title='bbox 2839 4132 2887 4173; x_wconf 92' lang='lat' dir='ltr'>el</span> <span class='ocrx_word' id='word_1_327' title='bbox 2910 4129 3092 4185; x_wconf 87' lang='lat' dir='ltr'>Duque</span> <span class='ocrx_word' id='word_1_328' title='bbox 3116 4132 3180 4175; x_wconf 89' lang='lat' dir='ltr'>de</span> 
     </span>
     <span class='ocr_line' id='line_1_38' title="bbox 708 4200 3180 4259; baseline -0 -12"><span class='ocrx_word' id='word_1_329' title='bbox 708 4204 845 4247; x_wconf 76' lang='lat' dir='ltr'>Alba</span> <span class='ocrx_word' id='word_1_330' title='bbox 866 4204 946 4246; x_wconf 79' lang='lat' dir='ltr'>ira</span> <span class='ocrx_word' id='word_1_331' title='bbox 974 4212 1105 4257; x_wconf 84' lang='lat' dir='ltr'>para</span> <span class='ocrx_word' id='word_1_332' title='bbox 1126 4200 1349 4257; x_wconf 79' lang='lat' dir='ltr'>visorey</span> <span class='ocrx_word' id='word_1_333' title='bbox 1370 4202 1431 4245; x_wconf 86' lang='lat' dir='ltr'>de</span> <span class='ocrx_word' id='word_1_334' title='bbox 1452 4212 1539 4246; x_wconf 72' lang='lat' dir='ltr'>ese</span> <span class='ocrx_word' id='word_1_335' title='bbox 1570 4212 1756 4258; x_wconf 86' lang='lat' dir='ltr'>reyno:</span> <span class='ocrx_word' id='word_1_336' title='bbox 1781 4201 1918 4245; x_wconf 88' lang='lat' dir='ltr'>tiene</span> <span class='ocrx_word' id='word_1_337' title='bbox 1939 4201 2126 4245; x_wconf 83' lang='lat' dir='ltr'>mucha</span> <span class='ocrx_word' id='word_1_338' title='bbox 2147 4200 2500 4246; x_wconf 82' lang='lat' dir='ltr'>familiaridad</span> <span class='ocrx_word' id='word_1_339' title='bbox 2521 4212 2616 4246; x_wconf 86' lang='lat' dir='ltr'>con</span> <span class='ocrx_word' id='word_1_340' title='bbox 2646 4202 2696 4245; x_wconf 85' lang='lat' dir='ltr'>el</span> <span class='ocrx_word' id='word_1_341' title='bbox 2717 4201 2913 4246; x_wconf 83' lang='lat' dir='ltr'>Doctor</span> <span class='ocrx_word' id='word_1_342' title='bbox 2933 4204 3109 4247; x_wconf 82' lang='lat' dir='ltr'>Araoz</span> <span class='ocrx_word' id='word_1_343' title='bbox 3145 4216 3180 4259; x_wconf 81' lang='lat' dir='ltr'>y</span> 
     </span>
     <span class='ocr_line' id='line_1_39' title="bbox 720 4271 3180 4331; baseline 0 -15"><span class='ocrx_word' id='word_1_344' title='bbox 720 4286 803 4319; x_wconf 72' lang='lat' dir='ltr'>zon</span> <span class='ocrx_word' id='word_1_345' title='bbox 822 4276 867 4318; x_wconf 89' lang='lat' dir='ltr'>el</span> <span class='ocrx_word' id='word_1_346' title='bbox 890 4274 946 4317; x_wconf 85' lang='grc' dir='ltr'>Ρ.</span> <span class='ocrx_word' id='word_1_347' title='bbox 971 4272 1251 4317; x_wconf 83' lang='lat' dir='ltr'>Franclsco</span> <span class='ocrx_word' id='word_1_348' title='bbox 1275 4274 1369 4325; x_wconf 84' lang='lat' dir='ltr'>(de</span> <span class='ocrx_word' id='word_1_349' title='bbox 1400 4273 1587 4329; x_wconf 87' lang='lat' dir='ltr'>Borja)</span> <span class='ocrx_word' id='word_1_350' title='bbox 1608 4284 1641 4329; x_wconf 86' lang='lat' dir='ltr'>y</span> <span class='ocrx_word' id='word_1_351' title='bbox 1663 4274 1893 4316; x_wconf 84' lang='lat' dir='ltr'>tambien</span> <span class='ocrx_word' id='word_1_352' title='bbox 1916 4282 2037 4316; x_wconf 87' lang='lat' dir='ltr'>ereo</span> <span class='ocrx_word' id='word_1_353' title='bbox 2066 4282 2164 4317; x_wconf 85' lang='lat' dir='ltr'>con</span> <span class='ocrx_word' id='word_1_354' title='bbox 2191 4272 2242 4317; x_wconf 87' lang='lat' dir='ltr'>el</span> <span class='ocrx_word' id='word_1_355' title='bbox 2271 4272 2470 4317; x_wconf 85' lang='lat' dir='ltr'>Doctor</span> <span class='ocrx_word' id='word_1_356' title='bbox 2500 4271 2691 4327; x_wconf 77' lang='lat' dir='ltr'>Olave,</span> <span class='ocrx_word' id='word_1_357' title='bbox 2716 4284 2750 4327; x_wconf 86' lang='lat' dir='ltr'>y</span> <span class='ocrx_word' id='word_1_358' title='bbox 2770 4276 2886 4317; x_wconf 79' lang='lat' dir='ltr'>esta</span> <span class='ocrx_word' id='word_1_359' title='bbox 2920 4284 3044 4331; x_wconf 82' lang='lat' dir='ltr'>mny</span> <span class='ocrx_word' id='word_1_360' title='bbox 3062 4276 3180 4319; x_wconf 86' lang='lat' dir='ltr'>bien</span> 
     </span>
     <span class='ocr_line' id='line_1_40' title="bbox 708 4344 3178 4401; baseline 0 -12"><span class='ocrx_word' id='word_1_361' title='bbox 708 4358 803 4391; x_wconf 78' lang='lat' dir='ltr'>eon</span> <span class='ocrx_word' id='word_1_362' title='bbox 824 4349 877 4390; x_wconf 88' lang='lat' dir='ltr'>la</span> <span class='ocrx_word' id='word_1_363' title='bbox 898 4345 1207 4401; x_wconf 78' lang='lat' dir='ltr'>Compatiia;</span> <span class='ocrx_word' id='word_1_364' title='bbox 1230 4358 1265 4398; x_wconf 74' lang='lat' dir='ltr'>v</span> <span class='ocrx_word' id='word_1_365' title='bbox 1284 4345 1459 4389; x_wconf 87' lang='lat' dir='ltr'>siendo</span> <span class='ocrx_word' id='word_1_366' title='bbox 1482 4346 1527 4388; x_wconf 88' lang='lat' dir='ltr'>el</span> <span class='ocrx_word' id='word_1_367' title='bbox 1558 4344 1797 4399; x_wconf 75' lang='lat' dir='ltr'>Principe</span> <span class='ocrx_word' id='word_1_368' title='bbox 1819 4350 1913 4387; x_wconf 78' lang='lat' dir='ltr'>tan</span> <span class='ocrx_word' id='word_1_369' title='bbox 1930 4344 2200 4389; x_wconf 76' lang='lat' dir='ltr'>favorable</span> <span class='ocrx_word' id='word_1_370' title='bbox 2218 4377 2228 4395; x_wconf 86' lang='lat'><strong><em>.</em></strong></span> <span class='ocrx_word' id='word_1_371' title='bbox 2253 4355 2310 4389; x_wconf 73' lang='lat' dir='ltr'>es</span> <span class='ocrx_word' id='word_1_372' title='bbox 2328 4344 2390 4388; x_wconf 83' lang='lat' dir='ltr'>de</span> <span class='ocrx_word' id='word_1_373' title='bbox 2412 4355 2561 4388; x_wconf 84' lang='lat' dir='ltr'>creer</span> <span class='ocrx_word' id='word_1_374' title='bbox 2580 4355 2678 4399; x_wconf 86' lang='lat' dir='ltr'>qne</span> <span class='ocrx_word' id='word_1_375' title='bbox 2710 4356 2766 4389; x_wconf 76' lang='lat' dir='ltr'>ae</span> <span class='ocrx_word' id='word_1_376' title='bbox 2795 4348 3178 4400; x_wconf 73' lang='lat' dir='ltr'>augmentat-an</span> 
     </span>
     <span class='ocr_line' id='line_1_41' title="bbox 708 4416 3174 4473; baseline 0 -12"><span class='ocrx_word' id='word_1_377' title='bbox 708 4423 787 4463; x_wconf 72' lang='lat' dir='ltr'>las</span> <span class='ocrx_word' id='word_1_378' title='bbox 806 4428 956 4463; x_wconf 77' lang='lat' dir='ltr'>cosas</span> <span class='ocrx_word' id='word_1_379' title='bbox 976 4418 1038 4463; x_wconf 88' lang='lat' dir='ltr'>de</span> <span class='ocrx_word' id='word_1_380' title='bbox 1060 4430 1145 4463; x_wconf 81' lang='lat' dir='ltr'>ese</span> <span class='ocrx_word' id='word_1_381' title='bbox 1181 4418 1377 4471; x_wconf 81' lang='lat' dir='ltr'>colegio</span> <span class='ocrx_word' id='word_1_382' title='bbox 1399 4428 1519 4473; x_wconf 84' lang='lat' dir='ltr'>muy</span> <span class='ocrx_word' id='word_1_383' title='bbox 1540 4417 1602 4461; x_wconf 90' lang='lat' dir='ltr'>de</span> <span class='ocrx_word' id='word_1_384' title='bbox 1623 4428 1827 4470; x_wconf 64' lang='lat' dir='ltr'>verae..</span> <span class='ocrx_word' id='word_1_385' title='bbox 1846 4416 2102 4461; x_wconf 76' lang='lat' dir='ltr'>Polancue</span> <span class='ocrx_word' id='word_1_386' title='bbox 2116 4448 2126 4467; x_wconf 87' lang='lat'><em>.</em></span> <span class='ocrx_word' id='word_1_387' title='bbox 2148 4426 2215 4461; x_wconf 79' lang='lat' dir='ltr'>ex</span> <span class='ocrx_word' id='word_1_388' title='bbox 2243 4427 2394 4469; x_wconf 68' lang='lat' dir='ltr'>com„</span> <span class='ocrx_word' id='word_1_389' title='bbox 2413 4416 2560 4461; x_wconf 82' lang='lat' dir='ltr'>Patri</span> <span class='ocrx_word' id='word_1_390' title='bbox 2581 4416 2852 4471; x_wconf 73' lang='lat' dir='ltr'>Alphonso</span> <span class='ocrx_word' id='word_1_391' title='bbox 2887 4416 3174 4469; x_wconf 83' lang='lat' dir='ltr'>Salmeron,</span> 
     </span>
     <span class='ocr_line' id='line_1_42' title="bbox 706 4486 3175 4545; baseline 0 -12"><span class='ocrx_word' id='word_1_392' title='bbox 706 4492 760 4534; x_wconf 75' lang='lat'>26</span> <span class='ocrx_word' id='word_1_393' title='bbox 789 4491 1013 4545; x_wconf 75' lang='lat' dir='ltr'>Augusti</span> <span class='ocrx_word' id='word_1_394' title='bbox 1046 4488 1375 4534; x_wconf 51' lang='lat' dir='ltr'>issa—Haec</span> <span class='ocrx_word' id='word_1_395' title='bbox 1410 4496 1587 4533; x_wconf 88' lang='lat' dir='ltr'>autem</span> <span class='ocrx_word' id='word_1_396' title='bbox 1627 4488 1874 4542; x_wconf 70' lang='lat' dir='ltr'>protegis</span> <span class='ocrx_word' id='word_1_397' title='bbox 1906 4486 2236 4542; x_wconf 78' lang='lat' dir='ltr'>Neapolitani</span> <span class='ocrx_word' id='word_1_398' title='bbox 2273 4488 2490 4532; x_wconf 79' lang='lat' dir='ltr'>mutatio</span> <span class='ocrx_word' id='word_1_399' title='bbox 2525 4488 2728 4533; x_wconf 83' lang='lat' dir='ltr'>nonnisi</span> <span class='ocrx_word' id='word_1_400' title='bbox 2767 4499 2905 4533; x_wconf 85' lang='lat' dir='ltr'>anno</span> <span class='ocrx_word' id='word_1_401' title='bbox 2937 4491 3175 4544; x_wconf 74' lang='lat' dir='ltr'>sequenti</span> 
     </span>
    </p>
   </div>
   <div class='ocr_carea' id='block_1_5' title="bbox 708 4566 3173 4761">
    <p class='ocr_par' dir='ltr' id='par_1_9' title="bbox 708 4566 3173 4761">
     <span class='ocr_line' id='line_1_43' title="bbox 708 4566 971 4607; baseline 0 -2"><span class='ocrx_word' id='word_1_402' title='bbox 708 4566 851 4607; x_wconf 75' lang='lat' dir='ltr'>facta</span> <span class='ocrx_word' id='word_1_403' title='bbox 873 4572 971 4607; x_wconf 82' lang='lat' dir='ltr'>est.</span> 
     </span>
     <span class='ocr_line' id='line_1_44' title="bbox 784 4631 1687 4689; baseline -0.003 -12"><span class='ocrx_word' id='word_1_404' title='bbox 784 4635 807 4666; x_wconf 83' lang='lat'><strong>³</strong></span> <span class='ocrx_word' id='word_1_405' title='bbox 862 4634 987 4689; x_wconf 83' lang='lat' dir='ltr'>Pag.</span> <span class='ocrx_word' id='word_1_406' title='bbox 1014 4637 1077 4683; x_wconf 68' lang='lat'>1⁴.</span> <span class='ocrx_word' id='word_1_407' title='bbox 1102 4647 1147 4677; x_wconf 88' lang='lat' dir='ltr'>n.</span> <span class='ocrx_word' id='word_1_408' title='bbox 1176 4634 1223 4677; x_wconf 65' lang='lat'>14</span> <span class='ocrx_word' id='word_1_409' title='bbox 1244 4640 1295 4677; x_wconf 84' lang='lat' dir='ltr'>et</span> <span class='ocrx_word' id='word_1_410' title='bbox 1318 4644 1438 4689; x_wconf 76' lang='lat' dir='ltr'>pag.</span> <span class='ocrx_word' id='word_1_411' title='bbox 1459 4633 1527 4683; x_wconf 73' lang='lat'>2⁴2,</span> <span class='ocrx_word' id='word_1_412' title='bbox 1552 4644 1597 4675; x_wconf 89' lang='lat' dir='ltr'>n.</span> <span class='ocrx_word' id='word_1_413' title='bbox 1618 4631 1687 4675; x_wconf 70' lang='lat'>2⁹3.</span> 
     </span>
     <span class='ocr_line' id='line_1_45' title="bbox 786 4700 3173 4761; baseline 0 -12"><span class='ocrx_word' id='word_1_414' title='bbox 786 4713 805 4737; x_wconf 62' lang='grc' dir='ltr'>ὁ</span> <span class='ocrx_word' id='word_1_415' title='bbox 862 4706 1069 4750; x_wconf 76' lang='lat' dir='ltr'>Scilicet</span> <span class='ocrx_word' id='word_1_416' title='bbox 1104 4707 1155 4749; x_wconf 88' lang='grc' dir='ltr'>Ρ.</span> <span class='ocrx_word' id='word_1_417' title='bbox 1190 4706 1413 4759; x_wconf 82' lang='lat' dir='ltr'>Joannes</span> <span class='ocrx_word' id='word_1_418' title='bbox 1448 4705 1691 4748; x_wconf 81' lang='lat' dir='ltr'>Nicolaus</span> <span class='ocrx_word' id='word_1_419' title='bbox 1734 4704 1964 4748; x_wconf 82' lang='lat' dir='ltr'>Petrella</span> <span class='ocrx_word' id='word_1_420' title='bbox 1985 4737 1995 4754; x_wconf 87' lang='lat'>.</span> <span class='ocrx_word' id='word_1_421' title='bbox 2029 4710 2181 4747; x_wconf 79' lang='lat' dir='ltr'>natus</span> <span class='ocrx_word' id='word_1_422' title='bbox 2216 4704 2268 4746; x_wconf 85' lang='lat' dir='ltr'>in</span> <span class='ocrx_word' id='word_1_423' title='bbox 2301 4703 2484 4756; x_wconf 83' lang='lat' dir='ltr'>oppido</span> <span class='ocrx_word' id='word_1_424' title='bbox 2521 4700 2638 4747; x_wconf 79' lang='lat' dir='ltr'>Itri.</span> <span class='ocrx_word' id='word_1_425' title='bbox 2669 4702 2802 4747; x_wconf 85' lang='lat' dir='ltr'>Vide</span> <span class='ocrx_word' id='word_1_426' title='bbox 2833 4716 3008 4761; x_wconf 85' lang='lat' dir='ltr'>supra,</span> <span class='ocrx_word' id='word_1_427' title='bbox 3034 4713 3071 4750; x_wconf 88' lang='lat' dir='ltr'>t.</span> <span class='ocrx_word' id='word_1_428' title='bbox 3097 4718 3173 4759; x_wconf 86' lang='lat' dir='ltr'>m,</span> 
     </span>
    </p>
   </div>
  </div>
 </body>
</html>
