3742 5392
1603 492 1732 549 ΑΝ.
1778 492 1919 551 1554
2901 493 3015 551 349

660 638 802 702 745.
890 636 1212 702 Obtinuit
1257 638 1446 702 idem
1487 637 1700 701 Pater
1740 648 1815 702 ut
1854 638 2139 719 publica
2182 639 2733 718 magistratuum
2770 638 3007 703 edicta

538 746 1184 827 promulgarentur,
1231 745 1484 826 quibus
1523 745 1836 809 omnium
1873 761 2218 826 generum
2258 745 2463 808 ludos
2502 745 3006 809 interdicerent

533 870 745 917 sacro
774 854 894 916 illo
923 851 1516 933 quadragesimae
1545 862 1887 933 tempore.
1923 852 2121 916 Bona
2152 852 2365 916 etiam
2397 852 2747 932 quaedam
2787 854 3007 933 publi-

533 978 642 1037 ca,
678 976 860 1040 quae
889 978 933 1021 a
963 960 1500 1039 magistratibus
1530 959 1909 1040 quotannis
1940 960 2280 1040 occupari
2308 961 2517 1023 solita
2564 970 2791 1039 erant,
2840 979 3007 1041 quo-

531 1084 690 1131 rum
720 1066 1099 1147 desperata
1140 1066 1588 1147 recuperatio
1633 1082 1897 1145 magno
1943 1067 2394 1130 incommodo
2434 1067 2711 1147 plebem
2754 1066 3002 1131 afficie-

539 1175 683 1253 bat,
710 1173 786 1237 P.
813 1172 1136 1254 Baptista
1159 1173 1540 1253 plurimum
1563 1174 1636 1236 in
1659 1190 1744 1235 eo
1765 1173 2161 1253 laborante,
2186 1174 2511 1237 restituta
2534 1173 2837 1249 fuerunt;
2874 1192 3009 1238 nec

535 1281 792 1345 mirum
821 1281 882 1345 si
913 1281 1130 1343 etiam
1153 1297 1270 1343 res
1297 1280 1506 1343 valde
1537 1279 1852 1344 difficiles
1882 1281 1955 1343 in
1988 1280 2213 1360 digito
2251 1279 2388 1344 Dei
2430 1264 2801 1359 obtineret,
2845 1298 3007 1345 cum

534 1388 912 1451 universus
940 1388 1243 1468 populus
1273 1405 1432 1450 eam
1462 1387 1548 1452 de
1573 1388 1729 1467 ipso
1759 1387 2171 1468 opinionem
2201 1388 2665 1468 concepisset,
2702 1398 2779 1452 ut
2809 1390 3001 1469 quid·

536 1493 706 1576 quid
733 1494 827 1557 ad
855 1493 992 1556 Dei
1021 1495 1289 1557 cultum
1312 1502 1382 1556 et
1403 1494 1768 1557 hominum
1792 1496 2097 1557 salutem
2130 1496 2486 1573 attineret,
2520 1494 2610 1557 ab
2641 1511 2728 1558 eo
2759 1496 3003 1559 admit·

535 1602 825 1665 tendum
851 1616 1009 1664 esse
1038 1600 1170 1663 sibi
1200 1600 1733 1681 persuaderent,
1765 1601 1985 1663 immo
2025 1602 2117 1663 ad
2154 1618 2345 1677 eum,
2380 1611 2454 1664 ut
2484 1601 2576 1663 ad
2608 1601 3005 1665 anchoram

535 1725 842 1786 sacram,
890 1707 982 1771 ad
1019 1708 1092 1771 id
1128 1716 1602 1771 recurrerent.
1647 1706 2090 1788 Pauperibus
2128 1710 2619 1788 eleemosynas
2658 1708 3005 1788 largieba-

532 1823 669 1893 tur,
723 1830 902 1895 quas
949 1814 1254 1894 populus
1307 1824 1557 1895 postea
1613 1814 1862 1877 lubens
1921 1815 2396 1895 persolvebat.
2452 1814 3003 1879 Xenodochium

532 1922 962 2002 pauperibus
994 1922 1300 2002 hospitio
1321 1921 1760 2002 excipiendis
1789 1923 2167 2002 aegrisque
2208 1923 2545 1985 curandis
2593 1931 3008 1986 construen-

536 2029 704 2091 dum
733 2028 1036 2107 curavit,
1073 2037 1140 2091 et
1172 2028 1456 2108 quidem
1485 2028 1658 2091 satis
1691 2028 2181 2108 magnificum,
2214 2048 2381 2093 nam
2412 2046 2551 2110 quo
2583 2039 2795 2093 antea
2825 2030 3005 2101 reci-

535 2136 932 2216 piebantur,
965 2136 1309 2215 exiguum
1341 2145 1496 2198 erat
1519 2153 1648 2216 pro
1681 2136 1816 2199 loci
1845 2135 2035 2199 illius
2065 2138 2551 2215 magnitudine
2577 2154 2661 2201 ac
2692 2137 2999 2200 necessi·

531 2250 680 2307 tate
711 2240 754 2323 ¹3
801 2252 869 2305 et
902 2251 977 2306 ut
1016 2260 1290 2307 annuos
1326 2243 1596 2307 reditus
1634 2244 1866 2306 clerus
1906 2243 2339 2322 decerneret,
2384 2243 2637 2325 effecit,
2680 2254 2757 2307 ut
2794 2246 3003 2325 pueri

529 2349 817 2429 quidam
843 2350 1030 2413 bona
1059 2349 1292 2413 indole
1320 2350 1859 2413 instituerentur
1900 2361 1968 2413 et
2008 2351 2505 2431 educarentur,
2557 2351 2676 2432 qui
2719 2352 3005 2415 canoni-

530 2458 634 2519 cis
664 2457 859 2520 horis
887 2456 1339 2535 inservirent3
1373 2475 1538 2521 nam
1572 2458 1662 2521 ad
1691 2457 1839 2520 'Dei
1869 2459 2129 2521 cultum
2170 2457 2239 2520 id
2277 2458 2631 2538 pertinere
2674 2459 2748 2522 in
2781 2460 3005 2523 eccle-

529 2564 636 2627 sia
663 2564 723 2628 F
726 2564 1125 2628 ontenentis
1154 2565 1538 2645 praecipua
1577 2564 1975 2643 videbatur;
2024 2565 2305 2646 publica
2337 2566 2857 2646 oppidanorum
2904 2569 3003 2631 vi·

530 2671 630 2734 tia
669 2672 854 2734 scire
895 2670 1270 2750 diligenter
1314 2672 1634 2751 curabat,
1679 2681 1754 2735 ut
1793 2671 2086 2735 infamia
2132 2681 2415 2735 notatos
2458 2692 2500 2736 a
2539 2682 3003 2761 peccatorum

530 2778 840 2841 tenebris
869 2778 961 2841 ad
992 2776 1309 2858 J'ustitiae
1353 2780 1588 2842 lumen
1629 2778 2025 2842 reduceret:
2072 2796 2234 2843 cum
2274 2789 2513 2843 autem
2554 2781 2843 2861 quidam
2890 2782 3009 2844 ob—

529 2886 793 2949 stinato
824 2886 1086 2964 anim0,
1122 2886 1283 2948 licet
1313 2903 1356 2947 a
1386 2885 1461 2949 P.
1495 2884 1818 2966 Baptista
1849 2896 2170 2967 rogatuS,
2207 2905 2251 2949 a
2280 2888 2593 2950 mulieris
2619 2898 2858 2951 tamen
2886 2906 3001 2951 cu-

523 2990 808 3071 jusdam
845 2991 1222 3056 inhonesta
1265 2992 1774 3056 consuetudine
1815 2995 2033 3057 nollet
2077 2993 2446 3073 recedere,
2485 2992 2780 3073 jndices,
2831 2994 3009 3074 eJ'us-

533 3097 694 3162 dem
731 3097 808 3160 P.
852 3098 1216 3179 Baptistae
1256 3100 1566 3178 hortatu,
1615 3100 1688 3164 in
1736 3101 2031 3164 exilium
2059 3117 2222 3164 eum
2250 3115 2485 3179 egere,
2534 3118 2624 3163 ne
2648 3102 2828 3164 alios
2873 3120 3009 3165 suo

533 3206 858 3285 exemplo
889 3206 960 3269 in
993 3205 1206 3269 simili
1234 3216 1530 3287 peccato
1571 3206 2049 3271 confirmaret.

653 3311 794 3374 746.
883 3312 985 3375 Ea
1017 3330 1189 3376 vero
1221 3314 1584 3391 concione,
1621 3332 1836 3395 quam
1879 3316 2381 3379 antelucanam
2409 3316 2495 3379 de
2535 3315 2807 3380 Christi
2834 3318 3005 3399 Jesu

535 3419 866 3498 passione
895 3418 1140 3481 habuit
1168 3420 1240 3482 in
1271 3420 1383 3482 die
1412 3419 1854 3484 Parasceves
1874 3470 1889 3501 ,
1922 3420 2406 3485 incredibilem
2448 3440 2627 3503 pene
2657 3424 3005 3503 lacryma-

534 3544 690 3589 rum
721 3544 806 3589 ac
835 3527 1229 3605 gemituum
1260 3526 1588 3592 affectum
1627 3530 1691 3591 ei
1733 3530 1993 3609 populo
2033 3530 2387 3593 concessit
2426 3530 2801 3608 Dominus,
2836 3548 3005 3610 qua·

532 3635 672 3696 lem
702 3650 1052 3713 nusquam
1083 3634 1260 3697 alias
1289 3635 1555 3699 vidisse
1585 3636 1703 3717 qui
1727 3636 2051 3716 aderant,
2080 3638 2544 3715 testabantur,
2574 3647 2644 3699 et
2666 3656 2749 3700 eo
2783 3654 3005 3719 usque

532 3749 863 3804 creverat
893 3739 969 3803 P.
1003 3740 1366 3821 Baptistae
1398 3741 1621 3820 dolor,
1657 3743 1985 3823 quamvis
2015 3744 2130 3806 ille
2160 3743 2546 3823 reprimere
2576 3753 2645 3806 et
2683 3743 3006 3809 dissimu-

531 3847 682 3911 lare
726 3857 1128 3925 conaretur,
1173 3858 1250 3911 ut
1291 3850 1687 3912 astantibus
1725 3850 2053 3931 affectuS,
2097 3867 2236 3930 quo
2282 3852 2481 3930 prius
2508 3852 3007 3932 movebantur,

533 3954 806 4018 scilicet
861 3956 1402 4035 compassioniS,
1461 3956 1536 4019 in
1593 3956 1919 4020 timorem
1960 3957 2172 4021 fuerit
2221 3974 2638 4038 conversus;
2690 3968 3011 4024 metuere

535 4062 794 4142 quippe
825 4072 1238 4141 coeperunt,
1273 4080 1362 4125 ne
1392 4061 1468 4124 P.
1504 4064 1897 4143 Baptistam
1930 4082 2013 4125 eo
2046 4058 2115 4126 in
2146 4066 2305 4127 loco
2336 4075 2405 4128 et
2434 4066 2727 4145 spiritus
2756 4075 2828 4128 et
2854 4066 3005 4129 vita

527 4168 1013 4244 destituerent,
1046 4178 1114 4232 et
1148 4168 1396 4233 codem
1417 4172 1566 4231 zelo
1595 4170 1810 4250 aliqui
1831 4188 1923 4233 ex
1946 4170 2375 4249 primoribus
2397 4181 2817 4251 suggestum
2842 4190 3011 4235 con·

531 4276 982 4353 scenderunt,
1015 4275 1090 4339 P.
1125 4276 1546 4355 Baptistam,
1580 4293 1790 4356 quem
1820 4278 1999 4340 mire
2030 4278 2451 4357 diligebant,
2483 4296 2570 4341 ne
2603 4278 2903 4342 ulterius
2934 4280 3009 4341 in

530 4382 831 4446 dicendo
863 4383 1413 4462 progrederetur
1443 4384 1873 4447 revocaturi.

613 4664 628 4693 ¹
687 4660 769 4704 En
788 4660 1042 4714 originem
1062 4658 1352 4714 hospitalis»,
1374 4670 1530 4714 quam
1549 4660 1818 4714 ignorasse
1842 4661 2042 4706 fatetur
2064 4668 2249 4706 auctor
2272 4662 2631 4717 descriptionis
2654 4662 2824 4716 oppidi
2847 4662 3007 4706 Ome-

532 4734 707 4777 niente
733 4732 870 4786 apud
911 4730 1111 4785 MAnoz,
1135 4731 1482 4775 Diccionario
1515 4732 1810 4788 geom-asico
1829 4733 1899 4777 de
1918 4732 2163 4788 Espaaa.
