3742 5392
1692 473 1817 529 Ax.
1866 472 2004 529 1554
2974 468 3083 527 245

736 620 878 682 537.
977 618 1301 681 Viennae
1332 618 1541 681 etiam
1586 617 1904 680 nonnihil
1955 616 2469 695 persecutionis
2499 627 2746 678 contra
2789 632 2866 678 se
2895 616 3081 679 exci-

612 728 796 791 tavit
824 727 1010 789 idem
1050 725 1411 803 Canisius,
1462 735 1715 787 contra
1765 740 1978 805 quem
2018 725 2232 787 libere
2273 723 2472 787 multi
2495 723 3076 803 obloquebantur,

613 834 803 915 quod
830 834 905 897 in
935 849 1155 897 causa
1183 831 1395 895 fuerit
1423 830 1613 912 quod
1640 830 2001 910 professor
2031 828 2322 910 quidam
2343 830 2430 893 ob
2456 829 2807 893 haeresim
2829 829 2902 892 in
2926 846 3075 892 car-

611 957 850 1004 cerem
878 939 969 1003 sit
996 938 1363 1019 conjectus
1393 936 1435 1017 ¹,
1469 954 1637 1001 nam
1673 938 2120 1001 examinator
2158 937 2344 1001 illius
2384 937 2808 1001 constitutus
2845 936 3079 1001 iuerat

614 1044 993 1129 [Canisius]
1046 1046 1255 1110 simul
1302 1062 1465 1109 cum
1504 1045 1741 1127 aliquo
1790 1045 2124 1123 theologo
2146 1093 2161 1124 ,
2204 1053 2273 1106 et
2321 1042 2608 1108 functus
2649 1053 2803 1107 erat
2848 1042 3078 1107 officio
3147 1070 3154 1077 ·

612 1172 741 1219 suo
771 1153 815 1217 ³.
859 1154 940 1218 In
991 1152 1456 1218 concionibus
1494 1151 1711 1215 etiam
1751 1167 2001 1214 coram
2029 1149 2224 1231 Rege
2265 1151 2549 1228 habitiS‚
2594 1160 2846 1214 contra
2888 1168 3076 1215 com-

612 1430 820 1476 llarium
853 1430 1128 1481 Bauariae.
1150 1436 1203 1474 et
1236 1430 1287 1475 in
1310 1428 1571 1474 Canisium
1604 1430 1914 1473 contulere.»
1941 1428 2262 1483 Quamquam
2295 1428 2432 1473 enim
2465 1426 2673 1473 Canisio
2701 1439 2888 1473 nomen
2917 1430 3078 1483 caniS‚

610 1503 695 1545 vel
716 1502 886 1547 «canis
904 1502 1181 1546 austriaci»
1203 1503 1271 1546 ab
1290 1500 1613 1546 adversariis
1632 1500 1825 1555 imponi
1845 1501 2066 1551 solebat.
2087 1500 2172 1545 hic
2193 1507 2368 1545 tamen
2387 1500 2687 1554 Wiguleum
2707 1499 2884 1545 Hundt
2911 1512 2972 1544 eo
2995 1513 3080 1545 no-

610 1574 745 1619 mine
767 1572 1049 1629 significari
1070 1574 1297 1628 epistula
1324 1573 1438 1628 ipsa
1470 1572 1716 1617 ostendit.
1736 1572 2022 1626 Ignorabat
2044 1571 2267 1616 fortasse
2299 1569 2583 1616 Sacchinus
2615 1572 2970 1625 germanicum
2988 1585 3079 1616 vo—

609 1645 850 1689 cabulum
884 1642 1122 1688 «Hundt»
1157 1644 1295 1688 idem
1324 1642 1621 1697 significare
1650 1649 1807 1697 atque
1843 1644 2063 1687 latinum
2083 1642 2318 1687 «Canis».
2343 1642 2618 1696 Hucusque
2649 1642 3078 1697 Bnamtsnaucsn,

610 1714 757 1759 Hunc
776 1720 951 1760 autem
970 1726 1217 1766 errorem.
1236 1716 1280 1759 si
1296 1724 1443 1759 error
1464 1715 1669 1769 quidem
1688 1720 1769 1759 est
1788 1718 1846 1758 ut
1866 1715 2093 1763 videtur.
2113 1714 2374 1759 mutuavit
2393 1713 2680 1759 Sacchinus
2699 1726 2765 1759 ex
2781 1714 3080 1761 Polanc0.-—

612 1786 746 1831 Vide
766 1788 926 1833 etiam
946 1798 1081 1842 quae
1098 1787 1161 1832 de
1184 1786 1377 1832 canisii
1398 1787 1699 1841 cognomine
1720 1786 1929 1830 disserit
1951 1786 2380 1837 Bnauxsaanesn,
2401 1786 2435 1828 1.
2457 1796 2519 1839 c.,
2540 1796 2661 1839 pag.
2681 1784 2737 1829 70
2756 1792 2809 1829 et
2827 1786 2898 1831 71.

688 1860 703 1892 ¹
763 1858 945 1903 Sermo
979 1870 1093 1903 esse
1128 1858 1337 1903 videtur
1370 1859 1433 1902 de
1464 1856 1680 1902 Nicoiao
1713 1857 1901 1911 Polita,
1935 1857 2296 1912 philosophiae
2329 1857 2623 1911 professore
2643 1857 2694 1901 in
2715 1857 3076 1902 Universitate

608 1930 893 1984 viennensi,
914 1930 977 1973 de
1015 1941 1115 1985 quo
1136 1936 1189 1974 et
1217 1930 1279 1973 de
1314 1940 1474 1975 causa
1504 1929 1759 1973 adversus
1791 1939 1908 1973 eum
1938 1929 2199 1973 instructa
2233 1928 2444 1983 ejusque
2473 1928 2738 1983 punitione
2762 1929 2895 1973 haec
2916 1930 3077 1973 habet

610 2002 1021 2046 Bumtsssncmt
1035 2034 1047 2055 ,
1068 2003 1101 2047 1.
1123 2013 1185 2054 c..
1204 2012 1326 2056 pag.
1346 2001 1443 2053 4⁶2.
1464 2007 1638 2045 annot.
1660 2002 1699 2045 1:
1736 2001 2010 2045 “Nicolaus
2045 2000 2240 2044 Polites
2273 2000 2482 2053 (Penta,
2517 2000 2839 2056 Bourgeois),
2872 2002 3078 2046 bruxel-

608 2074 763 2117 lensis
777 2106 788 2126 .
809 2074 1023 2118 circiter
1041 2085 1091 2118 a.
1113 2074 1219 2117 1554
1238 2086 1272 2117 a
1292 2072 1620 2117 Ferdinando
1650 2082 1775 2127 reg-e
1809 2072 2062 2117 Viennam
2092 2078 2355 2125 evocatus,
2395 2078 2451 2115 ut
2483 2072 2533 2115 in
2554 2073 2824 2117 academia
2846 2073 3078 2127 linguam

608 2156 872 2200 graecam,
892 2147 1229 2200 rhetoricam,
1251 2144 1632 2201 philosophiam
1648 2145 2026 2189 aristotelicam
2046 2145 2298 2197 traderet,
2318 2155 2453 2189 anno
2475 2144 2596 2197 1554,
2619 2156 2736 2189 cum
2759 2145 3080 2191 rhetoricam

607 2217 923 2271 doceret,'ob
941 2217 1330 2263 Lutheranismi
1358 2218 1702 2272 suspicionem
1723 2219 1773 2261 in
1794 2216 2084 2260 custodiam
2103 2216 2331 2261 inclusus
2351 2223 2432 2260 est
2452 2216 2764 2270 (Aschbach,
2784 2218 2820 2261 1.
2843 2229 2887 2261 c.
2907 2228 2986 2271 ιιι,
3005 2216 3076 2261 53.

604 2288 799 2333 241·243.
814 2288 1093 2342 Bacchoue,
1104 2291 1138 2334 1.
1154 2302 1198 2333 c.
1211 2300 1325 2343 vin,
1346 2290 1458 2341 192).
1476 2289 1559 2333 Ad
1576 2300 1708 2343 quae
1728 2288 1858 2332 haec
1879 2288 2178 2332 adnotanda
2197 2295 2333 2331 sunt:
2357 2289 2397 2331 1.
2415 2287 2748 2333 universitas
2765 2290 3076 2343 viennensis,

604 2371 671 2404 ex
690 2361 803 2416 ipsa
820 2372 917 2406 sua
936 2362 1257 2406 institutione
1276 2360 1558 2416 primisque
1578 2362 1780 2417 legibus
1798 2362 1906 2405 suis
1925 2360 2203 2413 catholica,
2224 2366 2399 2414 atque,
2419 2359 2463 2403 si
2485 2360 2561 2405 ita
2581 2360 2752 2404 dicere
2773 2362 2854 2405 fas
2873 2368 2966 2415 est,
2984 2373 3078 2417 per

605 2434 937 2478 eminentiam
954 2433 1216 2478 catholica
1236 2438 1369 2477 erat.
1382 2432 1743 2477 Ferdinandus
1762 2438 1936 2477 autem
1954 2443 2048 2475 rex
2067 2432 2380 2486 specialibus
2400 2432 2600 2484 legibus
2619 2440 2858 2483 caverat,
2879 2444 2942 2477 ne
2963 2435 3078 2488 quis

605 2504 657 2548 in
673 2506 1023 2560 professorum
1042 2505 1274 2549 ordinem
1292 2510 1645 2559 cooptaretur,
1665 2505 1763 2549 nisi
1778 2504 2098 2549 catholicum
2112 2514 2168 2547 se
2189 2510 2328 2548 esset
2349 2503 2625 2557 professus.
2645 2503 2722 2548 Cf.
2734 2504 2923 2549 librum
2944 2505 3080 2549 “Der

606 2577 937 2621 katholische
972 2576 1271 2621 Charakter
1298 2577 1392 2621 der
1412 2576 1625 2620 Wiener
1654 2576 2000 2620 Universitat.
2031 2575 2164 2620 Eine
2196 2575 2534 2619 Denkschrift
2555 2576 2648 2619 der
2681 2575 3070 2629 theologrschen

606 2646 904 2701 Fac-uetat...
923 2647 1096 2698 (Wien
1120 2648 1241 2702 1863)
1261 2660 1311 2701 p.
1336 2648 1448 2691 1-29.
1465 2646 1535 2691 ⁵6.
1554 2648 1623 2691 57.
1644 2648 1689 2691 2.
1708 2646 1972 2701 Imperiali
1995 2647 2105 2689 iure
2128 2656 2360 2698 romano,
2382 2646 2516 2700 quod
2537 2653 2658 2691 tunc
2675 2647 2898 2691 maxime
2934 2648 3080 2703 vige-

607 2720 727 2775 bat,
748 2720 1048 2763 haereticus
1068 2730 1169 2764 non
1198 2721 1365 2763 solum
1399 2718 1450 2763 in
1483 2720 1783 2771 ecclesiam,
1804 2719 1896 2761 sed
1931 2719 2091 2761 etiam
2121 2718 2170 2762 in
2191 2718 2499 2761 societatem
2520 2718 2728 2762 civilem
2748 2720 2917 2763 scelus
2946 2730 3078 2765 com-

606 2792 815 2836 mittere
836 2793 1165 2845 censebatur‚
1180 2792 1333 2846 idque
1354 2792 1521 2845 magis
1542 2791 1797 2835 nefarium
1818 2802 1972 2844 quam
1993 2794 2158 2844 ipsum
2174 2790 2366 2833 crimen
2393 2790 2712 2843 maiestatis;
2728 2790 2944 2846 ideoque
2961 2804 3077 2836 cum

604 2861 891 2907 Catholicis
911 2862 1213 2915 Lutherani‚
1238 2862 1549 2917 Calviniani‚
1574 2864 1851 2917 Anglicani
1875 2864 2268 2905 consentiebant
2298 2861 2558 2905 haeresim
2589 2872 2688 2905 non
2709 2864 2874 2906 solum
2893 2864 3077 2908 exsilio

604 2944 659 2979 et
688 2935 939 2979 bonorum
968 2934 1334 2979 confiscatione
1350 2968 1361 2990 ,
1384 2936 1473 2979 scd
1494 2936 1655 2979 etiam
1686 2940 1850 2979 morte
1870 2933 2129 2977 vindicari
2160 2934 2344 2977 merito
2379 2942 2552 2985 posse.
2577 2932 2661 2977 Ita
2679 2946 2732 2977 v.
2753 2945 2800 2988 g.
2820 2946 2937 2979 cum
2958 2933 3076 2979 Cal-

604 3006 758 3049 vinus
784 3005 839 3048 23
860 3005 1101 3049 Octobris
1123 3006 1228 3050 1553
1261 3006 1506 3050 Genevae
1536 3006 1840 3050 Michaelem
1873 3004 2148 3049 Servetum
2179 3004 2474 3058 (Servede),
2495 3006 2581 3059 qui
2615 3006 2803 3049 librum
2823 3006 3078 3052 adversus

604 3077 990 3121 sanctissimam
1008 3077 1320 3123 Trinitatem
1338 3079 1745 3133 conscripserat.
1766 3079 1909 3122 lento
1928 3078 2046 3131 igne
2067 3077 2297 3121 comburi
2317 3076 2553 3121 iussisset
2567 3110 2578 3130 ‚
2600 3088 2699 3120 non
2729 3080 2896 3122 solum
2924 3090 3075 3134 prae-

604 3149 740 3203 cipui
774 3148 1005 3203 theologi
1024 3150 1239 3195 helvetii
1259 3157 1416 3204 atque
1438 3150 1689 3205 imprimis
1708 3150 2012 3193 Theodorus
2041 3149 2176 3193 Beza
2191 3183 2202 3201 ,
2225 3150 2314 3193 sed
2339 3156 2389 3192 et
2414 3148 2681 3203 Philippus
2711 3148 3079 3195 Melanchthon

604 3222 716 3263 tum
742 3220 934 3264 litteris
956 3221 1006 3263 14
1025 3218 1265 3265 Octobris
1288 3222 1391 3265 1554
1426 3221 1563 3265 datis
1593 3228 1701 3265 tum
1736 3222 1990 3275 peculiari
2023 3221 2220 3273 scripto
2251 3220 2302 3264 id
2334 3221 2708 3273 probaverunt.
2734 3220 2900 3273 Quam
2927 3225 3077 3267 multi

604 3298 779 3335 autem
798 3291 958 3346 Angli
978 3293 1046 3336 ab
1080 3292 1305 3337 Henrico
1326 3292 1469 3345 vm,
1492 3300 1545 3337 et
1574 3292 1888 3336 Elisabetha
1909 3292 1973 3337 ob
1993 3291 2145 3336 fidem
2177 3291 2492 3337 catholicam
2526 3292 2880 3337 crudelissime
2903 3296 3076 3338 necati

606 3364 711 3407 sint
735 3397 747 3419 ,
787 3375 965 3409 omnes
1004 3372 1207 3411 norunt.
1254 3366 1297 3410 I.
1338 3366 1491 3409 Cara.
1527 3365 1960 3420 Hergenrother,
1999 3364 2334 3409 Katholische
2370 3363 2562 3407 Kirche
2607 3366 2710 3408 und
2743 3366 3079 3411 christlicher

607 3433 761 3479 Staat
787 3436 858 3489 (2.
882 3437 1031 3490 Ausi„
1052 3436 1313 3490 Freiburg
1334 3438 1366 3481 i.
1390 3437 1474 3481 Br.
1500 3435 1623 3486 1876)
1644 3450 1675 3491 p
1720 3437 1920 3487 423412.
1943 3442 1994 3479 et
2027 3436 2268 3485 eiusdem
2301 3434 2590 3479 Handbuch
2611 3436 2701 3480 der
2733 3438 3082 3491 angemeinen

600 3505 1135 3561 Kirchengeschichte
1156 3507 1229 3551 ΙΙΙ
1255 3507 1315 3565 (3.
1342 3509 1493 3563 Auli„
1516 3508 1772 3562 Freiburg
1794 3509 1825 3552 i.
1852 3508 1938 3551 Br.
1964 3507 2099 3557 1886).
2122 3508 2319 3551 116-117.
2353 3506 2594 3561 Janssen
2616 3509 2651 3550 l.
2674 3518 2716 3551 c.
2741 3520 2794 3561 v,
2816 3508 3024 3553 asa—4⁶8.

682 3578 705 3609 ¹
758 3577 929 3632 Haec,
950 3578 993 3621 si
1016 3580 1077 3623 de
1100 3578 1314 3624 Nicolao
1336 3579 1521 3634 Polita,
1556 3586 1614 3624 ut
1647 3580 1871 3634 videtur,
1896 3579 2232 3633 intelligenda
2252 3580 2356 3623 sint
2373 3612 2383 3631 ,
2414 3578 2728 3623 inficiabitur
2749 3578 3084 3626 Baaunsszn·

604 3658 731 3701 cun,
752 3650 839 3704 qui
870 3657 992 3694 acta
1016 3651 1066 3695 in
1086 3662 1247 3695 causa
1270 3652 1487 3703 Politae‚
1511 3655 1579 3695 ab
1609 3652 1722 3706 ipso
1743 3652 1916 3695 Polita
1937 3659 2186 3705 congesta
2208 3658 2260 3694 et
2295 3652 2344 3695 in
2377 3651 2596 3695 archivo
2627 3652 2913 3695 cuiusdam
2945 3654 3078 3697 civi·

604 3722 740 3765 tatis
755 3724 1021 3767 exstantia
1042 3724 1267 3778 inspexit
1288 3734 1341 3768 et
1362 3737 1427 3769 ex
1448 3726 1522 3768 eis
1554 3725 1749 3769 eruisse
1771 3725 1982 3768 videtur
2004 3726 2174 3767 nullas
2195 3724 2246 3768 in
2275 3724 2376 3768 hac
2397 3735 2558 3767 causa
2579 3724 2748 3778 egisse
2777 3734 2960 3779 partes
2981 3724 3078 3769 Ca·

605 3793 809 3837 nisium.
830 3794 923 3837 Ait
953 3794 1115 3849 enim,
1138 3807 1257 3850 pag.
1277 3796 1385 3848 ⁴6⁴,
1407 3803 1583 3840 annot.
1602 3797 1650 3839 6:
1681 3796 1876 3839 “Sociis
1907 3798 2136 3839 romanis
2170 3796 2336 3839 frater
2367 3796 2557 3849 aliquis
2578 3796 2872 3840 viennensis
2900 3808 3080 3852 perpe·

604 3874 720 3909 ram
746 3866 1014 3909 rettulisse
1033 3867 1244 3911 videtur
1272 3866 1535 3911 Canisium
1563 3874 1833 3911 auctorem
1864 3867 2022 3911 fuisse
2045 3866 2246 3911 Politae
2282 3868 2332 3911 in
2355 3878 2622 3911 carcerem
2653 3868 2961 3912 includendi.
2982 3868 3080 3913 Po-

604 3938 786 3980 lancus
806 3938 941 3981 enim
961 3936 1125 3983 Roma
1144 3940 1195 3982 21
1217 3938 1338 3991 Julii
1362 3940 1467 3983 1554
1488 3940 1660 3984 comiti
1682 3942 1744 3983 de
1764 3939 1945 3983 Melite
1965 3940 2096 3983 haec
2117 3940 2178 3984 de
2197 3938 2404 3983 Canisio
2426 3939 2661 3994 scripsit:
2681 3939 2759 3983 *A
2779 3950 2840 3983 su
2860 3938 3080 3994 instiga-

606 4008 720 4052 cion
740 4020 796 4051 se
828 4008 931 4053 han
952 4010 1151 4054 echado
1170 4022 1235 4054 en
1255 4012 1451 4065 prision
1484 4013 1703 4065 algunos
1734 4012 2100 4067 predicadores
2121 4012 2183 4055 de
2215 4012 2450 4055 heretica
2480 4011 2744 4062 doctrina.
2767 4023 2799 4064 y
2819 4022 2888 4055 un
2909 4013 3076 4055 lector

603 4080 807 4133 publico
826 4080 889 4123 de
909 4083 1119 4135 aquella
1137 4082 1505 4136 Universidad,
1523 4084 1733 4127 hombre
1752 4095 1873 4137 muy
1895 4085 2117 4128 celebre.
2130 4082 2345 4137 (Canas
2366 4084 2433 4126 de
2456 4082 2566 4126 San
2587 4082 2824 4133 Ignacto,
2841 4092 2913 4137 tv,
2933 4082 3076 4137 235).„

686 4150 939 4195 Attamen
958 4154 1275 4197 viennensis
1294 4155 1380 4197 ille
1404 4153 1611 4209 frater,
1634 4154 1717 4209 qui
1746 4156 1851 4199 ista
1883 4154 2102 4200 Romam
2136 4156 2342 4208 retulit,
2361 4156 2472 4209 ipse
2500 4153 2738 4199 Canisius
2756 4153 2916 4198 fuisse
2937 4154 3077 4198 vide·

605 4225 707 4265 tur.
730 4220 861 4277 Eius
888 4223 1023 4267 enim
1054 4223 1247 4268 litteris
1266 4225 1293 4267 6
1312 4225 1511 4280 Aprilis
1542 4228 1703 4279 (quae
1723 4225 1942 4280 periisse
1963 4226 2239 4281 videntur)
2271 4234 2323 4270 et
2357 4226 2410 4270 16
2438 4226 2668 4282 ejusdem
2705 4226 2895 4271 mensis
2923 4226 3074 4281 (quas

604 4290 758 4336 affert
778 4292 1187 4338 Baaussaaacsa
1202 4327 1214 4347 .
1238 4297 1270 4339 1.
1293 4308 1353 4349 c..
1374 4308 1495 4351 pag.
1516 4296 1715 4349 457-461)
1734 4298 1801 4341 ad
1822 4296 2086 4351 Ignatium
2107 4298 2245 4341 datis
2274 4298 2590 4352 respondens
2603 4330 2614 4351 ‚
2639 4308 2705 4340 ex
2724 4308 2872 4349 com„
2889 4296 3073 4342 Polan-

605 4374 721 4416 cus,
745 4364 877 4408 haec
909 4365 1011 4409 ait:
1042 4366 1221 4411 “Delia
1251 4368 1609 4422 persecutione
1638 4370 1896 4414 suscitata
1915 4379 1949 4413 a
1968 4367 2036 4411 V.
2057 4368 2120 4412 R.
2141 4379 2235 4423 per
2265 4369 2302 4413 ii
2336 4368 2434 4412 s.to
2454 4369 2618 4413 officio
2637 4368 2733 4412 che
2766 4369 2836 4413 ha
2865 4368 3001 4413 fatto
3021 4370 3072 4413 di

604 4432 691 4477 sar
707 4435 973 4489 castigare
990 4438 1159 4491 quello
1176 4438 1423 4491 heretico.
1446 4450 1545 4483 non
1566 4444 1595 4484 e
1616 4440 1681 4483 da
1699 4440 2074 4493 maravigliare
2092 4446 2143 4483 et
2164 4442 2192 4483 e
2208 4451 2330 4484 cosa
2343 4432 2503 4485 mol'to
2519 4447 2753 4493 usata...„
2772 4442 2793 4483 1
2811 4438 2934 4495 Maii
2953 4438 3074 4483 1554.

690 4505 861 4558 Quare
875 4538 887 4559 ,
908 4507 952 4550 si
974 4508 1147 4553 omnia
1174 4510 1305 4554 haec
1328 4511 1391 4554 de
1426 4510 1593 4556 Polita
1622 4511 1966 4566 intelligenda
1985 4518 2300 4555 censeantur
2315 4544 2326 4565 ‚
2347 4517 2458 4557 tum
2477 4513 2640 4556 verba
2672 4512 2765 4555 ilia
2784 4510 2976 4555 canisii
3005 4512 3076 4555 ad

606 4578 773 4631 ipsum
796 4577 1019 4623 Politam
1047 4581 1325 4627 scribentis
1355 4593 1525 4636 neque
1553 4584 1769 4637 putavi,
1788 4584 1946 4627 crede
1977 4582 2130 4635 mihi,
2145 4588 2380 4637 poenam
2406 4584 2548 4628 hanc
2565 4584 2804 4627 carceris
2820 4584 3072 4636 sequutu-

608 4660 727 4691 ram
750 4656 1061 4703 argumento
1079 4658 1232 4696 erunt
1246 4654 1473 4697 voluisse
1491 4654 1753 4699 Canisium
1770 4655 1900 4699 utin
1921 4654 2146 4698 Politam
2165 4654 2682 4699 animadverteretur
2701 4653 2886 4698 leviori
2905 4665 3074 4708 poena

606 4731 764 4773 quam
792 4722 1023 4765 carceris
1044 4730 1097 4768 et
1118 4724 1357 4769 fortassis
1388 4728 1531 4770 nulla
1550 4733 1765 4780 praeter
1793 4726 2132 4771 remotionem
2151 4736 2184 4769 a
2213 4737 2424 4771 munere
2457 4726 2697 4779 docendi,
2720 4726 2924 4770 minime
2945 4736 3075 4769 vero
