3742 5392
1641 458 1768 515 Ax.
1813 457 1955 520 1554
2924 456 3043 515 ⁴49

565 606 874 671 audituri
915 603 1378 668 christianam
1420 602 1850 677 doctrinam,
1898 602 2382 677 confluebant,
2430 619 2573 665 non
2610 601 2771 666 ideo
2818 603 3032 682 pauci

567 716 661 777 ad
692 712 1086 792 Collegium
1117 712 1352 791 ipsum
1379 711 1470 774 ad
1494 727 1654 773 eam
1677 710 2103 774 audiendam
2123 709 2527 787 veniebant;
2554 710 2769 773 immo
2784 710 2855 772 in
2879 710 3031 773 dies

569 822 800 901 magis
828 835 1166 884 numerus
1195 818 1595 895 crescebat,
1630 818 1808 881 adeo
1837 828 1946 895 ut,
1981 817 2189 897 pleno
2218 818 2481 881 sacello
2499 866 2514 895 ,
2546 816 2763 897 duplo
2792 818 3032 897 plures

568 929 742 993 foris
773 928 888 995 vel
901 925 1314 1001 ,assidentes
1341 926 1460 987 vel
1481 934 1756 989 stantes
1778 924 2106 988 audirent
2125 941 2141 1001 ;
2166 934 2237 987 et
2257 933 2543 1006 praeter
2564 924 3036 989 scholasticos

577 1034 877 1099 trecenti
908 1033 1028 1097 alii
1055 1033 1218 1113 plus
1247 1032 1482 1097 minus
1509 1030 1968 1095 accedebant.

693 1142 834 1203 961.
922 1140 1128 1220 Quod
1159 1138 1248 1202 ad
1289 1139 1672 1203 conciones
1715 1138 2001 1215 attinet,
2045 1148 2209 1219 post
2258 1136 2335 1201 P.
2388 1138 2757 1202 Francisci
2806 1156 3033 1203 reces-

571 1267 761 1327 sum,
793 1247 871 1311 P.
905 1246 1330 1313 Benedictus
1363 1245 1754 1312 Catalanus
1783 1261 1868 1309 eo
1900 1262 2190 1309 munere
2218 1245 2519 1309 feliciter
2548 1244 2751 1325 fungi
2774 1248 3037 1326 coepit,

578 1367 726 1421 tum
755 1355 828 1419 in
857 1354 1312 1419 monasteriis
1357 1352 1803 1431 monialium,
1845 1361 1995 1415 tum
2039 1352 2111 1415 in
2152 1352 2589 1430 carceribuS,
2634 1363 2783 1415 tum
2822 1352 3039 1417 etiam

569 1465 640 1528 in
671 1462 993 1527 ecclesiis
1021 1460 1476 1542 quibusdam,
1509 1460 1710 1523 festis
1737 1477 1824 1523 ac
1857 1458 2189 1540 profestis
2221 1460 2494 1523 diebuS.
2522 1460 2700 1523 Cum
2724 1460 2940 1526 etiam
2962 1461 3037 1523 in

578 1569 970 1635 cathedrali
1007 1569 1316 1631 ecelesia
1347 1567 1564 1630 latine
1607 1566 1864 1646 aliquis
1906 1568 2060 1647 ipso
2101 1567 2215 1630 die
2250 1565 2441 1646 jovis
2484 1568 2716 1631 sancti
2752 1568 3038 1631 concio-

579 1677 740 1741 nari
767 1677 1018 1739 solitus
1047 1686 1237 1739 esset
1278 1674 1294 1705 ¹
1319 1723 1334 1753 ,
1376 1674 1651 1737 delatus
1690 1673 1752 1737 is
1789 1690 2024 1737 sermo
2073 1672 2305 1737 fuerat
2356 1674 2547 1753 aliis,
2598 1686 2873 1754 septem
2922 1675 3036 1737 vel

578 1793 742 1849 octo
793 1783 1040 1849 diebus
1083 1792 1468 1860 antequam
1508 1791 1698 1844 esset
1735 1780 2139 1857 habendus;
2190 1791 2259 1844 et
2307 1780 2407 1844 ita
2459 1789 2755 1845 ventum
2794 1790 2903 1845 est
2944 1781 3040 1845 ad

581 1890 658 1954 P.
692 1890 1116 1968 Antonium,
1147 1888 1558 1966 Rectorem,
1591 1888 1712 1968 qui
1742 1888 1879 1951 hoc
1909 1905 2164 1953 munus
2192 1888 2389 1952 Patri
2416 1886 2745 1952 Navarro
2782 1887 2813 1919 ⁸
2852 1905 3037 1951 com-

579 1998 804 2075 misit,
839 2008 910 2060 et
935 1996 1234 2059 feliciter
1264 2012 1424 2059 cum
1456 2011 1722 2074 magna
1754 1994 2243 2058 consolatione
2283 1994 2931 2059 ecclesiasticorum
2969 1994 3040 2057 id

581 2103 956 2185 praestitit.
991 2102 1525 2183 Expectabatur
1553 2112 1791 2165 tamen
1823 2102 2005 2164 alius
2035 2102 2495 2165 concionator
2542 2119 2757 2182 quam
2793 2100 2871 2165 P.
2916 2102 3039 2167 Be·

574 2212 931 2289 nedictus,
961 2210 1082 2292 qui
1103 2210 1176 2273 in
1197 2210 1618 2273 lectionibus
1641 2209 2151 2289 grammatices
2174 2220 2565 2289 occupatus
2588 2218 2774 2284 erat;
2800 2227 3043 2289 quam·

578 2321 690 2383 vis
719 2336 882 2383 cum
912 2335 1073 2381 eum
1103 2320 1322 2391 semel
1351 2317 1666 2380 audisset
1703 2316 1896 2395 Mag.
1940 2316 2153 2379 Avila
2201 2317 2345 2396 (qui
2385 2318 2848 2381 concionator
2886 2328 3043 2381 erat

573 2425 930 2506 insignis),
965 2422 1116 2504 ejus
1145 2434 1215 2487 et
1243 2424 1644 2488 doctrinam
1674 2434 1742 2485 et
1765 2423 2095 2503 spiritum
2125 2423 2335 2487 valde
2364 2424 2699 2503 probavit
2731 2422 2779 2486 ³.

693 2533 834 2597 962.
923 2529 1387 2595 Sacramenta
1419 2529 1891 2593 confessionis
1931 2538 1999 2592 et
2040 2530 2561 2594 communionis
2598 2531 2801 2594 multi
2852 2531 3041 2612 apud

569 2650 854 2704 nostros
880 2638 1419 2719 frequentarunt
1441 2684 1454 2715 ,
1483 2654 1615 2700 nec
1637 2637 1866 2700 solum
1885 2637 1960 2700 in
1982 2635 2572 2717 Quadragesima,
2600 2636 2727 2699 sed
2745 2686 2760 2715 ,
2788 2638 2863 2701 in
2886 2637 3049 2701 aliis

570 2748 786 2811 etiam
813 2745 982 2809 anni
1011 2743 1478 2825 temporibuS,
1512 2761 1642 2807 sex
1671 2743 2091 2808 confessarii
2120 2744 2539 2807 satisfacere
2580 2754 2823 2807 tantae
2864 2746 3037 2807 mul·

647 2989 665 3020 ¹
723 2986 935 3031 Duobus
953 2994 1070 3041 post
1091 2985 1264 3041 annis,
1285 2986 1488 3031 scilicet
1503 3018 1514 3035 .
1537 2986 1658 3040 1556,
1687 2985 1782 3029 “El
1801 2985 1997 3029 Doctor
2014 2984 2043 3038 J
2048 2996 2149 3031 uan
2170 2984 2329 3029 Gines
2346 2986 2409 3029 de
2426 2986 2722 3041 Sepulveda
2742 2999 2797 3031 se
2820 2988 3041 3033 hallaba.

568 3070 632 3102 en
654 3058 891 3103 Cordoba
911 3066 1018 3101 este
1040 3062 1156 3112 aiio,
1179 3070 1210 3112 y
1231 3058 1489 3101 descando
1510 3060 1556 3100 el
1581 3057 1797 3101 Cablldo
1818 3058 1897 3100 oir
1918 3064 2009 3101 tan
2028 3058 2231 3101 celebre
2252 3057 2517 3112 Theologo
2538 3070 2574 3115 y
2594 3058 2802 3111 endor.
2824 3060 2871 3103 le
2894 3059 3033 3115 pidio

566 3141 665 3185 que
685 3130 878 3174 hiciese
898 3131 950 3173 la
967 3130 1178 3174 oracion
1193 3128 1358 3173 latina
1374 3129 1456 3172 del
1478 3130 1754 3181 lavatoriO.
1772 3140 1866 3182 que
1882 3140 1937 3171 se
1956 3130 2287 3173 acostumbra
2302 3129 2463 3173 hacer
2479 3142 2542 3174 en
2561 3132 2610 3173 el
2626 3128 2843 3174 Cabildo
2859 3134 2908 3176 el
2918 3131 3041 3185 Jue-

569 3214 665 3247 ves
685 3201 896 3257 santa„
914 3200 1092 3245 Gouaz
1111 3202 1312 3253 Batavo.
1333 3200 1368 3244 1.
1389 3212 1435 3243 c.

653 3275 675 3306 ¹
734 3274 790 3316 P.
815 3273 1002 3317 Petrus
1032 3272 1292 3327 Navarra,
1312 3276 1506 3317 “varon
1539 3270 1835 3327 espiritual,
1865 3282 2046 3315 manso
2075 3284 2108 3328 y
2131 3272 2377 3325 caliado.„
2398 3274 2667 3326 Atellam,
2686 3276 2721 3317 1.
2752 3286 2816 3328 c..
2836 3274 2963 3319 Dec.
2985 3286 3023 3319 n

573 3348 676 3391 An.
690 3356 744 3399 ν,
765 3356 880 3400 cap.
901 3356 936 3397 1,
955 3344 986 3399 g
1006 3344 1047 3387 2.

651 3418 674 3451 ⁸
727 3420 802 3461 *el
831 3417 994 3460 Padre
1017 3416 1312 3467 Benedicto.
1335 3426 1432 3469 que
1453 3415 1705 3459 haciendo
1727 3418 1761 3458 a
1780 3416 1873 3459 doz
1894 3426 2073 3460 manos
2102 3416 2237 3467 (erat
2259 3416 2413 3460 simul
2434 3418 2601 3460 lector
2627 3417 3043 3476 grammatices).

573 3502 635 3533 cn
669 3491 718 3532 el
751 3490 950 3543 pulpito
985 3489 1300 3531 asombraba
1332 3498 1429 3530 con
1459 3498 1519 3531 su
1552 3489 1790 3543 talenta„
1825 3486 1969 3529 Haec
1990 3494 2265 3541 postquam
2294 3488 2504 3542 scripsit
2534 3486 2893 3541 Saxrrvastaz,
2914 3491 2946 3536 l.
2980 3503 3049 3545 c.,

571 3560 769 3605 addidit
793 3562 841 3603 in
857 3570 950 3603 ora
970 3560 1210 3614 paginae:
1239 3559 1328 3601 ‘de
1352 3570 1448 3613 que
1465 3562 1578 3603 mas
1609 3570 1700 3603 era
1716 3565 1870 3603 autor
1886 3560 1937 3601 ia
1956 3560 2138 3612 gracia
2155 3570 2252 3613 que
2275 3559 2325 3603 la
2352 3561 2698 3613 naturaleza.„
2713 3560 2783 3605 Et
2800 3573 2913 3616 cap.
2934 3574 3045 3613 xm.

571 3646 618 3675 n.
639 3632 682 3676 2:
701 3632 826 3676 “Oia
845 3633 1038 3686 algena
1053 3642 1166 3683 νει,
1183 3631 1382 3674 cuando
1401 3632 1522 3673 selo
1538 3630 1820 3685 pen-mittan
1835 3632 1919 3673 las
1937 3630 2230 3675 ordinarias
2246 3631 2589 3685 ocupaciones
2604 3634 2635 3677 a
2656 3644 2785 3676 unos
2804 3646 2834 3687 y
2854 3637 2885 3677 a
2903 3642 3047 3679 otroe

571 3705 723 3759 aquel
743 3716 853 3748 mas
874 3716 970 3759 que
995 3710 1220 3746 maestro
1243 3704 1304 3745 de
1328 3703 1498 3757 todos,
1520 3704 1568 3745 el
1591 3703 1870 3745 venerable
1904 3711 2129 3747 maestro
2152 3702 2315 3746 Avila
2330 3736 2341 3755 ,
2360 3716 2395 3759 y
2416 3714 2507 3748 era
2543 3703 2785 3749 increibie
2808 3706 2857 3749 el
2882 3706 3046 3761 jubilo

572 3777 634 3818 de
653 3788 712 3820 su
733 3786 970 3829 corazon,
992 3786 1054 3817 en
1076 3786 1172 3817 ver
1193 3782 1286 3817 tan
1305 3774 1367 3818 de
1405 3775 1540 3817 lieno
1573 3785 1660 3817 sus
1691 3774 1869 3817 deseos
1899 3774 2201 3827 cumplidos.
2222 3773 2299 3817 De
2330 3776 2376 3818 ei
2410 3775 2572 3828 padre
2603 3775 2883 3821 Benedicto
2914 3778 3047 3822 solia

571 3847 730 3897 decit,
751 3858 849 3901 que
869 3858 1070 3901 aunque
1091 3858 1156 3889 no
1177 3858 1270 3890 era
1301 3846 1614 3900 predicador
1634 3858 1697 3890 en
1717 3848 1767 3890 el
1797 3848 2015 3899 taleme,
2038 3846 2308 3899 aaradaba
2329 3857 2539 3900 empero
2568 3848 2753 3891 mucho
2775 3850 2807 3891 a
2836 3856 3051 3894 nuestro

572 3918 735 3963 Senot
755 3930 851 3962 con
870 3930 958 3962 sus
985 3919 1210 3972 platicas
1239 3932 1274 3975 y
1293 3930 1582 3972 sermones,
1606 3929 1701 3973 por
1733 3929 1828 3973 que
1849 3918 1912 3961 de
1932 3919 2061 3961 euos
2091 3928 2184 3962 era
2215 3918 2331 3961 bien
2360 3919 2596 3962 colmado
2616 3920 2665 3963 ei
2698 3920 2839 3964 fruto
2872 3931 2969 3975 que
2990 3931 3045 3964 se

569 3992 737 4044 cogia.
761 3988 861 4033 Por
882 4001 976 4045 que
1011 3991 1182 4035 conia
1208 3991 1453 4034 sencillez
1473 3990 1536 4033 de
1571 3992 1616 4033 el
1641 3990 1794 4035 estilo
1811 3990 2034 4043 J'untaba
2065 4000 2168 4033 una
2199 3999 2333 4044 gran
2368 3989 2583 4035 eficacia
2614 4002 2677 4035 en
2710 3992 2985 4045 persuadit·
3014 3998 3049 4036 a

571 4062 720 4106 todos
757 4063 806 4105 el
836 4072 982 4106 amor
1017 4062 1152 4107 dela
1175 4062 1368 4117 virtud,
1397 4064 1448 4106 ei
1467 4062 1654 4105 horror
1675 4064 1706 4105 a
1726 4063 1804 4105 los
1824 4061 2003 4105 vicios.
2032 4060 2179 4105 Eran
2212 4070 2352 4105 estos
2372 4062 2451 4105 los
2480 4062 2646 4106 labios
2674 4063 2953 4108 caldeados
2983 4067 3047 4110 de

569 4133 754 4178 Isaiae.
777 4132 910 4179 Sabe
933 4136 977 4178 ei
1001 4134 1176 4178 divino
1197 4133 1351 4188 fuego
1373 4134 1434 4177 de
1457 4136 1504 4176 el
1526 4134 1700 4177 hietro
1722 4144 1836 4176 mas
1857 4144 2041 4176 comun
2056 4132 2221 4188 fot-jar
2240 4138 2419 4177 saetas
2433 4144 2529 4187 que
2550 4144 2768 4187 rompan
2788 4135 2945 4181 hasta
2965 4138 3045 4181 las

567 4206 704 4251 telas
725 4207 786 4250 de
808 4207 858 4249 el
879 4217 1114 4251 corazon.
1137 4205 1214 4249 No
1241 4218 1299 4251 se
1320 4207 1556 4260 ocupaba
1578 4218 1642 4249 en
1665 4209 1853 4250 buscar
1874 4204 2137 4249 delicados
2166 4212 2468 4259 conceptum
2490 4207 2756 4251 arrimaba
2778 4212 2811 4251 a
2840 4220 2909 4252 un
2936 4212 3054 4253 solo

568 4280 723 4333 lugat
744 4278 804 4321 de
826 4278 878 4323 la
899 4278 1128 4333 sagrada
1148 4279 1410 4321 esci-itura
1429 4290 1494 4321 un
1519 4277 1740 4332 ejemplo
1771 4278 1954 4329 moral,
1971 4288 2005 4333 y
2028 4287 2123 4319 con
2142 4284 2237 4319 tan
2268 4278 2427 4320 breve
2450 4276 2673 4322 artificio
2694 4278 2819 4332 tejia
2848 4291 2907 4323 su
2928 4282 3039 4333 red,

567 4362 666 4405 que
685 4360 856 4395 nuncu.
876 4350 1078 4395 echaba
1097 4352 1130 4393 a
1150 4352 1198 4393 el
1221 4360 1350 4400 mar,
1373 4360 1470 4405 que
1492 4360 1557 4392 no
1579 4350 1631 4392 la
1661 4359 1845 4393 sacase
1876 4359 1971 4391 con
2016 4348 2277 4402 ganancia
2298 4379 2309 4397 .
2339 4349 2477 4391 liena
2513 4348 2575 4391 de
2606 4350 2834 4402 grandes
2868 4362 3041 4404 peces.

569 4420 886 4473 Quiebrense
907 4420 1075 4463 ahora
1093 4420 1170 4463 los
1189 4419 1511 4473 presumidos
1527 4418 1764 4472 ingentes
1794 4418 1874 4460 las
1896 4418 2113 4461 cabezas
2142 4426 2207 4459 en
2241 4416 2512 4461 subtilizar
2532 4424 2809 4472 conceptos
2838 4432 2873 4475 y
2894 4430 3049 4473 gran·

569 4504 716 4549 gear,
735 4504 802 4537 no
822 4493 1006 4542 almaS.
1028 4502 1124 4547 que
1147 4491 1390 4535 debieran
1405 4524 1416 4545 ,
1438 4492 1551 4535 sino
1571 4491 1836 4543 aplausos,
1857 4500 1955 4543 que
1974 4488 2175 4543 pueden
2215 4498 2310 4531 con
2348 4499 2505 4532 razon
2538 4496 2718 4535 temer.
2755 4490 2928 4535 Huian
2962 4504 3047 4537 eu·

569 4572 764 4620 tonces,
786 4576 950 4619 como,
969 4566 1230 4619 contagio,
1251 4570 1368 4607 esta
1389 4572 1603 4606 manera
1623 4562 1685 4605 de
1707 4560 1949 4617 predicar
1970 4563 2049 4605 los
2068 4572 2167 4616 que
2199 4571 2296 4615 por
2314 4560 2522 4604 ocasion
2536 4594 2549 4611 .
2570 4565 2601 4605 0
2631 4561 2709 4606 sin
2728 4564 2861 4618 eila,
2884 4570 3053 4609 trata-

568 4638 670 4680 ban
691 4636 752 4679 de
774 4636 1026 4681 ananciar
1041 4638 1074 4680 a
1095 4634 1284 4679 Cristo.
1302 4634 1552 4678 Robaban
1575 4644 1668 4677 con
1691 4638 1911 4688 aquesto
1934 4633 2008 4676 los
2030 4643 2309 4677 corazones
2330 4644 2363 4687 y
2384 4633 2696 4678 voluntadee
2716 4638 2749 4678 a
2783 4636 2933 4681 todos
2974 4638 3057 4681 los

570 4707 634 4749 de
654 4709 702 4751 el
723 4710 893 4762 lazar,
915 4709 1144 4763 grandes
1163 4719 1197 4764 y
1219 4706 1439 4775 chicos..

813 4796 888 4855 T.
924 4816 1000 4855 iv.
2696 4812 2767 4869 29
