3742 5392
1599 466 1723 521 Ax.
1770 464 1912 521 1554
2875 462 2980 519 177

508 616 989 679 Concionatus
1033 612 1265 675 fuerat
1309 610 1380 673 in
1418 610 1720 689 collegio
1764 618 2012 673 nostro
2055 610 2130 673 P.
2181 608 2516 675 Nicolaus
2552 608 2980 677 Paredensis

510 722 757 786 diebus
814 718 1195 785 dominicis
1243 717 1837 798 quadragesimae
1891 734 1978 781 ac
2035 717 2147 780 die
2199 716 2484 781 veneris
2537 716 2803 795 sancti,
2859 716 2979 781 ubi

512 830 749 893 multis
798 845 961 899 cum
1023 825 1361 905 lacrymis
1408 834 1480 888 et
1536 824 2022 887 consolatione
2078 823 2426 904 spirituali
2483 824 2770 887 auditus
2823 824 2980 887 fuit.

512 936 589 999 P.
622 936 837 999 etiam
866 933 1220 1007 AndreaS,
1248 950 1335 995 ac
1362 932 1439 995 P.
1466 932 1780 1015 Joannes
1808 930 2264 1011 FranciscuS,
2291 948 2378 994 ac
2409 930 2833 995 Laurentius
2867 929 2883 961 ¹
2907 932 2980 995 in

514 1042 969 1107 monasteriis
999 1051 1068 1104 et
1098 1039 1565 1119 hospitalibus
1593 1038 1998 1119 huJ'usmodi
2026 1055 2332 1102 messem
2359 1055 2491 1102 sua
2519 1038 2980 1118 praedicatio-

514 1168 607 1213 ne
636 1150 1015 1229 augebant.

628 1256 769 1319 373.
855 1254 993 1321 Sed
1025 1256 1341 1319 omnium
1378 1255 1686 1319 maxime
1723 1253 2044 1317 homines
2085 1262 2571 1317 commoverat
2598 1252 2676 1315 Ρ.
2711 1251 2974 1317 Salme-

512 1382 677 1442 ron,
710 1380 859 1431 non,
891 1363 1119 1426 solum
1151 1370 1403 1425 contra
1431 1360 1795 1435 haereseS,
1828 1360 1956 1425 sed
1996 1370 2247 1425 contra
2284 1360 2558 1441 reliqua
2591 1360 2765 1423 vitia
2799 1370 2979 1423 -stre-

514 1488 651 1535 nue
680 1470 1059 1547 maricam,
1095 1468 1215 1549 qui
1244 1468 1457 1548 duplo
1488 1477 1557 1530 et
1595 1467 1806 1548 triplo
1846 1469 2088 1547 plures
2121 1484 2338 1549 quam
2377 1484 2563 1530 anno
2593 1467 2976 1547 praeterito

518 1577 879 1642 auditores
922 1575 1305 1655 habuerat;
1348 1584 1418 1638 et
1460 1592 1549 1637 ex
1580 1575 1956 1653 evangelio
2001 1583 2070 1637 et
2113 1574 2442 1654 epistola,
2483 1590 2660 1653 quae
2701 1574 2791 1637 ad
2833 1591 2980 1638 rem

516 1686 905 1763 faciebant,
938 1684 1199 1765 populo
1228 1682 1670 1759 declarabat;
1702 1690 1773 1744 et
1802 1699 1945 1745 non
1973 1680 2560 1745 solum'doctrina
2591 1681 2717 1744 sed
2747 1691 2814 1744 et
2847 1682 2981 1761 spi-

516 1793 655 1856 ritu
700 1809 785 1855 ac
812 1808 993 1855 voce
1039 1790 1393 1853 constanti
1438 1806 1481 1851 a
1529 1787 1836 1852 Domino
1881 1786 2165 1867 adjutus
2203 1786 2334 1851 fuit
2375 1804 2598 1867 usque
2641 1787 2736 1850 ad
2771 1787 2982 1853 finem

514 1898 1139 1979 quadragesimae,
1174 1912 1333 1959 cum
1362 1912 1495 1959 nec
1524 1894 1876 1959 delectum
1906 1894 2228 1959 ciborum
2269 1912 2402 1957 nec
2435 1892 2778 1975 jejunium
2810 1895 2976 1958 omi-

514 2007 748 2070 sisset.
782 2004 872 2069 Et
901 2003 1253 2067 referebat
1283 2002 1631 2066 Dominus
1668 2002 2152 2082 Hieronymus
2184 2001 2460 2082 Vignes
2487 2019 2571 2064 ea
2615 2000 2984 2080 majestate

516 2112 870 2177 catholica
899 2112 1237 2189 dogmata
1266 2109 1484 2173 fuisse
1512 2108 1821 2173 stabilita
1851 2119 1922 2171 et
1951 2108 2347 2185 declarata,
2385 2119 2458 2171 ut
2489 2126 2532 2171 a
2562 2108 2984 2189 quibusdam

515 2238 659 2283 non
702 2218 1081 2283 mediocris
1121 2216 1565 2287 auctoritatis
1610 2216 1789 2279 viris
1832 2216 2101 2279 dictum
2150 2214 2394 2295 fuerit,
2449 2234 2590 2279 non
2641 2216 2776 2279 fide
2825 2234 2986 2296 quo-

514 2326 891 2390 dammodo
920 2342 997 2387 se
1027 2325 1149 2389 illa
1177 2333 1443 2401 tenere,
1476 2322 1599 2386 sed
1629 2321 2016 2400 evidentia,
2057 2340 2240 2403 quae
2269 2322 2572 2386 dilucide
2603 2322 2982 2387 admodum

516 2442 587 2495 et
613 2432 839 2495 solide
868 2432 1385 2495 declaraverat.
1414 2428 1521 2493 De
1549 2444 1812 2509 genere
1843 2429 2059 2492 etiam
2087 2429 2490 2493 auditorum
2519 2429 2706 2493 idem
2736 2429 2981 2494 Hiero·

518 2556 777 2619 nymus
818 2538 1063 2603 scribit
1106 2538 1293 2618 quod
1332 2534 1559 2616 major
1597 2553 1766 2618 pars
1806 2535 2210 2599 auditorum
2249 2554 2339 2599 ex
2377 2536 2776 2615 insignibus
2808 2537 2979 2600 viris

520 2646 927 2723 constabat,
974 2653 1095 2707 aut
1136 2644 1339 2707 titulo
1376 2642 1667 2707 dominii
1716 2641 2136 2720 illustribuS,
2185 2651 2308 2705 aut
2346 2642 2804 2721 consiliariiS,
2867 2654 2989 2707 aut

520 2752 870 2833 equitibus
918 2751 1168 2831 Regni.
1202 2750 1348 2815 Nec
1391 2749 1739 2814 Dominus
1769 2748 2088 2813 Didacus
2131 2748 2505 2827 Pacieeho,
2539 2767 2759 2830 nepos
2807 2750 2980 2814 Car-

526 2861 813 2938 dinaliS,
854 2859 1245 2938 Pro-regiS,
1290 2859 1404 2921 vel
1447 2859 1535 2921 ab
1581 2858 1789 2921 unica
1833 2857 2177 2919 concione
2221 2856 2464 2919 abfuit.
2511 2855 2984 2921 conservavit

524 2968 737 3031 etiam
778 2968 879 3030 illi
916 2964 1265 3029 Dominus
1302 2966 1495 3027 vires
1537 2964 1890 3045 corporiS,
1925 2974 2026 3042 et,
2062 2972 2138 3027 ut
2182 2964 2478 3043 ipsemet
2508 2963 2583 3027 P.
2617 2962 2986 3029 Salmeron

524 3074 899 3151 fatebatur,
935 3088 1267 3153 egressus
1296 3079 1404 3134 est
1434 3088 1526 3135 ex
1552 3071 2147 3151 quadragesimae
2185 3070 2813 3135 exercitationibus
2841 3080 2990 3135 tam

528 3181 803 3245 validus
842 3187 1034 3244 certe
1081 3196 1295 3260 quam
1330 3170 1773 3258 incoeperat,
1818 3196 1980 3241 cum
2027 3186 2268 3241 tamen
2305 3178 2794 3258 sesquihoram
2825 3195 2989 3259 quo-

524 3288 692 3352 tidie
713 3336 728 3367 ,
760 3298 831 3352 et
872 3286 1246 3367 aliquoties
1276 3285 1455 3349 duas
1491 3285 1705 3349 horas
1744 3286 2212 3350 concionatus
2255 3294 2475 3365 esset;
2508 3294 2577 3349 et
2616 3286 2690 3349 in
2731 3286 2995 3353 ultimis

528 3394 971 3457 sermonibus
1008 3391 1315 3457 Sanctae
1357 3392 1843 3456 hebdomadae
1877 3408 1962 3455 ac
1991 3391 2560 3455 Resurrectionis
2595 3393 2830 3471 magis
2871 3410 2989 3456 au·

529 3502 793 3565 ditores
835 3500 1019 3565 affici
1056 3511 1124 3563 et
1162 3500 1257 3563 ad
1298 3500 1563 3579 optima
1605 3516 1928 3581 quaeque
1977 3500 2384 3580 promoveri
2421 3498 2848 3565 videbantur
2873 3509 2990 3579 ;.et

528 3608 683 3673 Deo
722 3619 1020 3687 accepta
1060 3608 1298 3671 omnia
1339 3623 1424 3670 eo
1468 3607 1731 3670 clarius
1760 3605 2169 3670 ferebantur
2209 3604 2396 3687 quod
2433 3623 2578 3670 non
2616 3606 2994 3671 videbatur

520 3715 725 3794 juxta
752 3716 1137 3779 humanam
1166 3714 1515 3779 rationem
1551 3722 1713 3794 post
1741 3714 2080 3777 tumultus
2118 3713 2308 3792 illos,
2342 3714 2462 3794 qui
2501 3722 2728 3777 totam
2770 3714 2990 3778 natio-

524 3840 685 3886 nem
715 3822 1161 3903 hispanicam
1188 3821 1263 3884 in
1288 3820 1530 3885 odium
1556 3838 1645 3883 ea
1674 3821 1745 3883 in
1775 3819 1949 3883 urbe
1978 3818 2457 3899 adduxerant,
2492 3820 2645 3901 ejus
2677 3821 2992 3887 nationis

528 3930 1103 3993 concionatorem
1135 3940 1281 3993 tam
1312 3928 1521 3991 avide
1545 3946 1585 3990 a
1610 3927 1977 3991 nobilitate
2007 3936 2076 3990 et
2105 3928 2322 4007 vulgo
2353 3936 2640 4010 tamque
2669 3936 2994 3992 amanter

532 4036 958 4101 audiendum
1002 4053 1158 4099 esse
1187 4034 1233 4095 ².

610 4277 627 4309 ¹
685 4276 899 4323 Scilicet
927 4277 983 4322 P.
1008 4278 1249 4322 Andreas
1268 4279 1331 4322 de
1354 4276 1563 4331 Oviedo,
1581 4278 1882 4333 priusquam
1904 4277 2120 4322 Romam
2140 4286 2470 4333 evocaretur,
2491 4278 2546 4324 P.
2569 4278 2794 4332 Joannea
2827 4278 2988 4324 Fran—

468 4400 477 4417 .
532 4348 698 4393 ciecus
716 4350 950 4393 Araldua
970 4358 1022 4393 et
1044 4349 1099 4394 P.
1120 4348 1453 4395 Laurentius.

610 4421 633 4452 ³
686 4421 1036 4475 Indignamur
1058 4422 1143 4465 hle
1166 4422 1418 4466 tumultus
1436 4421 1651 4477 Neapoli
1674 4421 1892 4466 excitati
1913 4421 2168 4466 adversus
2187 4422 2404 4467 Petrum
2433 4422 2498 4467 de
2518 4422 2712 4468 Toledo
2734 4434 2870 4469 anno
2893 4424 2998 4469 15⁴7

530 4492 799 4537 occasione
822 4493 1093 4537 inducendi
1116 4494 1167 4537 in
1186 4493 1587 4549 Neapolitanum
1605 4493 1839 4549 Regnum
1859 4492 2214 4548 Inquisitionia
2232 4494 2526 4549 tribunalis,
2547 4505 2674 4550 quos
2687 4496 2815 4543 fuse
2849 4508 2997 4541 enar-

530 4570 649 4609 rant
682 4564 929 4619 Neapolis
963 4564 1401 4621 historiographi,
1422 4578 1502 4612 ex.
1520 4577 1599 4620 gr.
1620 4565 1920 4615 Gammae,
1958 4565 2139 4609 Storia
2174 4565 2335 4609 civile
2367 4566 2459 4611 del
2477 4565 2664 4621 Regno
2695 4568 2754 4612 di
2785 4565 3002 4623 Napoli,

432 4672 439 4681 .
530 4638 615 4681 lib.
646 4648 831 4687 xxxvi.
858 4648 974 4693 cap.
996 4638 1178 4682 v.-De
1213 4639 1277 4682 iis
1306 4639 1465 4683 etlam
1494 4637 1707 4693 speciali
1740 4638 1933 4691 libello,
1970 4638 2052 4681 cui
2085 4638 2268 4681 titulus
2311 4636 2600 4683 Tumultus
2628 4638 3001 4695 Neapolitana.

535 4709 777 4753 disseruit
813 4708 1051 4753 Unssnrcs
1082 4710 1326 4755 Forsan.

775 4798 849 4857 T.
884 4818 959 4855 ιν.
2659 4821 2718 4861 12
