3742 5392
1602 473 1729 531 AN.
1774 473 1914 531 1554
2889 472 2994 530 143

518 629 801 699 praeter
822 618 975 698 jam
1002 618 1192 681 dicta
1224 616 1603 681 Societatis
1632 619 2056 696 ministeria,
2090 616 2242 697 ejus
2272 618 2648 681 consilium
2679 618 2896 681 etiam
2921 618 2994 681 in

516 727 731 789 rebus
760 726 1061 807 publicis
1090 728 1549 807 expetebant3
1582 726 1708 789 sed
1738 725 2065 789 omnibus
2097 734 2342 805 aperte
2365 723 2800 805 significavit
2821 726 2996 803 sein

520 833 807 896 Melitae
838 834 1145 897 insulam
1174 851 1215 897 a
1246 832 1324 897 P.
1356 834 1635 912 Ignatio
1667 833 2100 897 destinatum
2131 850 2311 895 esse.

638 939 781 1004 285.
872 941 1051 1005 Cum
1091 952 1328 1004 tamen
1382 941 1518 1003 hoc
1571 952 1911 1005 autumno
1963 940 2394 1020 EpiscopuS,
2451 940 2875 1020 quibusdam
2907 958 2996 1003 ex

516 1048 755 1111 causis
806 1058 874 1111 et
918 1047 1440 1129 impedimentis
1488 1060 1762 1127 motuS,
1820 1048 1971 1128 ejus
2023 1048 2434 1111 missionem
2492 1064 2634 1110 non
2681 1056 2992 1126 urgeret,

514 1154 965 1218 satisfactum
994 1166 1100 1217 est
1132 1153 1496 1218 Cardinali
1524 1153 1771 1219 Sancti
1800 1154 2064 1233 Angeli
2099 1155 2140 1232 ¹,
2176 1163 2246 1216 et
2273 1153 2366 1217 ad
2409 1152 2794 1217 Abbatiam
2827 1152 2994 1216 Far-

519 1262 633 1325 sae
682 1261 1133 1324 invisendam
1185 1279 1427 1325 mense
1479 1260 1862 1326 Decembri
1907 1262 2168 1325 missus
2199 1271 2328 1325 est.
2365 1261 2670 1337 Aberat,
2719 1278 2881 1324 cum
2913 1278 2996 1323 eo

516 1368 875 1447 pervenit,
912 1367 1136 1431 Prior.
1170 1368 1531 1449 Exceptus
1562 1379 1800 1433 autem
1826 1368 1958 1433 fuit
1999 1370 2087 1433 ab
2119 1357 2508 1431 oeconomo
2548 1368 2988 1445 monasterii,

518 1476 639 1555 qui
662 1474 813 1555 ejus
844 1475 1039 1538 vices
1068 1477 1398 1555 gerebat;
1432 1486 1502 1539 et
1530 1476 1861 1557 quamvis
1904 1476 2104 1556 prius
2146 1475 2452 1539 demisse
2494 1475 2581 1538 de
2622 1475 2998 1539 visitatore

516 1583 791 1664 Jesuita
820 1584 1083 1647 sentire
1108 1582 1470 1648 videretur
1489 1633 1503 1661 ,
1532 1584 1773 1647 statim
1796 1594 1866 1648 et
1891 1582 2240 1647 sentiendi
2263 1591 2333 1646 et
2355 1582 2689 1661 loquendi
2711 1581 2996 1646 modum

522 1691 855 1767 mutavit,
888 1700 959 1753 et
988 1690 1345 1769 humiliter
1385 1709 1463 1754 se
1508 1690 1950 1754 obedientiae
1981 1687 2300 1769 subjecit.
2337 1688 2518 1752 Fere
2558 1689 2816 1768 viginti
2853 1705 2996 1751 mo-

519 1797 737 1861 nachi
763 1797 1091 1877 germani
1121 1796 1217 1860 ibi
1246 1797 1751 1875 versabantur,
1785 1798 1906 1878 qui
1929 1806 1998 1861 et
2023 1797 2394 1875 vivebant,
2420 1807 2490 1860 et
2509 1845 2523 1873 ,
2552 1805 2628 1859 ut
2648 1796 2801 1876 ipse
2825 1796 2997 1859 scri-

524 1906 657 1983 bit,
702 1903 1037 1967 bibebant
1077 1905 1520 1983 germanice;
1564 1916 1634 1967 et
1678 1921 1803 1967 eos
1840 1903 1934 1967 ad
1978 1904 2365 1968 arctiorem
2407 1903 2604 1966 vitae
2650 1902 3000 1966 rationem

522 2012 897 2075 traducere
926 2012 1101 2073 nihil
1151 2010 1343 2074 aliud
1393 2028 1552 2075 esse
1601 2028 1819 2091 quam
1847 2012 1965 2075 vel
2005 2012 2314 2091 sepelire
2345 2028 2470 2073 eos
2503 2012 2618 2074 vel
2646 2009 3002 2073 dimittere

516 2118 903 2198 jndicabat.
936 2117 1383 2187 Adveniente
1414 2129 1653 2182 tamen
1682 2116 1954 2197 Priore,
1988 2118 2084 2197 id,
2111 2117 2302 2198 quod
2330 2117 2484 2181 fieri
2508 2134 2720 2198 posse
2732 2115 2998 2196 jndica-

522 2226 659 2305 vit,
695 2225 1045 2304 praestitit
1062 2236 1089 2311 ;⁶
1114 2226 1517 2305 alloquutus
1546 2236 1653 2289 est
1690 2236 1767 2289 ut
1806 2224 1900 2288 ad
1952 2224 2211 2305 oppida
2261 2226 2378 2287 vel
2420 2226 2581 2287 loca
2621 2224 2774 2301 illa,
2818 2240 3000 2304 quae

526 2332 775 2396 ditioni
802 2332 1153 2412 spirituali
1182 2342 1253 2395 et
1282 2333 1653 2412 temporali
1693 2331 1902 2413 hujus
1951 2330 2308 2396 Abbatiae
2351 2330 2670 2411 subjecta
2709 2340 2906 2409 sunt,
2933 2341 3001 2394 et

524 2439 782 2519 viginti
810 2456 1108 2502 numero
1148 2450 1343 2517 sunt,
1386 2440 1593 2503 simul
1645 2456 1808 2503 curn
1861 2440 2020 2519 ipso
2073 2438 2446 2501 invisenda
2487 2439 2729 2503 venire
2759 2439 2997 2517 vellet,

522 2546 713 2626 quod
736 2546 1002 2626 recepit
1032 2564 1109 2609 se
1140 2546 1500 2610 facturum
1528 2548 1815 2611 ineunte
1838 2564 2029 2609 anno
2061 2545 2416 2626 sequenti,
2451 2546 2572 2626 qui
2595 2545 2744 2626 jam
2777 2546 2998 2609 immi-

523 2654 757 2717 nebat.
794 2652 1081 2717 Interim
1105 2664 1375 2732 septem
1398 2654 1512 2716 vel
1537 2654 1914 2749 octo-loca,
1949 2652 2384 2716 monasterio
2410 2652 2669 2730 vicina,
2707 2651 3000 2715 domini·

530 2761 635 2825 cis
662 2772 729 2823 et
758 2760 959 2823 festis
989 2760 1237 2823 diebus
1265 2760 1652 2839 invisebat,
1689 2772 1757 2823 et
1796 2760 1988 2840 apud
2028 2776 2152 2823 eos
2200 2758 2778 2823 concionabatur.
2824 2758 3003 2823 Cum

528 2874 767 2931 autem
796 2865 1177 2931 Abbatiam
1206 2866 1267 2930 F
1269 2867 1467 2931 arfae
1504 2866 1912 2947 diligentius
1953 2866 2514 2945 considerasset,
2549 2866 3004 2930 mediocriter

526 2990 606 3037 se
624 2990 881 3054 gerere
904 2975 975 3038 in
998 2973 1483 3054 spiritualibus
1502 2983 1571 3037 et
1596 2973 2104 3053 temporalibus
2127 2973 2616 3053 deprehendit;
2635 2989 3004 3052 peraman-

526 3092 637 3144 ter
665 3082 883 3144 etiam
911 3081 1175 3155 nostris
1214 3080 1755 3144 valetudinariis
1795 3082 2033 3143 locum
2075 3096 2282 3143 suum
2325 3089 2394 3143 et
2437 3097 2730 3161 operam
2761 3078 3002 3142 offere-

530 3188 702 3252 bant
731 3187 777 3251 ³.

608 3294 749 3358 286.
838 3293 1113 3358 Deinde
1138 3295 1229 3357 ad
1252 3296 1486 3358 locum
1509 3293 1579 3357 S.
1614 3293 2014 3357 Salvatoris
2042 3295 2238 3358 venit
2269 3294 2314 3374 ³,
2349 3294 2466 3358 ubi
2491 3312 2606 3357 res
2627 3295 3006 3358 monacho·

530 3418 688 3465 rum
716 3400 943 3481 pejori
972 3402 1130 3463 loco
1162 3410 1391 3475 erant,
1428 3410 1519 3478 et,
1554 3410 1629 3463 ut
1657 3399 2087 3465 farfensibus
2132 3402 2598 3465 concionatus
2635 3410 2774 3477 est,
2806 3401 2904 3464 ita
2935 3409 3006 3462 et

531 3508 647 3571 hic
674 3508 925 3571 eodem
954 3505 1181 3570 officio
1234 3519 1341 3570 est
1392 3506 1707 3585 functus;
1741 3517 1832 3585 et,
1868 3506 2032 3571 licet
2061 3508 2250 3571 altae
2298 3508 2501 3571 nives
2551 3518 2818 3586 essent,
2859 3524 3002 3570 non

532 3614 936 3692 omittebat,
981 3613 1533 3694 praedicationis
1574 3614 1842 3694 gratia,
1896 3615 2056 3678 loca
2109 3615 2449 3692 invisere,
2504 3615 2832 3695 quamvis
2861 3615 3003 3677 alio

532 3731 848 3801 tempore
872 3738 1083 3801 quam
1114 3719 1493 3784 Decembri
1529 3720 1906 3784 invisenda
1941 3732 2265 3786 censeret
2301 3731 2594 3801 propter
2629 3723 3003 3785 molestam

534 3828 823 3909 frigoris
852 3827 1209 3907 injuriam.

649 3936 791 4000 287.
878 3936 1179 3999 Parmae
1230 3934 1615 3999 Ducissam
1665 3934 1754 3999 D.
1808 3936 2279 4016 Margaritam
2327 3936 2414 3999 de
2469 3936 2796 4015 Austria,
2839 3950 3002 4017 post

614 4216 631 4247 ¹
688 4214 819 4259 Erat
838 4226 883 4259 ιε
904 4214 1182 4259 Rainucius
1204 4213 1432 4257 Far-nese
1448 4246 1460 4267 ,
1482 4214 1900 4259 Ravennati-usis
1923 4215 2358 4270 Archiepiscopus
2379 4224 2430 4260 et
2451 4216 2712 4260 Abbatiae
2735 4202 3004 4261 Ferfensi's

532 4286 1023 4331 Commendatarius
1044 4288 1239 4331 Abbas.

610 4359 634 4391 ¹
688 4357 765 4402 De
802 4357 867 4402 iis
894 4358 1105 4413 scripsit
1138 4357 1195 4401 P.
1213 4357 1458 4403 Nicolaus
1480 4356 1753 4403 Bobedilla
1788 4358 1933 4403 Patri
1967 4358 2174 4413 Ignatio
2203 4358 2232 4402 5
2263 4365 2318 4403 et
2353 4359 2406 4403 15
2435 4358 2735 4403 Decembris
2763 4358 2887 4412 155⁴,
2924 4359 3004 4401 eui

534 4429 827 4485 rescripsit,
857 4440 925 4474 ex
951 4440 1102 4483 com„
1124 4428 1379 4473 Polancus
1397 4429 1451 4473 20
1483 4430 1711 4485 ejnsdem
1744 4432 1950 4475 mensis.
1975 4428 2108 4475 Vide
2143 4430 2304 4476 etiam
2326 4430 2517 4475 Canas
2536 4430 2602 4475 de
2633 4428 2746 4474 San
2770 4429 3010 4483 Ignacio,

532 4508 574 4547 t.
594 4512 667 4554 xv.
686 4512 807 4557 pag.
828 4501 911 4545 ⁴92
929 4507 981 4545 et
998 4500 1103 4545 400.

608 4572 632 4605 ³
686 4573 818 4619 Vide
852 4572 1055 4625 Bono,
1088 4571 1207 4616 Vita
1228 4572 1316 4616 del
1348 4582 1503 4615 servo
1524 4572 1584 4615 aa·
1614 4571 1715 4617 Dio
1734 4573 1793 4618 P.
1814 4572 1998 4617 Nicozo
2020 4573 2342 4629 Bobadiua,
2360 4575 2449 4620 lib.
2487 4587 2534 4631 ι,
2556 4574 2604 4631 S.
2635 4586 2686 4625 x.
2706 4582 2760 4619 et
2781 4574 3004 4619 observa

530 4656 647 4690 eum
661 4656 817 4690 unam
833 4645 1163 4699 eamdemque
1186 4644 1357 4689 facere
1374 4644 1659 4689 Abbatiam
1677 4643 1880 4699 Far-sae
1895 4656 2011 4689 cnm
2027 4646 2120 4690 illa
2137 4646 2328 4691 Sancti
2341 4646 2662 4699 Salvatoris,
2677 4656 2808 4700 quae
2825 4652 3000 4692 tamen

538 4720 697 4771 probe
721 4716 995 4771 distinguit
1016 4717 1100 4761 hic
1124 4716 1396 4761 Polaticus.
