3742 5392
726 508 837 567 202
1644 508 1904 570 Cimon.
1947 506 2099 569 Soc.
2141 508 2282 582 Jsss.

724 654 893 717 dum
922 664 991 717 et
1030 655 1152 734 qui
1192 651 1343 734 [eos
1372 652 1517 734 qui]
1549 671 1750 734 spem
1779 654 2324 717 resurrectionis
2352 654 2646 726 habent,
2683 655 2968 718 minime
2998 657 3206 720 dece-

726 771 863 839 ret,
897 760 1030 823 sibi
1060 778 1392 824 carorum
1422 760 1672 824 funera
1713 761 2350 841 prosequebantur,

842 867 983 931 442.
1072 868 1161 932 Et
1191 878 1267 931 ut
1299 867 1666 947 sigillatim
1704 867 1972 947 aliquid
2022 868 2254 931 dicam
2304 866 2392 931 de
2442 869 2900 931 mulierculae
2948 869 3020 932 in
3059 869 3195 932 hac

724 986 926 1054 parte
958 974 1363 1038 constantia
1391 974 1577 1053 (erat
1600 974 1980 1037 Messanae
2002 974 2181 1037 haec
2207 992 2348 1038 non
2371 974 2664 1055 ignota),
2694 994 2875 1055 quae
2901 986 3197 1055 accepta

724 1082 853 1144 sub
883 1098 1266 1161 vesperum
1292 1081 1572 1145 sabbati
1604 1090 1830 1144 morte
1860 1082 1998 1144 viri
2029 1082 2172 1160 sui,
2205 1098 2415 1161 quem
2442 1081 2654 1145 valde
2683 1083 2753 1145 in
2779 1082 3064 1147 Christo
3096 1084 3200 1147 di·-

725 1188 989 1267 ligebat
1022 1192 1213 1263 (erat
1256 1188 1444 1251 enim
1496 1188 1649 1267 ipse
1699 1188 1859 1267 pius
1910 1197 1979 1250 et
2027 1204 2110 1250 eo
2163 1198 2481 1269 tempore
2533 1206 2832 1269 peregre
2882 1190 3190 1269 agebat),

725 1304 1015 1376 repente
1045 1293 1132 1358 D.
1166 1292 1535 1357 Francisci
1588 1294 1908 1357 habiturn
1957 1294 2217 1373 induit,
2264 1305 2333 1358 et
2375 1295 2618 1358 mundi
2659 1296 3198 1376 superstitiones

723 1402 896 1465 nihil
924 1412 1203 1465 morata
1225 1451 1239 1479 ,
1275 1418 1359 1465 ea
1384 1401 1777 1479 dominica,
1806 1418 1992 1481 quae
2015 1401 2391 1465 sabbatum
2409 1402 2556 1483 jam
2584 1402 2848 1466 dictum
2875 1405 3203 1483 proxime

725 1518 1025 1589 sequuta
1055 1518 1200 1588 est,
1236 1509 1433 1571 venit
1464 1509 1536 1571 in
1567 1509 1910 1588 templum
1941 1518 2298 1586 nostrum,
2325 1511 2652 1589 quamvis
2679 1511 3092 1589 longissime
3111 1512 3210 1573 ab

725 1617 944 1697 ipsius
975 1616 1185 1679 domo
1216 1615 1527 1693 abesset,
1561 1614 1944 1695 auditaque
1976 1616 2348 1694 concione,
2385 1633 2471 1679 ac
2513 1617 2804 1697 reliquis
2836 1634 2965 1697 pro
2999 1634 3206 1681 more

724 1738 853 1785 suo
883 1723 1222 1802 peractiS,
1260 1720 1545 1785 domum
1577 1720 1783 1785 rediit
1818 1720 1859 1785 ¹.
1907 1720 2085 1785 Cum
2123 1732 2362 1785 autem
2401 1722 2492 1785 ad
2533 1722 2684 1803 ejus
2723 1724 3008 1787 domum
3041 1742 3202 1788 con-

726 1829 1095 1893 solationis
1123 1828 1388 1910 aliquid
1418 1829 1763 1891 allaturae
1793 1829 2122 1891 mulieres
2153 1829 2432 1909 aliquae
2470 1830 2652 1893 irent
2670 1880 2684 1907 ,
2716 1831 2890 1894 nihil
2927 1832 3094 1895 fletu
3125 1843 3197 1895 et

724 1936 1060 2015 lacrymis
1091 1952 1269 2015 opus
1294 1951 1484 2014 esso,
1519 1935 1751 2015 magis
1776 1947 2012 1998 autem
2040 1936 2436 2015 gratiarum
2461 1938 2742 2000 actione
2766 1948 2836 2001 et
2865 1938 3206 2018 precibus

731 2057 906 2121 erga
934 2038 1163 2105 Deum
1194 2044 1397 2105 vultu
1428 2042 1747 2105 modesto
1780 2040 2082 2105 dicebat.
2117 2041 2272 2122 Ipse
2295 2052 2531 2105 autem
2555 2042 2707 2123 ejus
2722 2044 3042 2123 marituS,
3075 2046 3196 2108 ubi

726 2167 886 2213 eum
916 2148 1203 2213 morbus
1233 2150 1526 2225 invasit,
1562 2148 1659 2212 ibi
1687 2148 1977 2211 virtutis
2007 2166 2221 2230 quam
2261 2167 2350 2212 ex
2387 2148 2738 2230 frequenti
2776 2149 3196 2215 Sacramen-

729 2268 965 2320 torum
993 2272 1127 2319 usu
1158 2256 1231 2319 in
1264 2255 1577 2319 animam
1627 2272 1831 2320 suam
1879 2257 2296 2334 collegerat,
2351 2272 2494 2320 non
2544 2258 2880 2338 exiguam
2919 2260 3204 2339 reliquit

726 2363 1175 2441 memoriam;
1207 2362 1604 2426 distributis
1634 2362 1822 2425 enim
1852 2360 2159 2426 nummis
2178 2411 2192 2440 ,
2225 2379 2404 2444 quos
2437 2380 2681 2427 secum
2712 2366 3010 2445 gerebat
3033 2367 3210 2429 satis

728 2472 1014 2547 multOS,
1049 2468 1198 2549 eJ‘us
1228 2470 1366 2534 loci
1394 2469 1855 2550 pauperibus,
1894 2487 2071 2549 quos
2101 2470 2194 2533 ad
2223 2486 2300 2532 se
2331 2472 2580 2533 vocari
2602 2470 2955 2551 jusserat,
2986 2480 3055 2535 et
3086 2472 3204 2535 de-

732 2578 1070 2641 cumbens
1099 2586 1169 2640 et
1196 2576 1541 2654 morienS,
1576 2576 1649 2640 in
1677 2575 2220 2640 admirationem
2248 2578 2517 2658 pariter
2547 2589 2617 2641 et
2655 2580 3204 2644 commotionem

738 2701 945 2747 omne
976 2683 1147 2747 illud
1176 2683 1511 2763 oppidum
1541 2684 1950 2746 commovit.

852 2790 996 2853 443.
1083 2787 1359 2853 Doctor
1389 2789 1701 2870 quidam,
1734 2790 2000 2852 nostris
2030 2800 2194 2853 ante
2224 2790 2596 2867 adversuS,
2631 2810 2715 2855 eo
2739 2808 2962 2872 usque
2986 2804 3210 2856 muta·

733 2908 847 2961 tus
876 2908 983 2961 est
1010 2905 1088 2961 ut
1116 2914 1261 2960 non
1310 2896 1409 2960 illi
1438 2896 1615 2960 satis
1644 2906 1833 2960 esset
1864 2905 2125 2959 octavo
2176 2913 2457 2977 quoque
2509 2898 2622 2961 die
2653 2898 3208 2977 communicare,

738 3006 863 3069 sed
893 3004 1045 3067 fore
1075 3020 1365 3085 sperare
1396 3014 1495 3083 ut,
1532 3019 1755 3067 uxore
1784 3003 2165 3083 aliquando
2203 3004 2276 3067 in
2315 3005 2826 3070 monasterium
2867 3006 3212 3086 admissa,

735 3114 807 3175 in
838 3110 1274 3175 Societatem
1304 3110 1455 3191 ipse
1486 3118 1806 3174 nostram
1839 3109 2117 3174 admitti
2139 3121 2402 3191 posset.

854 3219 995 3281 444.
1082 3216 1451 3298 Quaedam
1513 3218 1837 3297 virgines
1892 3218 2406 3282 monasterium
2455 3218 2734 3299 ingredi
2776 3229 3202 3283 statuerunt:

732 3325 1147 3389 adolescens
1177 3324 1494 3404 quidam,
1527 3324 1893 3387 Cardinali
1921 3322 2359 3388 Messanensi
2401 3324 2860 3404 conJ'unctuS,
2893 3326 2965 3390 in
3003 3344 3209 3390 exer·

735 3434 919 3496 citiis
948 3431 1433 3513 spiritualibus
1464 3428 1802 3495 Societati
1834 3448 1912 3494 se
1943 3430 2298 3511 adjunxit;
2333 3431 2514 3494 aliae
2545 3434 2947 3513 complures
2985 3432 3202 3512 virgi·

735 3556 892 3619 neS,
928 3538 1059 3602 etsi
1090 3537 1598 3601 monasterium
1628 3536 1867 3600 subire
1895 3538 2200 3617 nollent,
2233 3536 2388 3601 Deo
2419 3548 2656 3601 tamen
2683 3554 2887 3601 suam
2915 3539 3216 3619 virgini·

734 3656 952 3710 tatem
982 3652 1513 3708 consecrarunt.
1566 3642 1799 3723 Rapta
1848 3644 2201 3724 quaedam
2249 3662 2340 3707 ex
2389 3645 2821 3708 monasterio
2861 3662 3022 3709 cum
3064 3662 3218 3708 sex-

736 3754 965 3817 decim
998 3760 1185 3815 esset
1208 3766 1592 3830 annorum,
1620 3751 1693 3814 in
1713 3750 1989 3813 incestu
2013 3750 2192 3813 duos
2221 3767 2448 3814 annos
2476 3762 2680 3814 extra
2705 3752 3218 3815 monasterium

738 3869 1015 3940 egerat:
1046 3858 1366 3939 generali
1394 3856 1587 3922 facta
1639 3856 2116 3935 confessione,
2165 3856 2257 3921 ad
2309 3859 2816 3922 monasterium
2857 3875 2933 3921 se
2963 3858 3224 3921 reditu·

738 3984 895 4030 ram
923 3964 1281 4046 promisit,
1315 3974 1528 4045 atque
1558 3982 1642 4027 eo
1673 3964 1912 4027 animo
1943 3982 2034 4026 ex
2064 3964 2238 4028 urbe
2271 3965 2588 4028 recessit.

860 4074 1002 4136 445.
1092 4070 1272 4134 Viro
1298 4071 1581 4135 cuidam
1602 4080 1673 4135 et
1695 4069 1847 4150 eJus
1869 4072 2082 4134 uxori
2104 4082 2569 4152 persuaserat
2592 4071 2895 4135 daemon
2911 4083 3010 4151 ut,
3030 4081 3226 4135 metu

739 4180 1225 4244 calamitatum
1247 4176 1455 4257 hujus
1479 4176 1767 4257 saeculi,
1796 4188 2414 4242 sacramentorum
2438 4194 2648 4241 usum
2677 4195 2974 4258 prorsus
3004 4178 3221 4259 negli-

737 4294 1023 4367 gerent;
1067 4284 1355 4366 jamque
1408 4300 1633 4348 annos
1686 4284 1996 4365 quinque
2048 4294 2170 4347 aut
2225 4301 2355 4347 sex
2407 4284 2497 4348 ab
2537 4284 2640 4347 eis
2690 4284 3221 4353 abstinuerant:

740 4394 834 4471 hi,
866 4404 1248 4475 postquam
1286 4400 1449 4456 sunt
1491 4390 1829 4469 confessi,
1864 4390 2050 4455 firmi
2079 4391 2152 4454 in
2183 4392 2361 4454 bene
2404 4392 2698 4455 vivendi
2756 4393 3122 4473 proposito
3153 4402 3223 4455 et

821 4600 839 4632 ¹
897 4598 1131 4642 Nondum
1152 4596 1448 4651 extirpatus
1469 4592 1521 4639 in
1541 4594 1852 4649 quibusdam
1870 4596 2170 4649 regionibus
2191 4602 2270 4639 est
2309 4606 2419 4639 mos
2441 4596 2524 4639 hic
2541 4628 2552 4649 ,
2579 4604 2632 4639 nt
2654 4597 2834 4651 primis
2857 4602 2974 4651 post
3003 4597 3224 4652 alicujus

741 4672 893 4716 funus
907 4670 1183 4721 mensibus,
1200 4667 1469 4722 foeminae,
1490 4665 1717 4710 defuncti
1735 4666 2120 4721 consanglneae
2141 4674 2193 4710 et
2214 4666 2409 4717 aflines»,
2434 4666 2584 4710 domo
2601 4676 2699 4710 non
2723 4671 2912 4711 exeant
2933 4678 2996 4710 ne
3019 4668 3228 4721 quidem.

740 4746 797 4785 ut
816 4752 966 4785 sacro
987 4740 1167 4784 diebus
1188 4739 1457 4783 dominicis
1476 4744 1530 4781 et
1551 4736 1701 4780 testis
1723 4736 1985 4781 intersint.
