<?xml version="1.0" encoding="UTF-8"?>
<!DOCTYPE html PUBLIC "-//W3C//DTD XHTML 1.0 Transitional//EN"
    "http://www.w3.org/TR/xhtml1/DTD/xhtml1-transitional.dtd">
<html xmlns="http://www.w3.org/1999/xhtml" xml:lang="en" lang="en">
 <head>
  <title>
</title>
<meta http-equiv="Content-Type" content="text/html;charset=utf-8" />
  <meta name='ocr-system' content='tesseract 3.04.00' />
  <meta name='ocr-capabilities' content='ocr_page ocr_carea ocr_par ocr_line ocrx_word'/>
</head>
<body>
  <div class='ocr_page' id='page_1' title='image "./vitaignatiiloio02polagoog_0191.png"; bbox 0 0 3742 5392; ppageno 0'>
   <div class='ocr_carea' id='block_1_1' title="bbox 1606 459 3009 519">
    <p class='ocr_par' dir='ltr' id='par_1_1' title="bbox 1606 459 3009 519">
     <span class='ocr_line' id='line_1_1' title="bbox 1606 459 3009 519; baseline 0.001 -2"><span class='ocrx_word' id='word_1_1' title='bbox 1606 460 1735 517; x_wconf 71' lang='lat' dir='ltr'><strong>AN.</strong></span> <span class='ocrx_word' id='word_1_2' title='bbox 1780 459 1916 517; x_wconf 79' lang='lat'>1554</span> <span class='ocrx_word' id='word_1_3' title='bbox 2906 459 3009 519; x_wconf 84' lang='lat'><strong>183</strong></span> 
     </span>
    </p>
   </div>
   <div class='ocr_carea' id='block_1_2' title="bbox 526 604 3002 3792">
    <p class='ocr_par' dir='ltr' id='par_1_2' title="bbox 527 604 3002 1955">
     <span class='ocr_line' id='line_1_2' title="bbox 527 604 3002 685; baseline -0.001 -14"><span class='ocrx_word' id='word_1_4' title='bbox 527 608 718 671; x_wconf 86' lang='lat' dir='ltr'><strong>utin</strong></span> <span class='ocrx_word' id='word_1_5' title='bbox 744 606 1055 671; x_wconf 87' lang='lat' dir='ltr'><strong>formam</strong></span> <span class='ocrx_word' id='word_1_6' title='bbox 1092 605 1377 685; x_wconf 87' lang='lat' dir='ltr'><strong>collegii</strong></span> <span class='ocrx_word' id='word_1_7' title='bbox 1420 606 1863 669; x_wconf 86' lang='lat' dir='ltr'>reducerent.</span> <span class='ocrx_word' id='word_1_8' title='bbox 1920 604 2258 685; x_wconf 85' lang='lat' dir='ltr'><strong>Magnam</strong></span> <span class='ocrx_word' id='word_1_9' title='bbox 2308 608 2570 671; x_wconf 74' lang='lat' dir='ltr'><strong>tamen‘</strong></span> <span class='ocrx_word' id='word_1_10' title='bbox 2597 616 3002 670; x_wconf 87' lang='lat' dir='ltr'><strong>controver-</strong></span> 
     </span>
     <span class='ocr_line' id='line_1_3' title="bbox 536 714 3002 793; baseline 0 -16"><span class='ocrx_word' id='word_1_11' title='bbox 536 715 718 778; x_wconf 90' lang='lat' dir='ltr'><strong>siam</strong></span> <span class='ocrx_word' id='word_1_12' title='bbox 746 732 909 778; x_wconf 92' lang='lat' dir='ltr'><strong>cum</strong></span> <span class='ocrx_word' id='word_1_13' title='bbox 956 714 1410 793; x_wconf 89' lang='lat' dir='ltr'><strong>quibusdam,</strong></span> <span class='ocrx_word' id='word_1_14' title='bbox 1447 714 1566 793; x_wconf 91' lang='lat' dir='ltr'><strong>qui</strong></span> <span class='ocrx_word' id='word_1_15' title='bbox 1614 714 1893 777; x_wconf 87' lang='lat' dir='ltr'><strong>vicinas</strong></span> <span class='ocrx_word' id='word_1_16' title='bbox 1943 714 2191 777; x_wconf 91' lang='lat' dir='ltr'><strong>domos</strong></span> <span class='ocrx_word' id='word_1_17' title='bbox 2242 714 2690 792; x_wconf 82' lang='lat' dir='ltr'><strong>habitabant,</strong></span> <span class='ocrx_word' id='word_1_18' title='bbox 2745 714 3002 777; x_wconf 89' lang='lat' dir='ltr'><strong>habue-</strong></span> 
     </span>
     <span class='ocr_line' id='line_1_4' title="bbox 534 820 3002 901; baseline -0 -16"><span class='ocrx_word' id='word_1_19' title='bbox 534 832 732 899; x_wconf 87' lang='lat' dir='ltr'><strong>runt;</strong></span> <span class='ocrx_word' id='word_1_20' title='bbox 763 838 931 885; x_wconf 88' lang='lat' dir='ltr'><strong>nam</strong></span> <span class='ocrx_word' id='word_1_21' title='bbox 982 839 1073 885; x_wconf 79' lang='lat' dir='ltr'><strong>ex</strong></span> <span class='ocrx_word' id='word_1_22' title='bbox 1122 821 1257 883; x_wconf 90' lang='lat' dir='ltr'><strong>illis</strong></span> <span class='ocrx_word' id='word_1_23' title='bbox 1308 821 1597 901; x_wconf 90' lang='lat' dir='ltr'><strong>quidam</strong></span> <span class='ocrx_word' id='word_1_24' title='bbox 1642 820 1716 884; x_wconf 92' lang='lat' dir='ltr'><strong>id</strong></span> <span class='ocrx_word' id='word_1_25' title='bbox 1765 820 2386 898; x_wconf 86' lang='lat' dir='ltr'><strong>machinabantur,</strong></span> <span class='ocrx_word' id='word_1_26' title='bbox 2439 830 2517 885; x_wconf 90' lang='lat' dir='ltr'><strong>ut</strong></span> <span class='ocrx_word' id='word_1_27' title='bbox 2546 839 2638 885; x_wconf 82' lang='lat' dir='ltr'><strong>ex</strong></span> <span class='ocrx_word' id='word_1_28' title='bbox 2677 821 3002 885; x_wconf 89' lang='lat' dir='ltr'><strong>manibus</strong></span> 
     </span>
     <span class='ocr_line' id='line_1_5' title="bbox 534 926 2994 1008; baseline -0.001 -16"><span class='ocrx_word' id='word_1_29' title='bbox 534 926 908 992; x_wconf 90' lang='lat' dir='ltr'><strong>Societatis</strong></span> <span class='ocrx_word' id='word_1_30' title='bbox 953 928 1241 990; x_wconf 91' lang='lat' dir='ltr'><strong>domum</strong></span> <span class='ocrx_word' id='word_1_31' title='bbox 1290 927 1672 1008; x_wconf 87' lang='lat' dir='ltr'><strong>eriperent,</strong></span> <span class='ocrx_word' id='word_1_32' title='bbox 1738 927 2150 1008; x_wconf 88' lang='lat' dir='ltr'><strong>priusquam</strong></span> <span class='ocrx_word' id='word_1_33' title='bbox 2214 945 2373 991; x_wconf 88' lang='lat' dir='ltr'><strong>eam</strong></span> <span class='ocrx_word' id='word_1_34' title='bbox 2433 926 2994 1008; x_wconf 80' lang='lat' dir='ltr'><strong>ingrederentur3</strong></span> 
     </span>
     <span class='ocr_line' id='line_1_6' title="bbox 536 1034 3002 1116; baseline -0 -18"><span class='ocrx_word' id='word_1_35' title='bbox 536 1053 837 1116; x_wconf 88' lang='lat' dir='ltr'><strong>cumque</strong></span> <span class='ocrx_word' id='word_1_36' title='bbox 880 1051 1126 1099; x_wconf 89' lang='lat' dir='ltr'><strong>eorum</strong></span> <span class='ocrx_word' id='word_1_37' title='bbox 1166 1043 1467 1098; x_wconf 89' lang='lat' dir='ltr'><strong>conatus</strong></span> <span class='ocrx_word' id='word_1_38' title='bbox 1505 1052 1649 1099; x_wconf 90' lang='lat' dir='ltr'><strong>non</strong></span> <span class='ocrx_word' id='word_1_39' title='bbox 1687 1034 2220 1111; x_wconf 84' lang='lat' dir='ltr'><strong>successissent,</strong></span> <span class='ocrx_word' id='word_1_40' title='bbox 2254 1051 2502 1099; x_wconf 91' lang='lat' dir='ltr'><strong>rursus</strong></span> <span class='ocrx_word' id='word_1_41' title='bbox 2539 1046 2702 1114; x_wconf 93' lang='lat' dir='ltr'><strong>post</strong></span> <span class='ocrx_word' id='word_1_42' title='bbox 2733 1036 3002 1115; x_wconf 86' lang='lat' dir='ltr'><strong>ingres-</strong></span> 
     </span>
     <span class='ocr_line' id='line_1_7' title="bbox 533 1140 3001 1206; baseline -0 -1"><span class='ocrx_word' id='word_1_43' title='bbox 533 1160 693 1206; x_wconf 89' lang='lat' dir='ltr'><strong>sum</strong></span> <span class='ocrx_word' id='word_1_44' title='bbox 719 1142 1141 1206; x_wconf 89' lang='lat' dir='ltr'><strong>Nostrorum</strong></span> <span class='ocrx_word' id='word_1_45' title='bbox 1170 1152 1446 1206; x_wconf 91' lang='lat' dir='ltr'><strong>secreto</strong></span> <span class='ocrx_word' id='word_1_46' title='bbox 1478 1142 1549 1206; x_wconf 93' lang='lat' dir='ltr'><strong>id</strong></span> <span class='ocrx_word' id='word_1_47' title='bbox 1578 1142 1968 1206; x_wconf 84' lang='lat' dir='ltr'><strong>tentabant.</strong></span> <span class='ocrx_word' id='word_1_48' title='bbox 2003 1140 2143 1205; x_wconf 90' lang='lat' dir='ltr'><strong>Sed</strong></span> <span class='ocrx_word' id='word_1_49' title='bbox 2161 1151 2228 1205; x_wconf 91' lang='lat' dir='ltr'><strong>et</strong></span> <span class='ocrx_word' id='word_1_50' title='bbox 2259 1140 2440 1206; x_wconf 90' lang='lat' dir='ltr'><strong>aliae</strong></span> <span class='ocrx_word' id='word_1_51' title='bbox 2465 1144 3001 1206; x_wconf 87' lang='lat' dir='ltr'><strong>controversiae</strong></span> 
     </span>
     <span class='ocr_line' id='line_1_8' title="bbox 536 1247 3000 1330; baseline 0 -18"><span class='ocrx_word' id='word_1_52' title='bbox 536 1250 1031 1330; x_wconf 86' lang='lat' dir='ltr'><strong>suscipiendae</strong></span> <span class='ocrx_word' id='word_1_53' title='bbox 1081 1247 1400 1327; x_wconf 85' lang='lat' dir='ltr'><strong>fuerunt,</strong></span> <span class='ocrx_word' id='word_1_54' title='bbox 1463 1259 1539 1312; x_wconf 91' lang='lat' dir='ltr'><strong>ut</strong></span> <span class='ocrx_word' id='word_1_55' title='bbox 1584 1266 1747 1317; x_wconf 89' lang='lat' dir='ltr'><strong>cum</strong></span> <span class='ocrx_word' id='word_1_56' title='bbox 1783 1248 2039 1313; x_wconf 90' lang='lat' dir='ltr'><strong>vicinis</strong></span> <span class='ocrx_word' id='word_1_57' title='bbox 2077 1249 2402 1313; x_wconf 89' lang='lat' dir='ltr'><strong>accidere</strong></span> <span class='ocrx_word' id='word_1_58' title='bbox 2441 1251 2642 1313; x_wconf 90' lang='lat' dir='ltr'><strong>solet.</strong></span> <span class='ocrx_word' id='word_1_59' title='bbox 2687 1248 3000 1329; x_wconf 88' lang='lat' dir='ltr'><strong>Conque-</strong></span> 
     </span>
     <span class='ocr_line' id='line_1_9' title="bbox 534 1354 3000 1437; baseline 0 -18"><span class='ocrx_word' id='word_1_60' title='bbox 534 1356 875 1419; x_wconf 90' lang='lat' dir='ltr'><strong>rebantur</strong></span> <span class='ocrx_word' id='word_1_61' title='bbox 907 1356 1095 1419; x_wconf 92' lang='lat' dir='ltr'><strong>enim</strong></span> <span class='ocrx_word' id='word_1_62' title='bbox 1124 1355 1342 1436; x_wconf 89' lang='lat' dir='ltr'><strong>aliqui</strong></span> <span class='ocrx_word' id='word_1_63' title='bbox 1370 1355 1504 1419; x_wconf 94' lang='lat' dir='ltr'><strong>sibi</strong></span> <span class='ocrx_word' id='word_1_64' title='bbox 1532 1355 1851 1419; x_wconf 89' lang='lat' dir='ltr'><strong>nonnihil</strong></span> <span class='ocrx_word' id='word_1_65' title='bbox 1881 1356 2060 1419; x_wconf 92' lang='lat' dir='ltr'><strong>lucis</strong></span> <span class='ocrx_word' id='word_1_66' title='bbox 2089 1355 2308 1419; x_wconf 88' lang='lat' dir='ltr'><strong>adimi</strong></span> <span class='ocrx_word' id='word_1_67' title='bbox 2662 1354 2678 1386; x_wconf 85' lang='lat'>¹</span> <span class='ocrx_word' id='word_1_68' title='bbox 2710 1355 3000 1437; x_wconf 89' lang='lat' dir='ltr'><strong>quidam</strong></span> 
     </span>
     <span class='ocr_line' id='line_1_10' title="bbox 533 1463 2995 1543; baseline 0 -18"><span class='ocrx_word' id='word_1_69' title='bbox 533 1464 753 1528; x_wconf 85' lang='lat' dir='ltr'><strong>etiam</strong></span> <span class='ocrx_word' id='word_1_70' title='bbox 780 1463 1303 1527; x_wconf 83' lang='lat' dir='ltr'><strong>excludendum</strong></span> <span class='ocrx_word' id='word_1_71' title='bbox 1330 1471 1783 1543; x_wconf 89' lang='lat' dir='ltr'><strong>prospectum</strong></span> <span class='ocrx_word' id='word_1_72' title='bbox 1814 1473 2220 1526; x_wconf 91' lang='lat' dir='ltr'><strong>nostrorum</strong></span> <span class='ocrx_word' id='word_1_73' title='bbox 2249 1464 2340 1526; x_wconf 93' lang='lat' dir='ltr'><strong>ad</strong></span> <span class='ocrx_word' id='word_1_74' title='bbox 2793 1466 2995 1527; x_wconf 88' lang='lat' dir='ltr'><strong>attol-</strong></span> 
     </span>
     <span class='ocr_line' id='line_1_11' title="bbox 536 1560 2998 1651; baseline 0.001 -19"><span class='ocrx_word' id='word_1_75' title='bbox 536 1570 795 1634; x_wconf 84' lang='lat' dir='ltr'><strong>lebant.</strong></span> <span class='ocrx_word' id='word_1_76' title='bbox 827 1569 969 1634; x_wconf 89' lang='lat' dir='ltr'><strong>Sed</strong></span> <span class='ocrx_word' id='word_1_77' title='bbox 998 1568 1227 1648; x_wconf 85' lang='lat' dir='ltr'><strong>DeuS‚</strong></span> <span class='ocrx_word' id='word_1_78' title='bbox 1281 1587 1406 1649; x_wconf 92' lang='lat' dir='ltr'><strong>per</strong></span> <span class='ocrx_word' id='word_1_79' title='bbox 1456 1570 1910 1633; x_wconf 88' lang='lat' dir='ltr'><strong>Cardinalem</strong></span> <span class='ocrx_word' id='word_1_80' title='bbox 1958 1579 2027 1633; x_wconf 86' lang='lat' dir='ltr'><strong>et</strong></span> <span class='ocrx_word' id='word_1_81' title='bbox 2076 1588 2205 1651; x_wconf 92' lang='lat' dir='ltr'><strong>per</strong></span> <span class='ocrx_word' id='word_1_82' title='bbox 2233 1560 2504 1635; x_wconf 90' lang='lat' dir='ltr'><strong>amicos</strong></span> <span class='ocrx_word' id='word_1_83' title='bbox 2546 1572 2831 1649; x_wconf 83' lang='lat' dir='ltr'><strong>multOS,</strong></span> <span class='ocrx_word' id='word_1_84' title='bbox 2867 1573 2998 1635; x_wconf 89' lang='lat' dir='ltr'><strong>hos</strong></span> 
     </span>
     <span class='ocr_line' id='line_1_12' title="bbox 534 1675 2994 1758; baseline 0 -19"><span class='ocrx_word' id='word_1_85' title='bbox 534 1685 835 1740; x_wconf 90' lang='lat' dir='ltr'><strong>conatus</strong></span> <span class='ocrx_word' id='word_1_86' title='bbox 865 1676 1264 1757; x_wconf 88' lang='lat' dir='ltr'><strong>dissipavit.</strong></span> <span class='ocrx_word' id='word_1_87' title='bbox 1300 1676 1388 1739; x_wconf 92' lang='lat' dir='ltr'><strong>Et</strong></span> <span class='ocrx_word' id='word_1_88' title='bbox 1418 1694 1509 1740; x_wconf 82' lang='lat' dir='ltr'><strong>ex</strong></span> <span class='ocrx_word' id='word_1_89' title='bbox 1537 1695 1623 1739; x_wconf 92' lang='lat' dir='ltr'><strong>ea</strong></span> <span class='ocrx_word' id='word_1_90' title='bbox 1652 1677 2214 1740; x_wconf 89' lang='lat' dir='ltr'><strong>contradictione</strong></span> <span class='ocrx_word' id='word_1_91' title='bbox 2253 1675 2508 1757; x_wconf 88' lang='lat' dir='ltr'><strong>conjici</strong></span> <span class='ocrx_word' id='word_1_92' title='bbox 2546 1686 2825 1758; x_wconf 89' lang='lat' dir='ltr'><strong>poterat</strong></span> <span class='ocrx_word' id='word_1_93' title='bbox 2859 1676 2994 1740; x_wconf 86' lang='lat' dir='ltr'><strong>fru-</strong></span> 
     </span>
     <span class='ocr_line' id='line_1_13' title="bbox 537 1782 2997 1864; baseline 0.001 -17"><span class='ocrx_word' id='word_1_94' title='bbox 537 1796 727 1848; x_wconf 91' lang='lat' dir='ltr'><strong>ctum</strong></span> <span class='ocrx_word' id='word_1_95' title='bbox 742 1784 1140 1848; x_wconf 88' lang='lat' dir='ltr'><strong>uberiorem</strong></span> <span class='ocrx_word' id='word_1_96' title='bbox 1158 1802 1200 1847; x_wconf 92' lang='lat' dir='ltr'><strong>a</strong></span> <span class='ocrx_word' id='word_1_97' title='bbox 1224 1784 1525 1864; x_wconf 86' lang='lat' dir='ltr'><strong>collegio</strong></span> <span class='ocrx_word' id='word_1_98' title='bbox 1548 1784 1982 1864; x_wconf 91' lang='lat' dir='ltr'><strong>sperandum</strong></span> <span class='ocrx_word' id='word_1_99' title='bbox 1996 1802 2174 1863; x_wconf 88' lang='lat' dir='ltr'><strong>esse,</strong></span> <span class='ocrx_word' id='word_1_100' title='bbox 2197 1785 2311 1847; x_wconf 93' lang='lat' dir='ltr'><strong>cui</strong></span> <span class='ocrx_word' id='word_1_101' title='bbox 2334 1782 2690 1848; x_wconf 89' lang='lat' dir='ltr'><strong>Sathanas</strong></span> <span class='ocrx_word' id='word_1_102' title='bbox 2712 1784 2997 1849; x_wconf 89' lang='lat' dir='ltr'><strong>obviam</strong></span> 
     </span>
     <span class='ocr_line' id='line_1_14' title="bbox 535 1892 1045 1955; baseline -0.006 -2"><span class='ocrx_word' id='word_1_103' title='bbox 535 1892 639 1955; x_wconf 91' lang='lat' dir='ltr'><strong>ire</strong></span> <span class='ocrx_word' id='word_1_104' title='bbox 665 1892 1045 1955; x_wconf 90' lang='lat' dir='ltr'><strong>nitebatur.</strong></span> 
     </span>
    </p>

    <p class='ocr_par' dir='ltr' id='par_1_3' title="bbox 526 1996 2998 3260">
     <span class='ocr_line' id='line_1_15' title="bbox 648 1996 2994 2079; baseline 0 -18"><span class='ocrx_word' id='word_1_105' title='bbox 648 1996 791 2061; x_wconf 88' lang='grc'><strong>388.</strong></span> <span class='ocrx_word' id='word_1_106' title='bbox 886 1996 1253 2077; x_wconf 89' lang='lat' dir='ltr'><strong>Quaedam</strong></span> <span class='ocrx_word' id='word_1_107' title='bbox 1284 2014 1458 2079; x_wconf 88' lang='lat' dir='ltr'><strong>ergo</strong></span> <span class='ocrx_word' id='word_1_108' title='bbox 1488 2000 1649 2062; x_wconf 88' lang='lat' dir='ltr'><strong>aula</strong></span> <span class='ocrx_word' id='word_1_109' title='bbox 1682 1999 1753 2061; x_wconf 91' lang='lat' dir='ltr'><strong>in</strong></span> <span class='ocrx_word' id='word_1_110' title='bbox 1782 2015 1990 2062; x_wconf 91' lang='lat' dir='ltr'><strong>usum</strong></span> <span class='ocrx_word' id='word_1_111' title='bbox 2028 1999 2300 2077; x_wconf 91' lang='lat' dir='ltr'><strong>sacelli,</strong></span> <span class='ocrx_word' id='word_1_112' title='bbox 2328 2016 2511 2079; x_wconf 91' lang='lat' dir='ltr'><strong>quae</strong></span> <span class='ocrx_word' id='word_1_113' title='bbox 2554 2008 2834 2079; x_wconf 89' lang='lat' dir='ltr'><strong>portam</strong></span> <span class='ocrx_word' id='word_1_114' title='bbox 2878 2000 2994 2063; x_wconf 90' lang='lat' dir='ltr'><strong>ha-</strong></span> 
     </span>
     <span class='ocr_line' id='line_1_16' title="bbox 536 2105 2998 2187; baseline 0.001 -19"><span class='ocrx_word' id='word_1_115' title='bbox 536 2105 734 2169; x_wconf 90' lang='lat' dir='ltr'><strong>beret</strong></span> <span class='ocrx_word' id='word_1_116' title='bbox 765 2105 858 2169; x_wconf 89' lang='lat' dir='ltr'><strong>ad</strong></span> <span class='ocrx_word' id='word_1_117' title='bbox 886 2105 1245 2185; x_wconf 89' lang='lat' dir='ltr'><strong>publicam</strong></span> <span class='ocrx_word' id='word_1_118' title='bbox 1275 2106 1467 2169; x_wconf 87' lang='lat' dir='ltr'><strong>viam</strong></span> <span class='ocrx_word' id='word_1_119' title='bbox 1496 2113 1870 2170; x_wconf 84' lang='lat' dir='ltr'><strong>exeuntem</strong></span> <span class='ocrx_word' id='word_1_120' title='bbox 1893 2154 1908 2183; x_wconf 95' lang='lat'><strong>,</strong></span> <span class='ocrx_word' id='word_1_121' title='bbox 1942 2106 2367 2169; x_wconf 88' lang='lat' dir='ltr'><strong>concinnata</strong></span> <span class='ocrx_word' id='word_1_122' title='bbox 2406 2116 2545 2185; x_wconf 88' lang='lat' dir='ltr'><strong>est,</strong></span> <span class='ocrx_word' id='word_1_123' title='bbox 2589 2116 2660 2170; x_wconf 90' lang='lat' dir='ltr'><strong>et</strong></span> <span class='ocrx_word' id='word_1_124' title='bbox 2687 2108 2998 2187; x_wconf 89' lang='lat' dir='ltr'><strong>spatium</strong></span> 
     </span>
     <span class='ocr_line' id='line_1_17' title="bbox 537 2211 2998 2292; baseline 0.001 -17"><span class='ocrx_word' id='word_1_125' title='bbox 537 2211 895 2292; x_wconf 86' lang='lat' dir='ltr'><strong>quoddam</strong></span> <span class='ocrx_word' id='word_1_126' title='bbox 925 2223 1240 2291; x_wconf 89' lang='lat' dir='ltr'><strong>vastum,</strong></span> <span class='ocrx_word' id='word_1_127' title='bbox 1277 2229 1477 2277; x_wconf 91' lang='lat' dir='ltr'><strong>muro</strong></span> <span class='ocrx_word' id='word_1_128' title='bbox 1521 2212 1797 2292; x_wconf 90' lang='lat' dir='ltr'><strong>lapideo</strong></span> <span class='ocrx_word' id='word_1_129' title='bbox 1836 2213 2172 2291; x_wconf 90' lang='lat' dir='ltr'><strong>cinctum,</strong></span> <span class='ocrx_word' id='word_1_130' title='bbox 2213 2213 2458 2292; x_wconf 89' lang='lat' dir='ltr'><strong>templi</strong></span> <span class='ocrx_word' id='word_1_131' title='bbox 2499 2212 2823 2277; x_wconf 89' lang='lat' dir='ltr'><strong>aedificio</strong></span> <span class='ocrx_word' id='word_1_132' title='bbox 2855 2232 2998 2277; x_wconf 89' lang='lat' dir='ltr'><strong>non</strong></span> 
     </span>
     <span class='ocr_line' id='line_1_18' title="bbox 532 2320 2996 2400; baseline 0.001 -18"><span class='ocrx_word' id='word_1_133' title='bbox 532 2321 753 2383; x_wconf 92' lang='lat' dir='ltr'><strong>multo</strong></span> <span class='ocrx_word' id='word_1_134' title='bbox 779 2330 943 2400; x_wconf 90' lang='lat' dir='ltr'><strong>post</strong></span> <span class='ocrx_word' id='word_1_135' title='bbox 967 2320 1228 2385; x_wconf 91' lang='lat' dir='ltr'><strong>addere</strong></span> <span class='ocrx_word' id='word_1_136' title='bbox 1258 2320 1819 2397; x_wconf 80' lang='lat' dir='ltr'><strong>destinaverant3</strong></span> <span class='ocrx_word' id='word_1_137' title='bbox 1862 2320 2148 2383; x_wconf 89' lang='lat' dir='ltr'><strong>scholas</strong></span> <span class='ocrx_word' id='word_1_138' title='bbox 2187 2320 2404 2383; x_wconf 91' lang='lat' dir='ltr'><strong>etiam</strong></span> <span class='ocrx_word' id='word_1_139' title='bbox 2440 2320 2514 2382; x_wconf 90' lang='lat' dir='ltr'><strong>in</strong></span> <span class='ocrx_word' id='word_1_140' title='bbox 2541 2320 2996 2385; x_wconf 89' lang='lat' dir='ltr'><strong>inferioribus</strong></span> 
     </span>
     <span class='ocr_line' id='line_1_19' title="bbox 532 2426 2995 2509; baseline 0.001 -20"><span class='ocrx_word' id='word_1_141' title='bbox 532 2426 713 2489; x_wconf 92' lang='lat' dir='ltr'><strong>aulis</strong></span> <span class='ocrx_word' id='word_1_142' title='bbox 740 2429 830 2492; x_wconf 92' lang='lat' dir='ltr'><strong>ad</strong></span> <span class='ocrx_word' id='word_1_143' title='bbox 892 2427 1324 2491; x_wconf 89' lang='lat' dir='ltr'><strong>studentium</strong></span> <span class='ocrx_word' id='word_1_144' title='bbox 1376 2443 1576 2491; x_wconf 90' lang='lat' dir='ltr'><strong>usum</strong></span> <span class='ocrx_word' id='word_1_145' title='bbox 1630 2426 2177 2506; x_wconf 78' lang='lat' dir='ltr'><strong>concinnarunt3</strong></span> <span class='ocrx_word' id='word_1_146' title='bbox 2232 2427 2309 2489; x_wconf 92' lang='lat' dir='ltr'><strong>hi</strong></span> <span class='ocrx_word' id='word_1_147' title='bbox 2358 2436 2630 2505; x_wconf 88' lang='lat' dir='ltr'><strong>autem,</strong></span> <span class='ocrx_word' id='word_1_148' title='bbox 2666 2438 2742 2491; x_wconf 90' lang='lat' dir='ltr'><strong>ut</strong></span> <span class='ocrx_word' id='word_1_149' title='bbox 2785 2428 2995 2509; x_wconf 89' lang='lat' dir='ltr'><strong>pluri·</strong></span> 
     </span>
     <span class='ocr_line' id='line_1_20' title="bbox 536 2534 2995 2616; baseline 0.001 -20"><span class='ocrx_word' id='word_1_150' title='bbox 536 2550 759 2610; x_wconf 88' lang='lat' dir='ltr'><strong>mum,</strong></span> <span class='ocrx_word' id='word_1_151' title='bbox 788 2534 880 2597; x_wconf 91' lang='lat' dir='ltr'><strong>ad</strong></span> <span class='ocrx_word' id='word_1_152' title='bbox 906 2544 1190 2599; x_wconf 88' lang='lat' dir='ltr'><strong>centum</strong></span> <span class='ocrx_word' id='word_1_153' title='bbox 1222 2545 1291 2598; x_wconf 92' lang='lat' dir='ltr'><strong>et</strong></span> <span class='ocrx_word' id='word_1_154' title='bbox 1329 2534 1845 2616; x_wconf 83' lang='lat' dir='ltr'><strong>quinquaginta</strong></span> <span class='ocrx_word' id='word_1_155' title='bbox 1867 2534 2378 2609; x_wconf 86' lang='lat' dir='ltr'><strong>ascendebant,</strong></span> <span class='ocrx_word' id='word_1_156' title='bbox 2415 2536 2530 2597; x_wconf 88' lang='lat' dir='ltr'><strong>vel</strong></span> <span class='ocrx_word' id='word_1_157' title='bbox 2552 2550 2806 2613; x_wconf 87' lang='lat' dir='ltr'><strong>parum</strong></span> <span class='ocrx_word' id='word_1_158' title='bbox 2835 2552 2995 2599; x_wconf 90' lang='lat' dir='ltr'><strong>eum</strong></span> 
     </span>
     <span class='ocr_line' id='line_1_21' title="bbox 536 2641 2995 2722; baseline 0 -19"><span class='ocrx_word' id='word_1_159' title='bbox 536 2658 907 2705; x_wconf 90' lang='lat' dir='ltr'><strong>numerum</strong></span> <span class='ocrx_word' id='word_1_160' title='bbox 930 2642 1398 2717; x_wconf 83' lang='lat' dir='ltr'><strong>excedebant,</strong></span> <span class='ocrx_word' id='word_1_161' title='bbox 1430 2660 1561 2706; x_wconf 93' lang='lat' dir='ltr'><strong>nec</strong></span> <span class='ocrx_word' id='word_1_162' title='bbox 1584 2658 1897 2722; x_wconf 88' lang='lat' dir='ltr'><strong>unquam</strong></span> <span class='ocrx_word' id='word_1_163' title='bbox 1909 2641 2182 2705; x_wconf 89' lang='lat' dir='ltr'><strong>felicior</strong></span> <span class='ocrx_word' id='word_1_164' title='bbox 2205 2658 2456 2705; x_wconf 91' lang='lat' dir='ltr'><strong>cursus</strong></span> <span class='ocrx_word' id='word_1_165' title='bbox 2477 2642 2583 2705; x_wconf 90' lang='lat' dir='ltr'><strong>rei</strong></span> <span class='ocrx_word' id='word_1_166' title='bbox 2608 2642 2995 2705; x_wconf 89' lang='lat' dir='ltr'><strong>litterariae</strong></span> 
     </span>
     <span class='ocr_line' id='line_1_22' title="bbox 533 2746 2996 2829; baseline 0 -18"><span class='ocrx_word' id='word_1_167' title='bbox 533 2746 832 2829; x_wconf 91' lang='lat' dir='ltr'><strong>Neapoli</strong></span> <span class='ocrx_word' id='word_1_168' title='bbox 859 2747 1111 2812; x_wconf 89' lang='lat' dir='ltr'><strong>suerat.</strong></span> <span class='ocrx_word' id='word_1_169' title='bbox 1140 2749 1594 2813; x_wconf 88' lang='lat' dir='ltr'><strong>Intermissae</strong></span> <span class='ocrx_word' id='word_1_170' title='bbox 1618 2758 1855 2813; x_wconf 91' lang='lat' dir='ltr'><strong>tamen</strong></span> <span class='ocrx_word' id='word_1_171' title='bbox 1881 2747 2166 2812; x_wconf 87' lang='lat' dir='ltr'><strong>fuerunt</strong></span> <span class='ocrx_word' id='word_1_172' title='bbox 2195 2748 2606 2829; x_wconf 90' lang='lat' dir='ltr'><strong>aliquandiu</strong></span> <span class='ocrx_word' id='word_1_173' title='bbox 2630 2749 2717 2811; x_wconf 92' lang='lat' dir='ltr'><strong>ob</strong></span> <span class='ocrx_word' id='word_1_174' title='bbox 2740 2748 2996 2813; x_wconf 91' lang='lat' dir='ltr'><strong>nimios</strong></span> 
     </span>
     <span class='ocr_line' id='line_1_23' title="bbox 536 2855 2993 2935; baseline 0 -18"><span class='ocrx_word' id='word_1_175' title='bbox 536 2863 775 2918; x_wconf 91' lang='lat' dir='ltr'><strong>aestus</strong></span> <span class='ocrx_word' id='word_1_176' title='bbox 802 2856 1143 2919; x_wconf 89' lang='lat' dir='ltr'><strong>lectiones</strong></span> <span class='ocrx_word' id='word_1_177' title='bbox 1159 2903 1174 2934; x_wconf 91' lang='lat'><strong>,</strong></span> <span class='ocrx_word' id='word_1_178' title='bbox 1208 2866 1277 2919; x_wconf 92' lang='lat' dir='ltr'><strong>et</strong></span> <span class='ocrx_word' id='word_1_179' title='bbox 1299 2872 1384 2918; x_wconf 90' lang='lat' dir='ltr'><strong>eo</strong></span> <span class='ocrx_word' id='word_1_180' title='bbox 1405 2855 1746 2935; x_wconf 89' lang='lat' dir='ltr'><strong>temporis</strong></span> <span class='ocrx_word' id='word_1_181' title='bbox 1769 2855 2147 2919; x_wconf 86' lang='lat' dir='ltr'><strong>intervallo</strong></span> <span class='ocrx_word' id='word_1_182' title='bbox 2167 2855 2456 2919; x_wconf 91' lang='lat' dir='ltr'><strong>scholae</strong></span> <span class='ocrx_word' id='word_1_183' title='bbox 2478 2855 2552 2919; x_wconf 89' lang='lat' dir='ltr'><strong>in</strong></span> <span class='ocrx_word' id='word_1_184' title='bbox 2569 2872 2762 2917; x_wconf 90' lang='lat' dir='ltr'><strong>nova</strong></span> <span class='ocrx_word' id='word_1_185' title='bbox 2783 2856 2993 2918; x_wconf 91' lang='lat' dir='ltr'><strong>domo</strong></span> 
     </span>
     <span class='ocr_line' id='line_1_24' title="bbox 532 2960 2993 3040; baseline 0.001 -16"><span class='ocrx_word' id='word_1_186' title='bbox 532 2961 1007 3025; x_wconf 89' lang='lat' dir='ltr'><strong>concinnatae</strong></span> <span class='ocrx_word' id='word_1_187' title='bbox 1030 2961 1316 3026; x_wconf 90' lang='lat' dir='ltr'><strong>suerunt</strong></span> <span class='ocrx_word' id='word_1_188' title='bbox 1340 2980 1353 3040; x_wconf 91' lang='grc'><strong>;</strong></span> <span class='ocrx_word' id='word_1_189' title='bbox 1380 2962 1504 3027; x_wconf 88' lang='lat' dir='ltr'><strong>sed</strong></span> <span class='ocrx_word' id='word_1_190' title='bbox 1527 2964 1620 3026; x_wconf 88' lang='lat' dir='ltr'><strong>ad</strong></span> <span class='ocrx_word' id='word_1_191' title='bbox 1640 2962 1984 3026; x_wconf 88' lang='lat' dir='ltr'><strong>kalendas</strong></span> <span class='ocrx_word' id='word_1_192' title='bbox 2008 2960 2342 3026; x_wconf 90' lang='lat' dir='ltr'><strong>Octobris</strong></span> <span class='ocrx_word' id='word_1_193' title='bbox 2368 2962 2709 3027; x_wconf 87' lang='lat' dir='ltr'><strong>lectiones</strong></span> <span class='ocrx_word' id='word_1_194' title='bbox 2729 2980 2993 3027; x_wconf 88' lang='lat' dir='ltr'><strong>resum-</strong></span> 
     </span>
     <span class='ocr_line' id='line_1_25' title="bbox 526 3068 2993 3150; baseline 0 -19"><span class='ocrx_word' id='word_1_195' title='bbox 526 3078 691 3148; x_wconf 90' lang='lat' dir='ltr'><strong>ptae</strong></span> <span class='ocrx_word' id='word_1_196' title='bbox 720 3068 1035 3148; x_wconf 89' lang='lat' dir='ltr'><strong>fuerunt,</strong></span> <span class='ocrx_word' id='word_1_197' title='bbox 1068 3071 1323 3150; x_wconf 92' lang='lat' dir='ltr'><strong>quibus</strong></span> <span class='ocrx_word' id='word_1_198' title='bbox 1352 3080 1497 3133; x_wconf 89' lang='lat' dir='ltr'><strong>tres</strong></span> <span class='ocrx_word' id='word_1_199' title='bbox 1527 3070 1918 3150; x_wconf 80' lang='lat' dir='ltr'><strong>orationeS,</strong></span> <span class='ocrx_word' id='word_1_200' title='bbox 1953 3088 2114 3134; x_wconf 91' lang='lat' dir='ltr'><strong>cum</strong></span> <span class='ocrx_word' id='word_1_201' title='bbox 2142 3070 2623 3149; x_wconf 89' lang='lat' dir='ltr'><strong>compluribus</strong></span> <span class='ocrx_word' id='word_1_202' title='bbox 2663 3070 2993 3135; x_wconf 89' lang='lat' dir='ltr'><strong>versibus</strong></span> 
     </span>
     <span class='ocr_line' id='line_1_26' title="bbox 534 3174 2989 3260; baseline -0.001 -21"><span class='ocrx_word' id='word_1_203' title='bbox 534 3176 607 3239; x_wconf 90' lang='lat' dir='ltr'><strong>in</strong></span> <span class='ocrx_word' id='word_1_204' title='bbox 628 3176 1027 3240; x_wconf 87' lang='lat' dir='ltr'><strong>litterarum</strong></span> <span class='ocrx_word' id='word_1_205' title='bbox 1050 3176 1735 3241; x_wconf 86' lang='lat' dir='ltr'><strong>commendationem</strong></span> <span class='ocrx_word' id='word_1_206' title='bbox 1752 3178 2165 3260; x_wconf 91' lang='lat' dir='ltr'><strong>compositis</strong></span> <span class='ocrx_word' id='word_1_207' title='bbox 2186 3227 2200 3257; x_wconf 91' lang='lat'>‚</span> <span class='ocrx_word' id='word_1_208' title='bbox 2221 3178 2658 3257; x_wconf 90' lang='lat' dir='ltr'><strong>praemissae</strong></span> <span class='ocrx_word' id='word_1_209' title='bbox 2680 3174 2989 3241; x_wconf 87' lang='lat' dir='ltr'><strong>fuerunt.</strong></span> 
     </span>
    </p>

    <p class='ocr_par' dir='ltr' id='par_1_4' title="bbox 526 3282 2996 3792">
     <span class='ocr_line' id='line_1_27' title="bbox 646 3282 2995 3349; baseline -0 -3"><span class='ocrx_word' id='word_1_210' title='bbox 646 3282 789 3346; x_wconf 83' lang='lat'><strong>389.</strong></span> <span class='ocrx_word' id='word_1_211' title='bbox 879 3283 1374 3347; x_wconf 89' lang='lat' dir='ltr'><strong>Audiebantur</strong></span> <span class='ocrx_word' id='word_1_212' title='bbox 1396 3294 1634 3348; x_wconf 91' lang='lat' dir='ltr'><strong>autem</strong></span> <span class='ocrx_word' id='word_1_213' title='bbox 1664 3283 2149 3349; x_wconf 86' lang='lat' dir='ltr'><strong>confessiones</strong></span> <span class='ocrx_word' id='word_1_214' title='bbox 2171 3284 2764 3349; x_wconf 89' lang='lat' dir='ltr'><strong>scholasticorum</strong></span> <span class='ocrx_word' id='word_1_215' title='bbox 2792 3283 2995 3347; x_wconf 90' lang='lat' dir='ltr'><strong>statis</strong></span> 
     </span>
     <span class='ocr_line' id='line_1_28' title="bbox 532 3390 2992 3471; baseline 0 -18"><span class='ocrx_word' id='word_1_216' title='bbox 532 3391 996 3471; x_wconf 88' lang='lat' dir='ltr'><strong>temporibus;</strong></span> <span class='ocrx_word' id='word_1_217' title='bbox 1022 3391 1351 3470; x_wconf 88' lang='lat' dir='ltr'><strong>quamvis</strong></span> <span class='ocrx_word' id='word_1_218' title='bbox 1378 3392 1508 3453; x_wconf 90' lang='lat' dir='ltr'><strong>sub</strong></span> <span class='ocrx_word' id='word_1_219' title='bbox 1530 3390 1850 3455; x_wconf 90' lang='lat' dir='ltr'><strong>Paschae</strong></span> <span class='ocrx_word' id='word_1_220' title='bbox 1881 3391 2395 3470; x_wconf 90' lang='lat' dir='ltr'><strong>celebritatem,</strong></span> <span class='ocrx_word' id='word_1_221' title='bbox 2423 3408 2585 3455; x_wconf 89' lang='lat' dir='ltr'><strong>cum</strong></span> <span class='ocrx_word' id='word_1_222' title='bbox 2613 3390 2992 3455; x_wconf 87' lang='lat' dir='ltr'><strong>confessio-</strong></span> 
     </span>
     <span class='ocr_line' id='line_1_29' title="bbox 526 3497 2996 3578; baseline -0 -17"><span class='ocrx_word' id='word_1_223' title='bbox 526 3498 639 3561; x_wconf 89' lang='lat' dir='ltr'><strong>nis</strong></span> <span class='ocrx_word' id='word_1_224' title='bbox 668 3498 1069 3561; x_wconf 89' lang='lat' dir='ltr'><strong>testimonio</strong></span> <span class='ocrx_word' id='word_1_225' title='bbox 1094 3497 1139 3576; x_wconf 76' lang='lat'><strong>¹,</strong></span> <span class='ocrx_word' id='word_1_226' title='bbox 1168 3499 1259 3562; x_wconf 92' lang='lat' dir='ltr'><strong>ad</strong></span> <span class='ocrx_word' id='word_1_227' title='bbox 1299 3498 1683 3578; x_wconf 91' lang='lat' dir='ltr'><strong>parochias</strong></span> <span class='ocrx_word' id='word_1_228' title='bbox 1712 3498 1912 3562; x_wconf 90' lang='lat' dir='ltr'><strong>missi</strong></span> <span class='ocrx_word' id='word_1_229' title='bbox 1941 3497 2158 3561; x_wconf 92' lang='lat' dir='ltr'><strong>fuere.</strong></span> <span class='ocrx_word' id='word_1_230' title='bbox 2186 3497 2645 3561; x_wconf 90' lang='lat' dir='ltr'><strong>Mittebantur</strong></span> <span class='ocrx_word' id='word_1_231' title='bbox 2676 3507 2745 3560; x_wconf 92' lang='lat' dir='ltr'><strong>et</strong></span> <span class='ocrx_word' id='word_1_232' title='bbox 2781 3497 2996 3561; x_wconf 91' lang='lat' dir='ltr'><strong>iidem</strong></span> 
     </span>
     <span class='ocr_line' id='line_1_30' title="bbox 531 3604 2990 3669; baseline -0.001 -2"><span class='ocrx_word' id='word_1_233' title='bbox 531 3604 621 3667; x_wconf 91' lang='lat' dir='ltr'><strong>ad</strong></span> <span class='ocrx_word' id='word_1_234' title='bbox 676 3604 1057 3668; x_wconf 90' lang='lat' dir='ltr'><strong>conciones</strong></span> <span class='ocrx_word' id='word_1_235' title='bbox 1108 3613 1176 3669; x_wconf 92' lang='lat' dir='ltr'><strong>et</strong></span> <span class='ocrx_word' id='word_1_236' title='bbox 1224 3615 1416 3669; x_wconf 90' lang='lat' dir='ltr'><strong>recte</strong></span> <span class='ocrx_word' id='word_1_237' title='bbox 1475 3606 1547 3667; x_wconf 87' lang='lat' dir='ltr'><strong>in</strong></span> <span class='ocrx_word' id='word_1_238' title='bbox 1596 3605 1920 3668; x_wconf 87' lang='lat' dir='ltr'><strong>doctrina</strong></span> <span class='ocrx_word' id='word_1_239' title='bbox 1970 3604 2362 3669; x_wconf 86' lang='lat' dir='ltr'><strong>christiana</strong></span> <span class='ocrx_word' id='word_1_240' title='bbox 2419 3604 2990 3668; x_wconf 88' lang='lat' dir='ltr'><strong>instituebantur.</strong></span> 
     </span>
     <span class='ocr_line' id='line_1_31' title="bbox 526 3709 2992 3792; baseline 0 -20"><span class='ocrx_word' id='word_1_241' title='bbox 526 3709 691 3775; x_wconf 86' lang='lat' dir='ltr'><strong>Fuit</strong></span> <span class='ocrx_word' id='word_1_242' title='bbox 732 3722 971 3775; x_wconf 91' lang='lat' dir='ltr'><strong>autem</strong></span> <span class='ocrx_word' id='word_1_243' title='bbox 1016 3722 1431 3791; x_wconf 87' lang='lat' dir='ltr'><strong>pergratum</strong></span> <span class='ocrx_word' id='word_1_244' title='bbox 1466 3710 1745 3775; x_wconf 87' lang='lat' dir='ltr'><strong>Nostris</strong></span> <span class='ocrx_word' id='word_1_245' title='bbox 1794 3712 1982 3792; x_wconf 92' lang='lat' dir='ltr'><strong>quod</strong></span> <span class='ocrx_word' id='word_1_246' title='bbox 2026 3711 2498 3790; x_wconf 84' lang='lat' dir='ltr'><strong>ludimagistri</strong></span> <span class='ocrx_word' id='word_1_247' title='bbox 2537 3712 2609 3775; x_wconf 91' lang='lat' dir='ltr'><strong>in</strong></span> <span class='ocrx_word' id='word_1_248' title='bbox 2653 3712 2858 3790; x_wconf 87' lang='lat' dir='ltr'><strong>urbe,</strong></span> <span class='ocrx_word' id='word_1_249' title='bbox 2903 3712 2992 3773; x_wconf 87' lang='lat' dir='ltr'><strong>ad</strong></span> 
     </span>
    </p>
   </div>
   <div class='ocr_carea' id='block_1_3' title="bbox 524 3914 2994 4765">
    <p class='ocr_par' dir='ltr' id='par_1_5' title="bbox 606 3914 1988 3971">
     <span class='ocr_line' id='line_1_32' title="bbox 606 3914 1988 3971; baseline 0 -12"><span class='ocrx_word' id='word_1_250' title='bbox 606 3915 623 3947; x_wconf 76' lang='lat'>⁸</span> <span class='ocrx_word' id='word_1_251' title='bbox 682 3914 957 3959; x_wconf 78' lang='lat' dir='ltr'><strong>Evanuere</strong></span> <span class='ocrx_word' id='word_1_252' title='bbox 982 3916 1082 3965; x_wconf 83' lang='lat' dir='ltr'><strong>hic.</strong></span> <span class='ocrx_word' id='word_1_253' title='bbox 1106 3923 1162 3960; x_wconf 90' lang='lat' dir='ltr'><strong>ut</strong></span> <span class='ocrx_word' id='word_1_254' title='bbox 1186 3925 1237 3959; x_wconf 89' lang='lat' dir='ltr'><strong>et</strong></span> <span class='ocrx_word' id='word_1_255' title='bbox 1258 3918 1412 3971; x_wconf 83' lang='lat' dir='ltr'><strong>paulo</strong></span> <span class='ocrx_word' id='word_1_256' title='bbox 1434 3916 1586 3970; x_wconf 79' lang='lat' dir='ltr'><strong>infra,</strong></span> <span class='ocrx_word' id='word_1_257' title='bbox 1608 3918 1785 3970; x_wconf 86' lang='lat' dir='ltr'><strong>aliqua</strong></span> <span class='ocrx_word' id='word_1_258' title='bbox 1808 3918 1988 3961; x_wconf 81' lang='lat' dir='ltr'><strong>verba.</strong></span> 
     </span>
    </p>

    <p class='ocr_par' dir='ltr' id='par_1_6' title="bbox 524 3986 2994 4765">
     <span class='ocr_line' id='line_1_33' title="bbox 605 3986 2994 4042; baseline 0 -12"><span class='ocrx_word' id='word_1_259' title='bbox 605 3986 628 4017; x_wconf 77' lang='lat'><strong>¹</strong></span> <span class='ocrx_word' id='word_1_260' title='bbox 686 3986 997 4031; x_wconf 79' lang='lat' dir='ltr'><strong>schedulam</strong></span> <span class='ocrx_word' id='word_1_261' title='bbox 1025 3988 1255 4042; x_wconf 74' lang='lat' dir='ltr'><strong>intellige</strong></span> <span class='ocrx_word' id='word_1_262' title='bbox 1287 4000 1319 4031; x_wconf 84' lang='lat' dir='ltr'><strong>a</strong></span> <span class='ocrx_word' id='word_1_263' title='bbox 1353 3989 1684 4041; x_wconf 77' lang='lat' dir='ltr'><strong>confessario,</strong></span> <span class='ocrx_word' id='word_1_264' title='bbox 1708 3990 1791 4031; x_wconf 88' lang='lat' dir='ltr'><strong>vel</strong></span> <span class='ocrx_word' id='word_1_265' title='bbox 1824 3999 1856 4032; x_wconf 87' lang='lat' dir='ltr'><strong>a</strong></span> <span class='ocrx_word' id='word_1_266' title='bbox 1890 3987 2124 4041; x_wconf 82' lang='lat' dir='ltr'><strong>Rectore,</strong></span> <span class='ocrx_word' id='word_1_267' title='bbox 2146 3989 2229 4032; x_wconf 77' lang='lat' dir='ltr'><strong>vel</strong></span> <span class='ocrx_word' id='word_1_268' title='bbox 2259 3988 2420 4033; x_wconf 85' lang='lat' dir='ltr'><strong>etiam</strong></span> <span class='ocrx_word' id='word_1_269' title='bbox 2454 4000 2486 4032; x_wconf 87' lang='lat' dir='ltr'><strong>a</strong></span> <span class='ocrx_word' id='word_1_270' title='bbox 2516 3988 2817 4032; x_wconf 80' lang='lat' dir='ltr'><strong>scholarum</strong></span> <span class='ocrx_word' id='word_1_271' title='bbox 2847 3998 2994 4041; x_wconf 81' lang='lat' dir='ltr'><strong>prae·</strong></span> 
     </span>
     <span class='ocr_line' id='line_1_34' title="bbox 528 4058 2994 4115; baseline 0.001 -14"><span class='ocrx_word' id='word_1_272' title='bbox 528 4059 681 4112; x_wconf 78' lang='lat' dir='ltr'><strong>fecto,</strong></span> <span class='ocrx_word' id='word_1_273' title='bbox 702 4060 991 4113; x_wconf 73' lang='lat' dir='ltr'><strong>signatam,</strong></span> <span class='ocrx_word' id='word_1_274' title='bbox 1014 4071 1114 4115; x_wconf 86' lang='lat' dir='ltr'><strong>qua</strong></span> <span class='ocrx_word' id='word_1_275' title='bbox 1135 4059 1259 4103; x_wconf 82' lang='lat' dir='ltr'><strong>fides</strong></span> <span class='ocrx_word' id='word_1_276' title='bbox 1282 4058 1439 4104; x_wconf 83' lang='lat' dir='ltr'><strong>fiebat</strong></span> <span class='ocrx_word' id='word_1_277' title='bbox 1473 4071 1614 4113; x_wconf 85' lang='lat' dir='ltr'><strong>eum,</strong></span> <span class='ocrx_word' id='word_1_278' title='bbox 1637 4061 1722 4115; x_wconf 83' lang='lat' dir='ltr'><strong>qul</strong></span> <span class='ocrx_word' id='word_1_279' title='bbox 1758 4060 2058 4104; x_wconf 81' lang='lat' dir='ltr'><strong>schedulam</strong></span> <span class='ocrx_word' id='word_1_280' title='bbox 2088 4060 2517 4115; x_wconf 80' lang='lat' dir='ltr'><strong>portabat,apud</strong></span> <span class='ocrx_word' id='word_1_281' title='bbox 2551 4065 2757 4103; x_wconf 81' lang='lat' dir='ltr'><strong>nostros</strong></span> <span class='ocrx_word' id='word_1_282' title='bbox 2777 4060 2841 4103; x_wconf 86' lang='lat' dir='ltr'><strong>de</strong></span> <span class='ocrx_word' id='word_1_283' title='bbox 2876 4070 2994 4115; x_wconf 86' lang='lat' dir='ltr'><strong>pec·</strong></span> 
     </span>
     <span class='ocr_line' id='line_1_35' title="bbox 527 4130 2972 4187; baseline 0.001 -14"><span class='ocrx_word' id='word_1_284' title='bbox 527 4130 661 4174; x_wconf 76' lang='lat' dir='ltr'><strong>catis</strong></span> <span class='ocrx_word' id='word_1_285' title='bbox 682 4130 837 4175; x_wconf 81' lang='lat' dir='ltr'><strong>fuisse</strong></span> <span class='ocrx_word' id='word_1_286' title='bbox 860 4132 1166 4175; x_wconf 83' lang='lat' dir='ltr'><strong>consessum.</strong></span> <span class='ocrx_word' id='word_1_287' title='bbox 1189 4132 1361 4185; x_wconf 82' lang='lat' dir='ltr'><strong>Atque</strong></span> <span class='ocrx_word' id='word_1_288' title='bbox 1382 4132 1465 4175; x_wconf 86' lang='lat' dir='ltr'><strong>hie</strong></span> <span class='ocrx_word' id='word_1_289' title='bbox 1488 4142 1599 4175; x_wconf 77' lang='lat' dir='ltr'><strong>mos</strong></span> <span class='ocrx_word' id='word_1_290' title='bbox 1619 4132 1906 4185; x_wconf 74' lang='lat' dir='ltr'><strong>scholares,</strong></span> <span class='ocrx_word' id='word_1_291' title='bbox 1929 4131 2284 4187; x_wconf 71' lang='lat' dir='ltr'><strong>confessionis</strong></span> <span class='ocrx_word' id='word_1_292' title='bbox 2311 4131 2567 4176; x_wconf 78' lang='lat' dir='ltr'><strong>schedula</strong></span> <span class='ocrx_word' id='word_1_293' title='bbox 2590 4132 2847 4181; x_wconf 76' lang='lat' dir='ltr'><strong>munitos,</strong></span> <span class='ocrx_word' id='word_1_294' title='bbox 2865 4138 2972 4175; x_wconf 87' lang='lat' dir='ltr'><strong>tem</strong></span> 
     </span>
     <span class='ocr_line' id='line_1_36' title="bbox 526 4202 2994 4259; baseline -0 -13"><span class='ocrx_word' id='word_1_295' title='bbox 526 4214 650 4256; x_wconf 86' lang='lat' dir='ltr'><strong>pore</strong></span> <span class='ocrx_word' id='word_1_296' title='bbox 684 4202 929 4247; x_wconf 73' lang='lat' dir='ltr'><strong>Paschali</strong></span> <span class='ocrx_word' id='word_1_297' title='bbox 961 4204 1028 4247; x_wconf 87' lang='lat' dir='ltr'><strong>ad</strong></span> <span class='ocrx_word' id='word_1_298' title='bbox 1062 4204 1465 4247; x_wconf 85' lang='lat' dir='ltr'><strong>communionem</strong></span> <span class='ocrx_word' id='word_1_299' title='bbox 1501 4204 1551 4247; x_wconf 88' lang='lat' dir='ltr'><strong>in</strong></span> <span class='ocrx_word' id='word_1_300' title='bbox 1581 4215 1703 4247; x_wconf 82' lang='lat' dir='ltr'><strong>suas</strong></span> <span class='ocrx_word' id='word_1_301' title='bbox 1736 4204 2018 4259; x_wconf 78' lang='lat' dir='ltr'><strong>parochias</strong></span> <span class='ocrx_word' id='word_1_302' title='bbox 2047 4204 2307 4258; x_wconf 87' lang='lat' dir='ltr'><strong>mittendi,</strong></span> <span class='ocrx_word' id='word_1_303' title='bbox 2339 4204 2638 4258; x_wconf 80' lang='lat' dir='ltr'><strong>praevaluit</strong></span> <span class='ocrx_word' id='word_1_304' title='bbox 2673 4204 2724 4248; x_wconf 87' lang='lat' dir='ltr'><strong>in</strong></span> <span class='ocrx_word' id='word_1_305' title='bbox 2758 4204 2994 4259; x_wconf 81' lang='lat' dir='ltr'><strong>pluribus</strong></span> 
     </span>
     <span class='ocr_line' id='line_1_37' title="bbox 527 4274 2992 4331; baseline -0 -12"><span class='ocrx_word' id='word_1_306' title='bbox 527 4275 809 4320; x_wconf 79' lang='lat' dir='ltr'><strong>societatis</strong></span> <span class='ocrx_word' id='word_1_307' title='bbox 830 4274 1077 4330; x_wconf 75' lang='lat' dir='ltr'><strong>Collegiis</strong></span> <span class='ocrx_word' id='word_1_308' title='bbox 1097 4283 1149 4318; x_wconf 89' lang='lat' dir='ltr'><strong>et</strong></span> <span class='ocrx_word' id='word_1_309' title='bbox 1184 4278 1459 4329; x_wconf 84' lang='lat' dir='ltr'><strong>praevalet</strong></span> <span class='ocrx_word' id='word_1_310' title='bbox 1480 4276 1649 4320; x_wconf 84' lang='lat' dir='ltr'><strong>adhuc</strong></span> <span class='ocrx_word' id='word_1_311' title='bbox 1669 4276 1723 4319; x_wconf 87' lang='lat' dir='ltr'><strong>in</strong></span> <span class='ocrx_word' id='word_1_312' title='bbox 1752 4276 2010 4331; x_wconf 73' lang='lat' dir='ltr'><strong>pluribus,</strong></span> <span class='ocrx_word' id='word_1_313' title='bbox 2033 4277 2193 4320; x_wconf 82' lang='lat' dir='ltr'><strong>etiam</strong></span> <span class='ocrx_word' id='word_1_314' title='bbox 2215 4287 2390 4320; x_wconf 89' lang='lat' dir='ltr'><strong>eorum</strong></span> <span class='ocrx_word' id='word_1_315' title='bbox 2406 4308 2418 4329; x_wconf 88' lang='lat'><strong>,</strong></span> <span class='ocrx_word' id='word_1_316' title='bbox 2439 4277 2523 4331; x_wconf 81' lang='lat' dir='ltr'><strong>qui</strong></span> <span class='ocrx_word' id='word_1_317' title='bbox 2559 4286 2658 4320; x_wconf 90' lang='lat' dir='ltr'><strong>non</strong></span> <span class='ocrx_word' id='word_1_318' title='bbox 2677 4281 2796 4320; x_wconf 84' lang='lat' dir='ltr'><strong>sunt</strong></span> <span class='ocrx_word' id='word_1_319' title='bbox 2818 4276 2882 4318; x_wconf 90' lang='lat' dir='ltr'><strong>de</strong></span> <span class='ocrx_word' id='word_1_320' title='bbox 2902 4274 2992 4319; x_wconf 89' lang='lat' dir='ltr'><strong>So-</strong></span> 
     </span>
     <span class='ocr_line' id='line_1_38' title="bbox 524 4336 2990 4403; baseline -0.001 -13"><span class='ocrx_word' id='word_1_321' title='bbox 524 4348 788 4392; x_wconf 83' lang='lat' dir='ltr'><strong>cietate.-</strong></span> <span class='ocrx_word' id='word_1_322' title='bbox 807 4346 921 4391; x_wconf 84' lang='lat' dir='ltr'><strong>Hae</strong></span> <span class='ocrx_word' id='word_1_323' title='bbox 950 4355 1123 4393; x_wconf 85' lang='lat' dir='ltr'><strong>tamen</strong></span> <span class='ocrx_word' id='word_1_324' title='bbox 1152 4348 1429 4393; x_wconf 85' lang='lat' dir='ltr'><strong>schedulae</strong></span> <span class='ocrx_word' id='word_1_325' title='bbox 1461 4349 1598 4392; x_wconf 82' lang='lat' dir='ltr'><strong>aliae</strong></span> <span class='ocrx_word' id='word_1_326' title='bbox 1627 4349 1830 4392; x_wconf 87' lang='lat' dir='ltr'><strong>omnino</strong></span> <span class='ocrx_word' id='word_1_327' title='bbox 1852 4354 1972 4391; x_wconf 79' lang='lat' dir='ltr'><strong>sunt</strong></span> <span class='ocrx_word' id='word_1_328' title='bbox 2003 4336 2069 4392; x_wconf 84' lang='lat' dir='ltr'><strong>ab</strong></span> <span class='ocrx_word' id='word_1_329' title='bbox 2100 4346 2190 4403; x_wconf 80' lang='lat' dir='ltr'><strong>iis,</strong></span> <span class='ocrx_word' id='word_1_330' title='bbox 2222 4358 2442 4403; x_wconf 78' lang='lat' dir='ltr'><strong>quarum</strong></span> <span class='ocrx_word' id='word_1_331' title='bbox 2473 4347 2752 4391; x_wconf 86' lang='lat' dir='ltr'><strong>meminere</strong></span> <span class='ocrx_word' id='word_1_332' title='bbox 2779 4356 2990 4391; x_wconf 81' lang='lat' dir='ltr'><strong>nostrae</strong></span> 
     </span>
     <span class='ocr_line' id='line_1_39' title="bbox 528 4418 2992 4475; baseline -0 -13"><span class='ocrx_word' id='word_1_333' title='bbox 528 4419 769 4473; x_wconf 77' lang='lat' dir='ltr'><strong>Regutae</strong></span> <span class='ocrx_word' id='word_1_334' title='bbox 784 4430 1093 4465; x_wconf 78' lang='lat' dir='ltr'><strong>communes</strong></span> <span class='ocrx_word' id='word_1_335' title='bbox 1107 4420 1509 4475; x_wconf 72' lang='lat' dir='ltr'><strong>professoribus</strong></span> <span class='ocrx_word' id='word_1_336' title='bbox 1523 4420 1781 4464; x_wconf 81' lang='lat' dir='ltr'><strong>classium</strong></span> <span class='ocrx_word' id='word_1_337' title='bbox 1804 4418 2128 4475; x_wconf 75' lang='lat' dir='ltr'><strong>inferiorum</strong></span> <span class='ocrx_word' id='word_1_338' title='bbox 2146 4419 2228 4463; x_wconf 77' lang='lat' dir='ltr'><strong>his</strong></span> <span class='ocrx_word' id='word_1_339' title='bbox 2243 4421 2432 4463; x_wconf 81' lang='lat' dir='ltr'><strong>verbis:</strong></span> <span class='ocrx_word' id='word_1_340' title='bbox 2442 4418 2510 4462; x_wconf 71' lang='lat'><strong>⁸9.</strong></span> <span class='ocrx_word' id='word_1_341' title='bbox 2524 4418 2882 4463; x_wconf 73' lang='lat' dir='ltr'><strong>confessiones</strong></span> <span class='ocrx_word' id='word_1_342' title='bbox 2894 4419 2992 4462; x_wconf 85' lang='lat' dir='ltr'><strong>sin-</strong></span> 
     </span>
     <span class='ocr_line' id='line_1_40' title="bbox 524 4489 2992 4547; baseline -0.001 -12"><span class='ocrx_word' id='word_1_343' title='bbox 524 4491 663 4545; x_wconf 73' lang='lat' dir='ltr'><strong>gulis</strong></span> <span class='ocrx_word' id='word_1_344' title='bbox 680 4492 941 4536; x_wconf 75' lang='lat' dir='ltr'><strong>mensibus</strong></span> <span class='ocrx_word' id='word_1_345' title='bbox 960 4498 1017 4536; x_wconf 91' lang='lat' dir='ltr'><strong>ut</strong></span> <span class='ocrx_word' id='word_1_346' title='bbox 1038 4504 1069 4536; x_wconf 80' lang='lat' dir='ltr'><strong>a</strong></span> <span class='ocrx_word' id='word_1_347' title='bbox 1090 4493 1289 4536; x_wconf 86' lang='lat' dir='ltr'><strong>nemine</strong></span> <span class='ocrx_word' id='word_1_348' title='bbox 1312 4493 1619 4538; x_wconf 81' lang='lat' dir='ltr'><strong>omittantur</strong></span> <span class='ocrx_word' id='word_1_349' title='bbox 1635 4492 1841 4536; x_wconf 85' lang='lat' dir='ltr'><strong>efficiat:</strong></span> <span class='ocrx_word' id='word_1_350' title='bbox 1859 4492 2063 4547; x_wconf 68' lang='lat' dir='ltr'><strong>iubebit</strong></span> <span class='ocrx_word' id='word_1_351' title='bbox 2081 4498 2260 4536; x_wconf 82' lang='lat' dir='ltr'><strong>autem</strong></span> <span class='ocrx_word' id='word_1_352' title='bbox 2279 4502 2366 4535; x_wconf 82' lang='lat' dir='ltr'><strong>eos</strong></span> <span class='ocrx_word' id='word_1_353' title='bbox 2387 4490 2596 4535; x_wconf 82' lang='lat' dir='ltr'><strong>tradere</strong></span> <span class='ocrx_word' id='word_1_354' title='bbox 2611 4501 2761 4535; x_wconf 76' lang='lat' dir='ltr'><strong>snum</strong></span> <span class='ocrx_word' id='word_1_355' title='bbox 2777 4490 2828 4535; x_wconf 75' lang='lat' dir='ltr'><strong>ln</strong></span> <span class='ocrx_word' id='word_1_356' title='bbox 2847 4489 2992 4534; x_wconf 78' lang='lat' dir='ltr'><strong>sche-</strong></span> 
     </span>
     <span class='ocr_line' id='line_1_41' title="bbox 526 4562 2989 4619; baseline -0 -13"><span class='ocrx_word' id='word_1_357' title='bbox 526 4564 649 4609; x_wconf 80' lang='lat' dir='ltr'><strong>dula</strong></span> <span class='ocrx_word' id='word_1_358' title='bbox 684 4564 1001 4619; x_wconf 81' lang='lat' dir='ltr'><strong>descriptum</strong></span> <span class='ocrx_word' id='word_1_359' title='bbox 1041 4576 1251 4619; x_wconf 83' lang='lat' dir='ltr'><strong>nomen.</strong></span> <span class='ocrx_word' id='word_1_360' title='bbox 1286 4576 1569 4619; x_wconf 78' lang='lat' dir='ltr'><strong>cognomen</strong></span> <span class='ocrx_word' id='word_1_361' title='bbox 1609 4572 1663 4607; x_wconf 87' lang='lat' dir='ltr'><strong>et</strong></span> <span class='ocrx_word' id='word_1_362' title='bbox 1698 4566 1920 4608; x_wconf 80' lang='lat' dir='ltr'><strong>classem</strong></span> <span class='ocrx_word' id='word_1_363' title='bbox 1967 4562 2336 4617; x_wconf 70' lang='lat' dir='ltr'><strong>confessurus,</strong></span> <span class='ocrx_word' id='word_1_364' title='bbox 2369 4569 2428 4607; x_wconf 86' lang='lat' dir='ltr'><strong>ut</strong></span> <span class='ocrx_word' id='word_1_365' title='bbox 2477 4562 2755 4606; x_wconf 78' lang='lat' dir='ltr'><strong>schedulas</strong></span> <span class='ocrx_word' id='word_1_366' title='bbox 2806 4568 2989 4616; x_wconf 80' lang='lat' dir='ltr'><strong>postea</strong></span> 
     </span>
     <span class='ocr_line' id='line_1_42' title="bbox 531 4632 2990 4692; baseline -0.002 -13"><span class='ocrx_word' id='word_1_367' title='bbox 531 4647 905 4691; x_wconf 76' lang='lat' dir='ltr'><strong>recog-noscens</strong></span> <span class='ocrx_word' id='word_1_368' title='bbox 920 4669 932 4691; x_wconf 92' lang='lat'><strong>,</strong></span> <span class='ocrx_word' id='word_1_369' title='bbox 953 4638 1161 4692; x_wconf 81' lang='lat' dir='ltr'><strong>quinam</strong></span> <span class='ocrx_word' id='word_1_370' title='bbox 1191 4637 1475 4691; x_wconf 81' lang='lat' dir='ltr'><strong>defuerint,</strong></span> <span class='ocrx_word' id='word_1_371' title='bbox 1498 4636 1800 4690; x_wconf 58' lang='lat' dir='ltr'><strong>intelligam„</strong></span> <span class='ocrx_word' id='word_1_372' title='bbox 1824 4635 1988 4679; x_wconf 74' lang='lat' dir='ltr'><strong>Ratio</strong></span> <span class='ocrx_word' id='word_1_373' title='bbox 2015 4639 2176 4689; x_wconf 76' lang='lat' dir='ltr'><strong>atque</strong></span> <span class='ocrx_word' id='word_1_374' title='bbox 2197 4635 2470 4679; x_wconf 75' lang='lat' dir='ltr'><strong>institutio</strong></span> <span class='ocrx_word' id='word_1_375' title='bbox 2490 4633 2796 4677; x_wconf 72' lang='lat' dir='ltr'><strong>studiorum</strong></span> <span class='ocrx_word' id='word_1_376' title='bbox 2821 4632 2990 4677; x_wconf 74' lang='lat' dir='ltr'><strong>Socie-</strong></span> 
     </span>
     <span class='ocr_line' id='line_1_43' title="bbox 528 4707 1539 4765; baseline 0.003 -17"><span class='ocrx_word' id='word_1_377' title='bbox 528 4710 662 4751; x_wconf 80' lang='lat' dir='ltr'><strong>tatis</strong></span> <span class='ocrx_word' id='word_1_378' title='bbox 680 4707 837 4763; x_wconf 75' lang='lat' dir='ltr'><strong>jesu,</strong></span> <span class='ocrx_word' id='word_1_379' title='bbox 855 4708 1164 4762; x_wconf 77' lang='lat' dir='ltr'><strong>Turonlbus,</strong></span> <span class='ocrx_word' id='word_1_380' title='bbox 1188 4709 1308 4760; x_wconf 84' lang='lat'><strong>1876,</strong></span> <span class='ocrx_word' id='word_1_381' title='bbox 1330 4720 1450 4765; x_wconf 69' lang='lat' dir='ltr'><strong>pag.</strong></span> <span class='ocrx_word' id='word_1_382' title='bbox 1470 4708 1539 4752; x_wconf 88' lang='lat'><strong>79.</strong></span> 
     </span>
    </p>
   </div>
  </div>
 </body>
</html>
