3742 5392
1606 521 1735 579 Aa.
1782 521 1922 580 1554
2901 524 3015 581 127

658 664 799 728 251.
891 664 1237 745 Quamvis
1274 674 1511 729 autem
1549 667 1869 745 scholae,
1906 684 2069 731 cum
2104 667 2410 748 primum
2441 669 2814 732 commode
2856 668 3008 732 fieri

542 772 796 852 potuit,
828 780 1235 852 resumptae
1262 770 1578 852 fuerunt,
1612 774 1844 837 minor
1880 790 2216 837 uumerus
2257 791 2471 855 quam
2509 775 2707 855 prius
2749 776 2840 839 ad
2881 792 3006 839 eas

541 878 953 957 accedebat,
987 887 1056 941 et
1083 876 1430 943 Dominus
1460 879 1665 943 Prior
1692 880 1979 960 saepius
2002 880 2266 945 nostris
2295 881 2830 960 significaverat
2860 900 3014 946 non·

539 984 953 1049 existimare
984 1003 1061 1048 se
1090 1004 1183 1048 ex
1220 984 1620 1066 hujusmodi
1664 988 1929 1051 scholis
1966 1004 2306 1068 magnum
2346 987 2656 1053 fructum
2688 989 3010 1053 Venetiis

538 1108 698 1157 esse
727 1091 1284 1172 percipiendum;
1317 1103 1385 1156 et
1416 1094 1509 1157 ad
1535 1112 1660 1157 eas
1689 1095 1763 1158 in
1793 1103 2154 1173 posterum
2194 1096 2538 1159 tenendas
2570 1114 2822 1176 parum
2851 1107 3010 1160 erat

538 1215 961 1280 propensus;
992 1215 1135 1263 non
1164 1208 1403 1263 tamen
1434 1200 1572 1264 hoc
1602 1219 1789 1265 anno
1818 1202 2109 1265 relictae
2138 1200 2423 1265 fuerunt
2457 1200 2498 1281 ¹,
2533 1204 2864 1283 quamvis
2886 1204 3013 1268 ali·

542 1306 685 1386 qui,
718 1307 908 1386 quod
936 1307 1204 1369 nollent
1235 1306 1519 1369 obedire
1548 1308 2129 1388 praeceptoribus
2154 1326 2286 1371 nec
2308 1309 2674 1388 proficere,
2705 1308 3010 1389 dimissi,

539 1412 805 1477 nostris
836 1414 1118 1477 molesti
1149 1422 1385 1477 essent
1408 1462 1423 1493 ,
1458 1412 1648 1494 quod
1678 1414 2060 1478 insolenter
2101 1412 2191 1477 ad
2231 1415 2518 1479 scholas
2561 1417 3016 1497 accederent,

541 1528 611 1583 et
638 1520 1020 1600 aliquando
1050 1520 1436 1600 flagellum,
1471 1538 1611 1601 quo
1640 1520 1986 1600 castigari
2015 1522 2372 1601 solebant,
2407 1522 2908 1603 concidebant;
2943 1535 3012 1587 et

539 1644 703 1691 cum
746 1644 931 1691 unus
980 1643 1225 1691 eorum
1276 1627 1455 1689 alios
1494 1644 1585 1689 ex
1625 1628 2068 1708 praescripto
2106 1629 2500 1708 superioris
2538 1630 2816 1710 puniret
2857 1630 3015 1709 (nec

540 1734 727 1798 enim
759 1735 852 1798 ad
874 1744 1357 1797 correctorem
1384 1733 1734 1813 stipendio
1759 1734 2300 1799 conducendum
2330 1737 2742 1799 necessaria
2771 1734 3012 1801 Domi·

540 1858 674 1905 nus
722 1840 925 1904 Prior
968 1838 1423 1922 suppeditare
1460 1839 1856 1918 voluerat),
1906 1840 2166 1903 accidit
2217 1850 2296 1904 ut
2337 1859 2520 1905 unus
2571 1860 2734 1906 curn
2784 1844 3012 1907 cultro

544 1948 762 2012 alium
792 1964 1263 2029 percussurus
1291 1964 1453 2011 eum
1483 1958 1918 2027 sequeretur,
1945 1948 2139 2027 quod
2163 1949 2395 2029 ipsum
2420 1950 2706 2013 nomine
2728 1967 3014 2030 praece-

544 2056 773 2137 ptoris
803 2054 1251 2133 castigasset;
1280 2070 1461 2133 quae
1490 2052 1940 2117 incommoda
1961 2054 2270 2118 fructum
2293 2056 2703 2120 scholarum
2726 2075 2867 2120 non
2890 2075 3010 2138 pa-

548 2179 706 2226 rum
736 2162 1116 2225 diluebant.

664 2268 810 2331 252.
894 2268 988 2332 Ut
1017 2267 1343 2349 superius
1373 2266 1639 2331 dictum
1669 2275 1797 2345 est,
1823 2266 2074 2331 Patres
2097 2266 2475 2347 Quintinus
2505 2280 2574 2333 et
2603 2270 2962 2334 Antonius
2983 2268 3006 2300 ¹

548 2374 625 2439 P.
673 2374 1071 2438 Adrianum
1116 2373 1517 2439 Candidum
1553 2375 1625 2437 in
1665 2373 2076 2437 Inferiorem
2129 2374 2590 2439 Germaniam
2637 2375 3011 2441 deducturi

546 2492 773 2557 erant;
803 2480 931 2544 sed
960 2498 1122 2545 cum
1150 2479 1525 2544 Ferrariae
1556 2497 1633 2544 se
1662 2481 1798 2544 illis
1828 2478 2217 2560 adjungere
2247 2481 2554 2562 deberet,
2591 2483 2848 2547 medici
2878 2500 3011 2547 suo

544 2587 840 2652 consilio
870 2588 1057 2651 hanc
1095 2586 1398 2651 Adriani
1439 2587 1956 2668 prosectionem
1993 2588 2497 2669 impedierunt,
2531 2597 2603 2652 et
2631 2590 2722 2653 ad
2755 2590 3006 2653 balnea

542 2693 893 2775 quaedam
924 2694 1291 2774 probanda
1322 2694 1587 2757 hortati
1615 2703 1813 2773 sunt;
1855 2707 1924 2757 et
1964 2694 2065 2757 ita
2092 2695 2438 2759 Venetias
2478 2697 2618 2760 duo
2661 2696 3008 2776 praedicti

538 2800 791 2866 Patres
818 2801 973 2865 sine
1002 2800 1350 2880 Magistro
1380 2800 1704 2864 Adriano
1733 2811 2115 2879 venerunt;
2165 2802 2286 2882 qui
2315 2812 2554 2865 tamen
2593 2812 2840 2882 postea
2870 2804 3006 2867 hoc

540 2910 694 2989 ipso
724 2925 937 2987 anne,
974 2906 1310 2988 adjuncto
1340 2907 1475 2971 sibi
1517 2908 1822 2991 Jacob0‚
1866 2924 2076 2989 quem
2115 2910 2582 2971 castellanum
2623 2911 3009 2989 vocabant,

540 3016 671 3079 iter
712 3032 919 3079 suum
955 3025 1426 3096 prosequutus
1469 3025 1608 3089 est;
1651 3023 1724 3078 et
1760 3031 1990 3095 neque
2033 3014 2248 3091 illum,
2293 3032 2523 3094 neque
2569 3016 2748 3079 alios
2797 3033 3012 3097 quam

540 3122 771 3201 italos,
805 3122 1130 3187 Venetiis
1158 3122 1437 3185 versari
1465 3120 1819 3185 Dominus
1839 3121 2044 3185 Prior
2073 3120 2402 3201 cupiebat
2435 3120 2482 3182 ³.

659 3230 802 3293 253.
891 3230 1069 3294 Cum
1117 3228 1197 3293 P.
1250 3228 1518 3292 Caesar
1558 3228 2018 3292 intellexisset
2057 3226 2433 3291 Rectorem
2485 3228 3005 3309 Pataviensem,

532 3334 737 3416 juxta
767 3338 1140 3400 consilium
1167 3336 1244 3399 P.
1276 3334 1607 3415 SimoniS,
1641 3335 1729 3398 ab
1758 3334 2062 3398 ecclesia
2091 3335 2316 3397 nostri
2350 3334 2643 3415 Collegii
2681 3334 3018 3400 Patavini

617 3612 638 3647 ¹
694 3612 928 3665 “Quanto
955 3613 1063 3657 alla
1092 3612 1426 3657 inclinatione
1456 3612 1552 3657 che
1574 3611 1704 3655 vede
1724 3610 1792 3654 V.
1820 3610 1884 3654 R.
1915 3610 1967 3655 in
2001 3608 2212 3655 Monss·
2239 3610 2290 3655 di
2319 3621 2418 3654 non
2451 3611 2716 3665 seg-uitare
2745 3612 2793 3655 le
2813 3612 3009 3666 echole,

536 3683 726 3729 Nostro
745 3684 916 3729 Padre
934 3684 1047 3729 dice
1067 3685 1162 3729 che
1185 3684 1249 3729 V.
1274 3684 1335 3727 R.
1357 3684 1409 3728 iu
1432 3690 1584 3728 conto
1604 3684 1758 3727 niuno
1779 3681 2015 3727 dimostri
2037 3694 2068 3727 a
2087 3683 2232 3727 detto
2253 3680 2464 3726 Mons.or
2481 3683 2748 3727 inclinarsi
2768 3684 2822 3728 al
2841 3684 3012 3728 mede-

536 3754 683 3807 eimo,
702 3766 789 3800 ma
820 3757 1061 3811 oeguieca
1079 3766 1223 3800 come
1242 3755 1283 3800 ε’
1303 3756 1375 3799 ha
1404 3759 1713 3808 costumato,
1734 3754 1928 3798 sebben
1962 3755 2228 3799 venisset-o
2265 3754 2364 3798 soli
2396 3754 2528 3799 dieci
2549 3755 2806 3808 scholari,
2823 3760 2878 3799 et
2913 3766 3016 3799 con

538 3827 694 3881 quelli
711 3828 864 3883 pochi
889 3830 929 3872 ε’
946 3829 1023 3872 usi
1046 3828 1166 3881 ogni
1186 3828 1444 3881 diligenza
1458 3826 1553 3871 che
1582 3826 1625 3870 si
1645 3828 1800 3880 potra
1828 3825 1875 3869 d·
1904 3826 2116 3871 alutarli
2137 3828 2270 3870 uelle
2291 3827 2475 3870 lettere
2509 3832 2562 3869 et
2593 3828 2746 3870 buoni
2768 3828 3006 3879 costumi,

539 3898 791 3943 tacende-li
823 3900 1136 3953 confessare,
1156 3906 1257 3943 etc.
1278 3896 1345 3941 Et
1366 3897 1571 3953 quando
1602 3908 1730 3952 pure
1749 3909 1847 3941 sua
1881 3896 2016 3941 Stia.
2038 3896 2166 3941 Rda.
2196 3899 2389 3942 volessi
2422 3908 2517 3953 per
2548 3898 2670 3951 ogni
2700 3898 2849 3941 modo
2869 3898 2912 3941 si
2936 3899 3010 3941 la·

537 3970 795 4015 nciassero
813 3972 955 4015 dette
972 3972 1165 4025 eenole,
1185 3969 1253 4015 V.
1276 3970 1335 4014 R.
1354 3970 1427 4025 gli
1448 3969 1566 4015 dira
1584 3975 1769 4024 questo
1783 3980 1958 4013 essere
1979 3969 2016 4013 ii
2031 3978 2216 4024 parere
2233 3969 2283 4012 di
2301 3968 2492 4013 Nostro
2514 3969 2684 4013 Padre
2705 3970 2802 4013 che
2823 3970 3018 4015 adesto

538 4054 595 4086 ee
613 4044 688 4097 gu
714 4042 902 4094 sci-ive,
924 4048 977 4087 et
996 4042 1069 4097 gu
1100 4046 1255 4098 potra
1275 4042 1597 4097 aggiungere
1615 4052 1761 4086 come
1782 4041 1848 4085 V.
1870 4040 1932 4085 R.
1953 4042 2192 4086 scrivera
2211 4042 2298 4095 qui
2319 4042 2370 4085 la
2399 4053 2496 4085 sua
2516 4040 2890 4086 deliberatione
2913 4042 3008 4087 che

536 4124 639 4157 non
658 4115 703 4158 si
734 4120 957 4169 tengano
978 4120 1030 4159 et
1058 4114 1125 4158 da
1156 4115 1241 4170 qui
1274 4114 1479 4159 allhora
1511 4115 1557 4159 si
1589 4112 1883 4169 provedera
1903 4117 2031 4165 etc...
2061 4112 2332 4161 Polaticus.
2351 4123 2418 4155 ex
2444 4124 2595 4163 com..
2618 4112 2768 4156 Patri
2793 4112 3014 4158 Caesari

538 4184 727 4237 Heluii,
744 4184 774 4228 5
792 4184 1199 4241 mlh—Causas
1218 4191 1397 4231 autem
1411 4218 1423 4237 .
1445 4190 1662 4240 praeter
1679 4195 1771 4228 eae
1792 4194 1924 4239 quas
1951 4194 2072 4227 mox
2091 4188 2343 4228 memorat
2358 4216 2370 4238 ,
2391 4195 2483 4228 cur
2505 4190 2616 4227 tam
2635 4185 2788 4238 pauci
2808 4185 3008 4229 schola·

534 4266 622 4302 ree
642 4263 851 4302 nostran
879 4258 1085 4303 scholas
1106 4257 1343 4302 venetiis
1364 4258 1757 4313 frequentarent
1771 4288 1783 4307 .
1805 4256 1986 4309 attigit
2006 4255 2115 4310 ipse
2150 4253 2405 4300 Polaticus
2423 4266 2601 4309 supra,
2624 4260 2662 4298 t.
2686 4264 2742 4309 n,
2763 4268 2886 4312 pag.
2910 4258 3014 4312 215,

536 4340 587 4374 n.
612 4328 705 4381 1⁰⁹.
728 4335 782 4374 et
802 4340 922 4383 pag.
943 4328 1039 4383 affl,
1060 4340 1109 4373 u.
1132 4330 1227 4373 151.

614 4400 641 4434 ί
694 4400 750 4446 Ρ.
774 4400 1047 4454 Quintiuus
1067 4400 1317 4445 Charlart
1339 4405 1392 4444 et
1414 4398 1469 4444 Ρ.
1492 4396 1749 4444 Antonius
1767 4396 2006 4442 Bouciet.
2030 4395 2166 4441 Vide
2187 4406 2362 4452 supra.
2386 4407 2508 4451 pag.
2531 4394 2601 4451 m,
2621 4406 2671 4441 n.
2688 4396 2765 4441 22.

615 4473 639 4506 ⁸
693 4472 877 4528 snpra.
896 4480 933 4517 t.
950 4482 1008 4521 11.
1023 4482 1145 4527 pag.
1159 4472 1231 4524 64,
1248 4478 1426 4517 annot.
1442 4472 1483 4524 2,
1502 4472 1569 4516 ad
1591 4482 1640 4514 n.
1662 4470 1752 4524 142,
1769 4470 1964 4513 dictum
1981 4475 2062 4513 est
2077 4478 2171 4513 cur
2191 4468 2418 4513 flandros
2436 4468 2676 4513 Andreas
2696 4467 3018 4523 Lipomanus

535 4557 564 4588 e
583 4556 678 4589 suo
697 4544 903 4589 Veneto
924 4542 1156 4599 Collegio
1177 4544 1477 4588 excluserit.
1498 4542 1655 4587 Ratio
1673 4552 1767 4585 cur
1784 4546 2023 4585 caeteros
2042 4550 2221 4584 omues
2241 4551 2390 4593 nunc,
2413 4546 2626 4596 praeter
2645 4541 2822 4595 italos,
2839 4544 3012 4586 exclu-

535 4616 709 4663 deret.
728 4616 863 4660 forte
897 4616 1006 4660 alia
1034 4626 1135 4659 uon
1168 4622 1287 4660 erat
1307 4626 1464 4670 quam
1497 4616 1705 4668 linguae
1740 4611 1954 4658 italicae
1972 4612 2209 4656 defectun
2228 4618 2281 4657 et
2315 4611 2784 4668 pronunciationis,
2806 4612 3016 4667 quaein

537 4688 656 4732 aliie
675 4688 833 4733 etium
849 4685 1097 4743 Collegiiu
1114 4686 1515 4731 desiderabatur
1530 4692 1623 4730 aut
1640 4686 1831 4729 saltem
1850 4686 1918 4728 ab
1939 4682 2158 4728 aemulin
2177 4682 2363 4729 efficax
2387 4684 2524 4728 ratio
2546 4682 2839 4727 habebatur
2859 4694 2922 4728 ne
2941 4686 3015 4729 ad.

534 4766 745 4805 nostras
762 4760 971 4805 scholas
988 4760 1135 4814 pueri
1155 4759 1511 4803 mitterentur.
1534 4757 1861 4811 vide-upra,
1884 4755 2100 4811 pagum,
2117 4766 2167 4803 n.
2191 4754 2284 4800 100.
