3742 5392
756 432 861 491 146
1676 430 1932 492 Cimon.
1977 432 2129 491 Soc.
2171 432 2313 505 Jes.

750 578 1191 641 Florentiam
1221 578 1658 641 adducturus
1684 588 1906 656 esset3
1941 588 2010 641 et
2043 578 2140 641 ita
2166 596 2357 641 nova
2387 580 2631 659 planta
2655 579 2766 641 his
2789 581 3025 643 ventis
3055 596 3227 645 con*

753 701 963 748 cussa
996 702 1085 747 ex
1113 684 1459 747 Perusino
1488 684 1807 764 Collegio
1836 684 2275 747 Florentiam
2305 687 2654 749 translata
2685 685 2840 749 fuit.

868 792 1009 855 292.
1097 792 1207 855 Ex
1234 808 1528 854 numero
1582 800 1989 855 nostrorum
2040 791 2455 855 Michaelem
2504 792 2718 855 Barul
2749 794 2842 856 ad
2871 793 3228 875 AEthiopi-

751 916 911 962 cam
940 899 1347 961 missionem
1378 896 1767 978 Collegium
1796 898 2219 962 Perusinum
2248 900 2440 963 misit
2477 899 2514 963 ¹.

870 1004 1009 1068 293.
1098 1005 1481 1069 Crescebat
1539 1006 2020 1069 confitentium
2074 1022 2412 1070 numerus
2453 1005 2602 1087 jam
2659 1009 2822 1071 inde
2872 1011 2962 1072 ab
3018 1010 3228 1074 initio·

751 1114 954 1189 anni,
1008 1112 1339 1192 quamvis
1388 1112 1692 1175 ecclesia
1744 1122 1990 1176 nostra
2041 1130 2296 1193 parum
2347 1131 2476 1177 sua
2529 1115 3050 1179 commodidate
3099 1117 3214 1180 ho-

750 1222 976 1284 mines
1026 1220 1381 1283 invitaret.
1436 1218 1618 1283 Toto
1670 1220 2263 1300 quadragesimae
2319 1231 2638 1302 tempore
2689 1224 3024 1303 copiosus
3072 1226 3218 1288 ani·

750 1344 1027 1390 marum
1069 1326 1343 1389 fructus
1392 1327 1526 1389 hoc
1579 1326 1969 1390 ministerio
2017 1338 2632 1391 sacramentorum
2680 1339 2934 1409 captus
2975 1338 3114 1409 est;
3147 1340 3218 1394 et

748 1435 947 1498 multi
990 1453 1077 1498 ex
1127 1434 1578 1513 gravissimis
1628 1434 1945 1513 peccatis
1986 1452 2072 1497 ac
2111 1434 2490 1511 diuturniS,
2539 1445 2616 1498 ut
2651 1438 2832 1500 alias
2871 1438 3216 1519 scriptum

747 1551 884 1616 est,
935 1540 1218 1604 abducti
1260 1541 1573 1617 fuerunt,
1620 1541 1737 1620 qui
1781 1541 2216 1620 quindecim,
2250 1542 2506 1623 viginti
2549 1552 2619 1605 et
2667 1544 2960 1623 triginta
3011 1546 3215 1609 annis

746 1650 880 1711 hac
912 1646 1045 1709 Dei
1074 1647 1309 1727 gratia
1340 1647 1477 1710 frui
1508 1666 1650 1709 non
1680 1649 2087 1725 valuerant,
2122 1650 2236 1711 vel
2267 1648 2357 1711 ad
2387 1667 2546 1712 eam
2576 1666 2654 1713 se
2681 1668 2824 1713 non
2854 1651 3212 1731 disposue-

746 1765 928 1818 rant.
962 1752 1307 1818 Effectum
1346 1763 1453 1816 est
1476 1755 1691 1817 etiam
1736 1766 1811 1817 ut
1856 1755 2269 1818 sacerdotes
2312 1756 2560 1835 aliqui,
2597 1758 2872 1837 quibuS,
2901 1760 2989 1821 ob
3023 1760 3214 1822 vitae

745 1845 1141 1939 infamiam,
1178 1861 1403 1923 sacris
1431 1870 1585 1923 erat
1615 1861 2093 1938 interdictum,
2140 1861 2334 1924 omni
2381 1872 2552 1925 nota
2591 1865 2912 1944 purgati,
2949 1866 3039 1928 ad
3079 1868 3214 1945 pri·

744 1968 1005 2031 stinum
1027 1967 1331 2030 officium
1355 1968 1916 2030 restituerentur:
1944 1968 2259 2048 plerique
2283 1968 2544 2048 duplici
2567 1988 2856 2034 carcere
2879 1972 3213 2052 exempti,

743 2076 861 2157 qui
910 2076 1214 2138 vinculis
1265 2094 1305 2137 a
1356 2074 1648 2138 Vicario
1700 2076 1978 2137 liberati
2029 2086 2100 2138 et
2151 2076 2411 2139 nostris
2462 2076 2735 2155 traditi,
2789 2080 3223 2143 arctioribus

744 2192 1203 2262 peccatorum
1234 2183 1530 2244 nexibus
1559 2182 1771 2244 soluti
1800 2182 2014 2244 etiam
2043 2180 2347 2247 fuerunt.

859 2288 999 2352 294.
1098 2288 1401 2368 Quidam
1441 2288 1656 2351 etiam
1696 2296 2174 2367 aegrotanteS,
2201 2300 2576 2370 postquam
2605 2291 2884 2354 animae
2930 2293 3208 2357 medici-

738 2413 903 2459 nam
936 2399 1321 2460 salutarem
1354 2396 1807 2475 recepissent,
1834 2396 2316 2459 valetudinem
2339 2397 2555 2459 etiam
2579 2399 2900 2478 corporis
2923 2416 3204 2480 recupe—

737 2513 1009 2567 rarunt.
1046 2504 1267 2566 Auxit
1298 2514 1530 2566 autem
1571 2518 1876 2565 messem
1923 2503 2188 2565 nostris
2229 2503 2418 2584 quod
2454 2502 2790 2567 Vicarius
2825 2505 3212 2585 jubilaeum

736 2622 983 2673 nostro
1010 2612 1083 2673 in
1115 2614 1375 2690 templo
1406 2610 1773 2673 constituit
1800 2608 1824 2639 ¹
1849 2626 2015 2672 nam
2043 2610 2158 2671 ille
2189 2610 2304 2689 pia
2335 2627 2466 2673 sua
2495 2610 2568 2673 in
2597 2612 2974 2691 collegium
3003 2613 3204 2676 bene·

735 2718 1047 2780 volentia
1073 2718 1469 2797 provehere
1492 2716 1684 2792 illud,
1711 2715 2202 2795 undecumque
2227 2726 2524 2796 accepta
2549 2719 2949 2796 occasione,
2977 2720 3206 2783 stude·

732 2824 876 2903 bat3
905 2824 1474 2887 etsiconfessarii
1492 2825 1729 2903 plures
1744 2822 2065 2900 fuissent,
2095 2824 2332 2903 utique
2356 2840 2497 2886 non
2523 2823 2659 2887 illis
2683 2826 2886 2891 utiles
2904 2844 3202 2906 occupa·

733 2932 963 2993 tiones
994 2932 1064 2993 in
1108 2930 1243 2993 hoc
1274 2930 1664 2993 ministerio
1697 2930 2223 2992 confessionum
2253 2929 2670 3005 defuisse-nn
2708 2949 2872 2995 nam
2913 2932 2987 2994 P.
3024 2933 3198 2996 Eve-

731 3038 985 3101 rardus
1012 3037 1253 3117 [unum
1276 3036 1575 3117 tantum]
1606 3037 2048 3099 sacerdotem
2071 3036 2374 3099 habebat
2396 3038 2530 3100 sibi
2553 3039 2874 3102 laborum
2900 3041 3198 3120 socium,

736 3146 812 3209 P.
839 3146 1106 3207 scilicet
1129 3145 1474 3226 Joannem
1504 3142 1833 3223 Nigrum,
1862 3144 1983 3224 qui
2011 3154 2079 3206 et
2118 3144 2188 3207 in
2221 3145 2523 3207 ecclesia
2552 3156 2820 3224 nostra,
2850 3160 2917 3209 et
2949 3148 3020 3209 in
3049 3166 3200 3211 car-

734 3270 928 3331 cere,
962 3262 1030 3315 et
1054 3253 1124 3315 in
1150 3251 1615 3315 xenodochiis
1630 3252 2022 3331 perutiliter
2047 3251 2182 3314 hoc
2205 3251 2433 3314 officio
2458 3251 2910 3331 fungebatur.
2947 3254 3194 3318 Aesta·
3239 3260 3248 3268 '

733 3372 803 3424 te
854 3372 1090 3423 autem
1134 3360 1439 3436 ineunte,
1490 3375 1650 3421 cum
1679 3374 1983 3437 magnus
2012 3368 2198 3421 esset
2229 3360 2750 3438 aegrotantium
2775 3361 2846 3422 in
2873 3362 3206 3441 hospitali

730 3477 1153 3548 proventuS,
1188 3466 1551 3545 negotium
1583 3466 1847 3528 nostris
1876 3481 2017 3527 non
2041 3466 2400 3545 exiguum,
2428 3484 2489 3529 s(
2511 3466 2556 3529 d
2586 3477 2903 3547 optatum
2937 3478 3198 3541 tamen.

729 3574 1073 3651 exhibuit;
1098 3583 1167 3636 et
1190 3573 1473 3653 quidem
1494 3589 1655 3635 cum
1679 3588 1964 3651 magne,
1985 3589 2128 3636 non
2149 3574 2378 3637 solum
2401 3575 2924 3654 aegrotantium
2942 3574 3202 3653 fructu,

730 3681 856 3744 sed
879 3682 1191 3744 civitatis
1219 3680 1432 3742 etiam
1462 3677 1974 3741 aedificatione.

844 3788 986 3850 295.
1075 3786 1425 3865 pergebat
1451 3785 1523 3849 Ρ.
1545 3786 1956 3849 Everardus
1979 3784 2226 3849 diebus
2249 3785 2450 3850 festis
2472 3788 2542 3850 in
2573 3790 2891 3868 epistolis
2915 3792 2994 3855 Β.
3022 3789 3202 3854 Pau·-

726 3895 776 3958 li
812 3894 1289 3975 explica-ndiS,
1320 3904 1391 3955 et
1428 3894 1607 3955 satis
1649 3894 1981 3973 frequens
2031 3892 2460 3957 auditorium
2501 3896 2708 3959 avide
2749 3896 2900 3977 ejus
2944 3898 3203 3973 doctri·

726 4018 895 4065 nam
932 4011 1005 4064 et
1042 4000 1368 4081 spiritum
1411 4000 2039 4079 amplectebantur.
2075 3999 2424 4064 Utebatur
2467 3999 2777 4081 ejusdem
2826 4022 3045 4085 opera
3075 4004 3201 4070 Vi·-

726 4108 964 4180 carius
994 4109 1065 4187 in
1095 4107 1403 4189 negotiis
1433 4107 1524 4169 ad
1565 4106 1786 4187 ipsius
1816 4124 2064 4170 curam
2106 4108 2650 4187 pertinentibuS,
2685 4118 2754 4173 et
2793 4110 3197 4179 haereticae

726 4215 1106 4295 pravitatis
1135 4214 1513 4294 Inquisitor
1545 4212 1590 4293 ³,
1626 4215 1697 4277 in
1728 4214 2071 4303 librorum
2103 4232 2440 4295 censura,
2477 4219 2774 4281 multum
2803 4219 2901 4281 illi
2931 4219 3200 4283 desere-

813 4458 823 4487 ¹
884 4456 1018 4501 Vide
1039 4468 1215 4511 supra,
1236 4468 1357 4511 pag.
1382 4457 1449 4509 1⁴,
1470 4467 1519 4500 n.
1544 4457 1612 4500 14.

730 4532 743 4563 ὁ
806 4526 827 4559 ¹
882 4528 993 4571 Hoc
1013 4536 1109 4572 est:
1134 4528 1403 4572 constituit
1422 4528 1553 4572 utin
1574 4528 1770 4582 templo
1805 4536 1984 4572 nostro
2017 4538 2081 4572 ea
2114 4540 2146 4572 a
2181 4528 2416 4573 fidelibus
2445 4530 2644 4587 flerent,
2681 4542 2815 4587 quae
2848 4544 2916 4577 ex
2935 4534 3198 4580 pontificis

724 4600 1135 4655 praescriptione
1153 4601 1221 4643 ad
1242 4600 1523 4644 lucrandas
1540 4599 1755 4653 jubilaei
1778 4598 2128 4653 indulgentias
2148 4602 2446 4645 necessaria
2471 4610 2638 4648 erant.

808 4671 832 4702 ³
886 4670 943 4714 P.
964 4670 1262 4716 Matthaeus
1281 4671 1474 4715 Lacchi
1491 4705 1501 4721 ,
1524 4671 1581 4715 O.
1606 4671 1660 4714 Ρ.
1684 4670 1816 4715 Vide
1839 4682 2014 4725 supra,
2040 4678 2076 4715 t.
2099 4682 2173 4715 ιιι.
2194 4684 2312 4726 pag.
2334 4674 2404 4715 50.
