3742 5392
694 444 815 503 218
1626 443 1881 507 Canon.
1923 444 2077 505 Soc.
2117 444 2260 519 Jns.

692 588 843 667 jam
871 590 1062 670 loqui
1092 599 1335 653 nostra
1364 590 1608 670 lingua
1632 590 1952 655 sciebant
1969 638 1984 669 ,
2011 600 2081 654 et
2101 590 2362 653 bonam
2385 590 2694 655 indolem
2715 600 2786 653 et
2807 590 3172 671 ingenium

698 697 1189 773 ostendebant,
1222 706 1299 761 ut
1329 698 1489 761 illos
1518 696 1707 761 domi
1738 708 2024 762 curaret
2055 696 2545 777 (christianam
2567 697 2757 760 enim
2783 697 2991 761 fidem
3022 715 3168 763 sus-

700 804 1095 885 ceperant).

818 910 961 973 483.
1048 910 1193 991 Agi
1223 921 1462 976 autem
1492 921 1823 993 coeptum
1854 922 1963 976 est
1993 930 2034 975 a
2067 912 2331 977 nostris
2361 912 2448 975 de
2493 912 2792 993 collegio
2833 912 3163 993 quodam,

705 1019 899 1081 velut
937 1019 1641 1098 catechumenorum,
1686 1017 2150 1098 instituend0,
2198 1018 2316 1082 ubi
2355 1028 2500 1083 tres
2539 1019 2657 1083 isti
2685 1019 2887 1099 pueri
2925 1030 2994 1081 et
3023 1018 3163 1097 alii,

691 1142 879 1205 quos
910 1124 1227 1188 obtinere
1256 1135 1579 1206 possent,
1622 1125 1941 1205 linguam
1981 1142 2186 1189 suam
2223 1124 2586 1189 arabicam
2632 1133 3163 1202 conservarent,

696 1239 767 1293 et
797 1232 1091 1295 latinam
1120 1232 1601 1311 addiscerent,
1644 1248 1806 1295 cum
1846 1231 2176 1297 doctrina
2205 1232 2628 1310 christiana,
2671 1240 2749 1295 ut
2789 1231 3168 1312 aliquando

700 1337 773 1400 in
803 1339 1196 1403 vernacula
1226 1340 1541 1419 ipsorum
1584 1340 1829 1419 lingua
1866 1338 2280 1403 concionari
2318 1348 2639 1419 possent,
2685 1338 2748 1402 si
2787 1338 2975 1402 Dn0.
3023 1340 3166 1419 pla·

690 1446 962 1508 cuisset
990 1446 1356 1526 negotium
1389 1446 1560 1510 illud
1577 1446 2037 1527 Jerbiensium
2061 1445 2154 1509 ad
2182 1444 2509 1509 effectum
2537 1445 2908 1510 deducere.
2941 1446 3166 1509 Erant

698 1561 936 1615 autem
987 1552 1128 1617 duo
1178 1553 1297 1616 vel
1342 1562 1489 1616 tres
1526 1570 1617 1617 ex
1654 1554 1951 1631 nostris,
1994 1552 2116 1633 qui
2157 1570 2303 1617 non
2341 1552 2768 1632 ignorabant
2796 1552 3165 1617 arabicum

695 1657 991 1736 idioma;
1024 1660 1157 1723 hos
1186 1659 1258 1723 in
1286 1659 1540 1723 eodem
1570 1660 1871 1739 collegio
1901 1660 2336 1724 constituere
2363 1658 2442 1723 P.
2469 1658 2950 1740 Hieronymus
2973 1661 3163 1741 cogi·

690 1765 924 1841 tabat,
960 1774 1028 1829 et
1056 1783 1321 1846 pueros
1358 1766 1665 1847 aliqu08‚
1711 1767 1831 1848 qui
1868 1766 2299 1831 Societatem
2335 1766 2618 1847 ingredi
2655 1766 2976 1847 cupiunt,
3019 1767 3159 1847 qui,

686 1873 1023 1951 quamvis
1051 1874 1238 1937 bona
1268 1874 1503 1938 indole
1532 1883 1603 1938 et
1632 1873 1919 1954 ingenio
1961 1874 2105 1937 sint
2145 1873 2478 1954 praediti,
2521 1883 2812 1955 propter
2851 1883 3160 1938 aetatem

693 1987 1014 2042 teneram
1042 1996 1186 2043 non
1217 1980 1714 2059 admittuntur;
1749 1981 2060 2062 aliquOS,
2095 1980 2418 2061 inquam,
2453 1998 2543 2044 ex
2584 1980 2697 2043 his
2735 1980 2807 2043 in
2846 1980 2981 2045 hoc
3024 1984 3159 2044 col·

696 2086 882 2166 legio
926 2088 1259 2151 constitui
1301 2104 1511 2168 posse
1555 2088 1848 2169 putabat
1892 2098 1970 2152 ut
2013 2088 2381 2151 arabicam
2417 2087 2734 2168 linguam
2783 2088 3158 2165 discerent,

687 2209 911 2273 quam
940 2194 1191 2257 melius
1220 2195 1421 2275 pueri
1449 2211 1663 2275 quam
1693 2195 1831 2259 viri
1860 2194 2135 2259 discere
2179 2196 2430 2259 solent.
2473 2193 2583 2257 De
2622 2194 2898 2259 ratione
2941 2196 3158 2259 etiam

692 2297 905 2379 hujus
932 2294 1215 2381 collegii
1242 2302 1692 2365 sustentandi
1720 2302 2012 2383 agebat;
2045 2310 2114 2365 et
2144 2318 2308 2366 cum
2337 2301 2543 2366 multi
2579 2302 2910 2365 saraceni
2949 2302 3022 2365 in
3061 2301 3158 2365 Si-

687 2406 855 2469 cilia
884 2417 1293 2486 versentur,
1337 2409 1457 2489 qui
1495 2408 1683 2471 bona
1723 2426 1814 2472 ex
1852 2417 2059 2489 parte
2103 2406 2503 2489 bajulorum
2545 2408 2774 2471 officio
2817 2408 2910 2473 ad
2953 2426 3160 2473 suum

690 2514 965 2577 lucrum
996 2524 1311 2593 utuntur,
1344 2532 1742 2596 proponere
1779 2514 1963 2594 Regi
1995 2514 2038 2595 ¹,
2074 2515 2578 2595 constituebat,
2622 2526 2699 2577 ut
2735 2515 3158 2596 quicumque

685 2638 781 2683 ex
802 2620 915 2683 his
940 2638 1229 2685 manere
1252 2622 1323 2685 in
1347 2638 1570 2701 regno
1594 2621 1878 2687 Siciliae
1901 2624 2186 2703 vellent,
2215 2631 2624 2686 tenerentur
2645 2622 2946 2701 singulis
2969 2640 3155 2685 men-

686 2727 883 2790 sibus
914 2728 1006 2791 ad
1036 2729 1347 2809 aliquam
1374 2729 1755 2793 ecclesiam
1781 2729 2166 2793 convenire
2194 2738 2272 2791 ut
2299 2728 2598 2793 verbum
2625 2727 2763 2791 Dei
2802 2728 3155 2809 audirent,

687 2843 758 2896 et
797 2834 1061 2914 singuli
1098 2853 1317 2900 unum
1354 2846 1478 2899 aut
1515 2837 1816 2900 alterum
1856 2853 2224 2901 nummum
2269 2844 2688 2915 argenteum
2732 2834 2984 2899 darent
3007 2884 3022 2915 ‚
3063 2835 3155 2898 ad

687 2958 848 3006 eum
886 2942 1209 3022 modum,
1251 2961 1389 3025 quo
1422 2942 1665 3023 judaei
1702 2943 1775 3007 in
1812 2944 2018 3007 Italia
2057 2943 2149 3007 ad
2195 2941 2866 3006 catechumenorum
2909 2942 3158 3006 domos

684 3049 1208 3113 sustendandas
1238 3051 1503 3132 aliquid
1532 3050 2094 3115 contribuebant.

800 3154 943 3219 484.
1030 3156 1494 3222 Accendebat
1516 3158 1733 3222 etiam
1752 3157 2079 3221 eumdem
2101 3155 2622 3221 Provincialern
2639 3157 2827 3237 quod
2843 3172 2934 3219 ex
2953 3172 3152 3236 prae·

682 3262 864 3327 sidio
896 3262 1193 3329 Goletae
1210 3265 1605 3329 etiamtunc
1628 3265 2009 3345 hispanum
2029 3264 2337 3345 aliquem
2356 3264 2592 3328 virum
2616 3262 2903 3327 doctum
2919 3271 3153 3344 postu-

685 3370 947 3449 labant,
976 3372 1121 3453 qui,
1149 3381 1648 3453 praeterquam
1676 3372 1865 3453 quod
1889 3371 1975 3435 de
1999 3371 2338 3435 militibus
2360 3370 2682 3451 hispanis
2703 3370 2881 3433 bene
2911 3368 3151 3432 admo·

686 3477 853 3542 dum
882 3480 1140 3543 mereri
1169 3487 1479 3559 poterat,
1512 3495 1730 3559 agere
1759 3478 1859 3543 ibi
1899 3488 2183 3559 poterat
2227 3494 2391 3543 cum
2431 3476 2797 3541 saracenis
2841 3475 3153 3558 pacificis

684 3596 754 3647 et
796 3586 1067 3667 amiciS,
1119 3596 1189 3651 et
1229 3587 1509 3649 versari
1554 3596 1839 3667 poterat
1881 3585 2138 3649 ibidem
2189 3603 2353 3650 cum
2395 3585 2697 3649 utilitate
2747 3600 3150 3665 puerorum,

681 3709 989 3772 quorum
1018 3693 1294 3773 aliquos
1338 3694 1661 3757 converti
1698 3693 2056 3773 ferebant,
2090 3702 2158 3757 et
2191 3692 2571 3774 aliquando
2601 3690 2952 3755 Tunetum
2985 3690 3154 3754 vici·

685 3816 853 3862 num
883 3800 1257 3879 accedere,
1291 3801 1410 3864 ubi
1439 3801 1811 3865 christiani
1840 3810 2046 3865 erant
2075 3800 2294 3881 aliqui
2322 3798 2506 3881 Regi
2534 3817 2664 3863 sua
2695 3799 2958 3863 tributa
2989 3816 3154 3879 pen-

682 3905 962 3980 denteS,
1016 3924 1318 3988 quorum
1374 3908 1500 3973 filii
1556 3909 1925 3972 arabicam
1984 3908 2302 3987 linguam
2360 3908 2719 3971 tenebant.
2779 3906 3154 3986 Ingressus

683 4012 917 4077 fuerat
960 4016 1172 4092 paulo
1215 4025 1381 4080 ante
1427 4015 1709 4096 Gaspar
1762 4013 2120 4095 Sanchez,
2165 4014 2284 4095 qui
2334 4013 2788 4077 mediocriter
2835 4013 3151 4092 linguam

684 4119 1047 4184 arabicam
1087 4116 1392 4185 tenebat.
1436 4122 1637 4201 Quae
1679 4122 1920 4187 omnia
1961 4121 2050 4185 ad
2091 4121 2616 4201 expeditionem
2667 4119 2957 4183 Africae
3009 4136 3151 4182 non

684 4244 937 4306 parum
968 4238 1378 4293 nostrorum
1408 4230 1758 4294 desideria
1789 4228 2257 4293 exacuebant.
2305 4227 2700 4308 Imperator
2743 4226 3026 4308 quidem
3065 4226 3152 4289 si·

674 4332 1154 4411 gnificaverat
1182 4336 1506 4417 Pro-regi
1534 4336 1765 4418 primo
1795 4353 2076 4417 quoque
2106 4344 2425 4415 tempore
2462 4333 2839 4398 commodo
2868 4350 2946 4397 se
2985 4332 3148 4396 huic

766 4694 783 4726 ¹
842 4694 952 4749 Sic;
976 4692 1103 4748 Regi
1123 4692 1497 4746 Jerblensium?
1520 4691 1753 4745 Pro-regi
1780 4688 2020 4735 Siciliae?
