3742 5392
764 520 873 580 210
1682 518 1938 579 Canon.
1980 518 2132 578 Soc.
2173 518 2316 591 Jsss.

760 666 1123 731 hominum
1173 668 1474 730 salutem
1524 666 1934 747 provenire,
1989 665 2206 728 alium
2256 663 2634 745 quemdam
2661 664 2854 745 pium
2893 665 3127 729 virum
3157 676 3227 729 et

760 774 1045 838 doctum
1078 774 1215 838 sibi
1241 773 1784 851 substituerunt,
1833 772 1952 853 qui
1981 772 2184 836 vicos
2213 782 2282 835 et
2313 772 2454 836 alia
2483 773 2640 834 loca
2671 784 3124 852 peragraret,
3161 784 3232 837 et

755 891 1098 962 quantum
1126 880 1278 946 fieri
1306 891 1577 962 posset,
1625 880 1908 961 publica
1939 879 2058 943 illa
2100 890 2397 960 peccata
2436 878 2878 958 emendaret,
2919 889 2988 942 et
3030 881 3121 944 ad
3155 880 3231 944 id

758 990 1149 1053 instructus
1178 1001 1285 1052 est
1308 986 1719 1068 aliquandiu
1744 1006 1787 1050 a
1810 985 2108 1050 Vicario
2131 985 2619 1065 agrigentino:
2647 986 2994 1049 rationem
3016 987 3250 1051 etiam.

756 1096 1067 1175 aliquam
1116 1096 1537 1160 invenerunt
1568 1094 1931 1157 minuendi
1959 1110 2251 1169 usuraS,
2299 1110 2482 1173 quae
2526 1093 2722 1156 circa
2771 1092 3224 1173 frumentum,

754 1204 986 1267 oleum
1027 1213 1097 1267 et
1144 1219 1262 1266 res
1311 1204 1585 1284 aliquas
1635 1202 1828 1265 vitae
1880 1202 2328 1264 necessarias
2375 1202 2534 1281 plus
2574 1218 2801 1280 aequo
2839 1199 3226 1265 familiares

753 1312 999 1374 siculis
1027 1310 1165 1374 illis
1188 1321 1415 1375 erant.

708 1491 714 1498 ,
872 1416 1012 1480 466.
1099 1416 1175 1481 Ρ.
1206 1419 1422 1482 etiam
1452 1417 1772 1498 Elpidius
1807 1417 1848 1497 ¹,
1881 1416 2223 1481 redeunte
2265 1416 2481 1480 etiam
2515 1414 2593 1479 P.
2637 1416 2858 1480 Paulo
2888 1414 2980 1479 ad
3008 1433 3214 1480 suum

753 1522 1178 1605 Collegium,
1213 1542 1376 1589 cum
1408 1524 1699 1588 Vicario
1730 1524 2185 1603 agrigentino
2208 1520 2357 1603 jam
2388 1522 2578 1587 dicto
2607 1523 2829 1587 multa
2859 1524 3117 1604 oppida
3149 1534 3218 1587 et

748 1647 976 1712 pagos
1006 1631 1282 1711 invisit;
1316 1650 1499 1713 quae
1527 1630 2037 1711 peregrinatio,
2073 1640 2149 1693 ut
2178 1630 2352 1693 satis
2382 1628 2514 1693 fuit
2544 1630 2792 1709 longa,
2838 1631 2936 1693 ita
2980 1640 3047 1693 et
3081 1630 3219 1694 fru-

752 1748 1033 1819 ctuosa;
1067 1741 1327 1803 multas
1357 1740 1545 1803 enim
1572 1756 1840 1819 pravas
1870 1736 2418 1802 consuetudines
2457 1736 2956 1815 emendarunt,
3001 1748 3071 1801 et
3093 1755 3210 1818 pa·

750 1855 983 1909 stores
1012 1847 1104 1910 ad
1132 1844 1472 1926 majorem
1514 1845 1956 1926 diligentiam
1995 1846 2431 1921 excitarunt,
2473 1842 2821 1923 perJ‘uria,
2867 1862 3121 1909 usuras
3150 1857 3217 1908 et

748 1954 1023 2034 reliqua
1054 1952 1261 2033 vitia,
1296 1971 1475 2035 quae
1506 1964 1709 2016 erant
1748 1954 2208 2033 pervulgata,
2248 1954 2364 2014 vel
2403 1954 2841 2015 sustulerunt
2877 1954 2994 2015 vel
3023 1952 3216 2015 dimi-

750 2069 1076 2123 nuerunt.

866 2166 1009 2228 467.
1096 2166 1252 2231 Hoc
1290 2184 1479 2230 anno
1510 2166 1797 2247 quidam
1828 2166 2196 2243 sacerdOS,
2243 2166 2526 2229 nomine
2571 2166 2924 2231 Antonius
2965 2167 3050 2231 de
3079 2168 3208 2233 Ur-

742 2274 939 2352 bin0,
974 2274 1095 2354 qui
1123 2274 1330 2337 annis
1356 2273 1839 2354 superioribus
1868 2272 1940 2336 in
1964 2270 2278 2336 Siciliam
2307 2273 2566 2336 missus
2604 2271 2866 2350 fuerat,
2912 2284 2980 2337 et
3025 2292 3066 2337 a
3090 2272 3208 2339 So-

740 2382 997 2445 cietate
1028 2391 1425 2445 recesserat
1442 2429 1456 2457 ,
1492 2378 1757 2444 Romae
1787 2391 1936 2444 tam
1963 2378 2093 2442 fuit
2117 2378 2417 2459 diligens
2440 2388 2511 2442 et
2535 2379 3058 2461 quodammodo
3088 2381 3208 2446 irn-

741 2496 1116 2569 portunuS,
1150 2498 1225 2551 ut
1254 2488 1527 2551 litteras
1558 2505 1601 2550 a
1628 2486 1707 2549 Ρ.
1739 2486 2019 2567 Ignatio
2051 2487 2561 2566 impetraverit,
2589 2487 2840 2568 quibus
2871 2488 3100 2552 denuo
3134 2490 3206 2552 in

738 2592 979 2660 Sicilia
1008 2595 1533 2658 admitteretur:
1568 2594 1627 2657 si
1655 2594 1841 2657 enim
1873 2592 2347 2657 admittendus
2368 2602 2522 2656 erat
2553 2594 2644 2657 ad
2669 2596 3198 2674 poenitentiam,

738 2703 810 2765 in
842 2700 1085 2766 Sicilia
1114 2702 1591 2766 admittendus
1618 2700 2018 2779 videbatur,
2051 2709 2128 2763 ut
2157 2698 2629 2763 aedificationi
2654 2700 2790 2764 illis
2813 2712 3023 2780 esset,
3051 2704 3195 2783 qui-

738 2810 869 2873 bus
897 2809 1238 2873 scandalo
1269 2809 1464 2889 prius
1492 2808 1725 2872 fuerat
1752 2807 1796 2871 ³.
1842 2808 1976 2871 Hic
2028 2824 2200 2887 ergo
2231 2807 2544 2871 secundo
2583 2808 2657 2870 in
2695 2805 3009 2872 Siciliam
3049 2826 3202 2890 per·

737 2916 965 2995 venit;
997 2917 1122 2980 sed
1151 2916 1253 2979 sic
1286 2933 1361 2979 se
1390 2926 1715 2995 gesserat
1743 2915 1813 2978 in
1842 2914 1995 2991 via,
2024 2924 2098 2977 ut
2130 2913 2257 2992 illi,
2293 2912 2414 2993 qui
2443 2930 2604 2977 cum
2633 2916 2787 2995 ipso
2831 2926 3197 2994 venerant,

732 3024 997 3086 bonum
1034 3022 1120 3086 de
1150 3040 1234 3086 eo
1263 3022 1743 3085 testimonium
1771 3039 1916 3084 non
1963 3020 2371 3100 redderent;
2399 3038 2484 3084 ac
2502 3031 2880 3101 propterea
2913 3020 3198 3086 Provin-

732 3129 934 3193 cialis
961 3147 1124 3193 eum
1150 3147 1293 3193 non
1324 3128 1835 3193 admittendum
1864 3128 2158 3191 censuit.
2193 3128 2314 3191 Ille
2345 3143 2561 3206 aegre
2587 3126 2822 3191 ferens
2848 3128 3035 3209 quod
3065 3128 3202 3193 Ro·

732 3252 921 3299 mam
968 3235 1200 3300 redire
1243 3235 1637 3317 Juberetur,
1671 3234 1773 3298 sic
1820 3252 1898 3297 se
1925 3234 2180 3314 gessit,
2215 3245 2290 3297 ut
2336 3250 2582 3297 coram
2627 3234 2862 3315 judice
2892 3236 3197 3315 quodam

810 3478 828 3510 ¹
886 3476 943 3521 P.
965 3476 1203 3531 Elpidius
1226 3475 1482 3531 Ugoletti.

810 3548 833 3581 ⁸
886 3548 991 3592 “De
1011 3547 1164 3592 Mtro.
1184 3548 1408 3592 Antonio
1430 3548 1492 3592 de
1512 3547 1709 3592 Urbino
1729 3558 1794 3592 no
1820 3559 2012 3603 pax-ece
2043 3559 2147 3604 aya
2181 3558 2340 3591 razon
2370 3558 2504 3601 para
2533 3554 2697 3592 temer
2719 3549 2768 3592 lo
2788 3560 2886 3602 que
2923 3559 2977 3592 ae
3005 3550 3194 3603 scrive,

734 3631 926 3675 porque
947 3620 1086 3664 elva
1104 3630 1201 3664 con
1221 3619 1322 3664 aio.
1345 3620 1407 3663 de
1436 3619 1595 3663 hacer
1631 3621 1711 3663 las
1739 3619 2061 3674 penitenciae
2093 3632 2129 3676 y
2147 3619 2541 3664 satisfacciones
2575 3621 2768 3675 pulis·-
2788 3633 2822 3676 y
2842 3626 3074 3665 secretas
3101 3633 3197 3677 que

732 3693 839 3737 alla
859 3694 936 3736 les
963 3692 1267 3746 parecieren
1289 3692 1655 3736 convenientes
1672 3702 1806 3746 para
1840 3704 1902 3736 su
1923 3692 2246 3745 edificaclom
2267 3704 2301 3747 y
2323 3703 2387 3736 no
2418 3692 2465 3734 le
2501 3691 2668 3736 haber
2687 3693 2901 3747 querido
2923 3696 3020 3737 aea
3041 3693 3192 3740 Ntro.

732 3761 901 3807 Padre
921 3770 1157 3807 accettar
1178 3764 1229 3807 ni
1252 3774 1353 3807 aun
1374 3762 1625 3811 habiarle.
1644 3762 1896 3808 haziendo
1915 3768 1962 3809 el
1984 3769 2137 3808 tanta
2157 3764 2426 3817 instantia,
2447 3776 2484 3819 y
2503 3764 2738 3808 enviarle
2759 3774 2792 3807 a
2813 3764 2990 3809 Palm»
3003 3798 3014 3819 ,
3037 3766 3200 3810 dende

734 3837 784 3879 el
804 3836 873 3879 ha
893 3833 1236 3880 desedificado
1252 3830 1383 3889 para
1402 3846 1497 3889 qne
1518 3837 1609 3879 alli
1626 3834 1677 3879 le
1697 3842 1936 3880 accetten
1954 3846 1986 3879 a
2007 3846 2224 3890 prueva.
2241 3844 2392 3879 antes
2412 3835 2544 3879 dara
2563 3836 2774 3881 ocasion
2790 3837 2852 3880 de
2871 3848 2986 3881 mas
3001 3838 3198 3882 credito

727 3910 759 3950 ί
789 3908 866 3951 los
894 3907 955 3950 de
979 3906 1215 3951 Palermo
1234 3918 1332 3961 que
1364 3907 1425 3950 de
1457 3908 1506 3950 lo
1526 3908 1805 3961 contrario,
1826 3920 1863 3965 y
1883 3908 2102 3951 todavla
2131 3909 2352 3962 despues
2381 3907 2442 3949 de
2478 3906 2642 3951 haber
2665 3907 2833 3952 hecha
2865 3910 3200 3954 satisfaccion

726 3978 849 4031 alla,
866 3978 908 4022 si
930 3990 997 4021 no
1015 3979 1093 4021 les
1112 3980 1375 4033 pareciese
1399 3978 1533 4023 deba
1552 3987 1699 4023 estat
1718 3990 1779 4023 en
1803 3978 2056 4027 Palermo,
2075 3980 2122 4021 le
2142 3979 2344 4033 pueden
2359 3978 2546 4023 enviar
2566 3982 2597 4023 a
2619 3986 2736 4023 otra
2758 3988 2906 4034 parte
2921 3979 2986 4024 de
3003 3980 3196 4026 Sicilia·

724 4048 792 4093 El
812 4049 1175 4104 impedimento
1194 4060 1293 4104 que
1312 4062 1369 4093 se
1387 4052 1620 4105 peneaba
1641 4051 1705 4095 de
1725 4050 1892 4095 haber
1913 4052 2089 4095 tenido
2107 4051 2305 4103 habito,
2321 4061 2512 4106 parece
2532 4061 2597 4095 no
2619 4054 2666 4095 le
2686 4063 2772 4107 ay,
2791 4064 2982 4106 por-que
3003 4054 3051 4097 le
3071 4060 3195 4097 tuvo

726 4133 789 4165 no
810 4132 956 4165 como
976 4122 1237 4176 religioso,
1258 4122 1368 4166 sino
1387 4133 1484 4177 por
1504 4122 1678 4166 evitat·
1699 4124 1777 4165 las
1798 4134 1978 4167 manos
2001 4124 2064 4167 de
2085 4123 2138 4167 la
2149 4124 2380 4177 justicia.
2400 4122 2604 4176 Quanto
2625 4127 2656 4167 Δ
2676 4134 2764 4167 sus
2785 4124 3196 4179 ensernnedades,

726 4194 775 4237 el
794 4194 911 4236 eota
928 4204 1057 4237 nano
1076 4205 1112 4249 y
1133 4196 1297 4237 bueno
1326 4206 1358 4247 y
1380 4204 1445 4237 no
1467 4194 1535 4237 ha
1568 4202 1827 4239 menester
1863 4193 2162 4238 medicinas.
2181 4193 2261 4238 La
2283 4195 2626 4249 composicion
2647 4196 2876 4239 exterior
2897 4196 3006 4240 aila
3033 4197 3082 4239 le
3113 4208 3197 4239 en·

722 4265 957 4319 pondran
977 4276 1041 4309 en
1068 4268 1123 4310 la
1142 4277 1240 4320 que
1274 4266 1550 4319 conviene,
1572 4276 1670 4320 que
1702 4268 1750 4309 el
1784 4266 1922 4311 tiene
1955 4267 2205 4310 voluntati
2234 4267 2296 4310 de
2327 4266 2664 4313 acomodarse
2686 4280 2720 4323 y
2741 4277 2821 4311 me
2855 4268 3112 4321 persuade»
3141 4269 3194 4313 in

724 4336 856 4381 Dno.
875 4348 973 4391 que
994 4343 1109 4381 estu
1129 4337 1297 4381 salida
1328 4338 1375 4380 le
1405 4337 1474 4381 ha
1496 4338 1557 4380 de
1586 4338 1791 4393 ayudar
1812 4350 1845 4392 y
1868 4349 1966 4392 que
1996 4350 2052 4383 se
2081 4339 2151 4383 ha
2173 4339 2235 4381 de
2271 4338 2440 4382 servir
2463 4338 2545 4381 del
2579 4340 2632 4382 la
2653 4338 2858 4393 comp·
2876 4340 2940 4383 ad
2976 4341 3198 4394 gloriam

722 4407 1194 4462 Dei.„—Polancus,
1226 4418 1292 4451 ex
1314 4420 1464 4463 com„
1480 4408 1624 4452 Patri
1648 4408 1966 4466 Hieronymo
1987 4408 2304 4461 Domeneeh,
2337 4410 2389 4453 16
2407 4408 2642 4462 januarii
2667 4410 2948 4465 isa-Ipsi
2970 4410 3198 4456 Antonio

722 4478 1001 4525 cle-Urbino
1022 4480 1073 4524 in
1107 4479 1339 4525 Siciliam
1373 4481 1662 4527 revertenti
1702 4482 1932 4525 traditae
1962 4488 2082 4525 sunt
2121 4488 2362 4535 patentes
2393 4481 2732 4525 obedientiae
2762 4482 2974 4526 litterae
3002 4482 3197 4527 Romae

721 4552 881 4596 datae·
898 4552 951 4595 13
968 4550 1202 4604 januarii
1227 4552 1524 4596 155a.—Eae
1546 4560 1723 4596 autem
1753 4554 1908 4596 banne
1938 4561 2089 4598 erant
2112 4562 2164 4596 et
2186 4554 2416 4597 nonnihil
2449 4553 2586 4597 inter
2609 4565 2662 4596 se
2683 4554 2923 4597 diversae
2939 4585 2950 4606 ,
2973 4554 3109 4597 aliae
3130 4552 3198 4597 ad

722 4624 935 4667 Patrem
956 4623 1222 4668 Andream
1252 4625 1315 4668 de
1337 4622 1531 4668 Oviedo
1556 4626 1641 4667 vel
1680 4624 1886 4668 Patrem
1908 4626 2230 4679 Alphonsum
2269 4626 2540 4669 Salmcton
2564 4622 2831 4683 (Neapoli,
2853 4626 2936 4669 ubi
2970 4625 3023 4670 hi
3042 4626 3193 4680 dege·

721 4698 864 4749 bant,
887 4696 1259 4739 transeundum
1280 4702 1396 4741 erat
1418 4696 1679 4749 Antonio),
1704 4697 1839 4741 aliae
1861 4697 1929 4742 ad
1952 4696 2006 4739 P.
2024 4696 2398 4753 Hieronymum
2419 4696 2733 4751 Domenech,
2757 4696 2964 4742 Siciliae
2987 4698 3196 4743 Provin-

720 4770 909 4812 <nalem
918 4798 930 4811 .
