3742 5392
1647 496 1776 557 Aa.
1821 498 1962 555 1554
2041 464 2055 479 ’
2932 498 3041 557 439

557 658 694 705 sca
724 642 1114 721 dicebatur,
1146 641 1222 706 P.
1257 642 1626 707 Francisci
1656 643 1964 723 Borgiae
1996 642 2213 706 amita
2240 640 2280 720 ¹,
2316 650 2692 722 postquam
2722 658 3038 705 mensem

567 765 789 815 unum
818 748 1152 813 Madridii
1181 751 1541 830 exegisset
1567 755 1614 828 ²,
1649 766 1742 813 ex
1771 749 2205 813 monasterio
2239 748 2515 812 Domus
2556 748 2877 829 Reginae
2919 749 3037 811 ad-

563 856 862 919 veniens
915 874 1080 920 cum
1116 857 1540 937 quibusdam
1580 857 1770 935 aliis,
1816 874 1909 919 ex
1944 856 2319 937 pleuritide
2366 855 2498 919 16.a
2536 855 2865 920 Octobris
2894 854 2917 885 ³
2948 857 3037 918 ad

567 960 956 1027 Dominum
985 964 1350 1044 migravit,
1384 980 1654 1044 magna
1688 962 2179 1027 aedificatione
2206 974 2279 1027 et
2308 963 2526 1027 odore
2564 980 2737 1027 suae
2780 963 3037 1027 sancti-

567 1070 738 1134 tatis
767 1069 958 1150 apud
987 1088 1236 1135 omnes
1265 1072 1536 1149 relict0,
1571 1087 1706 1134 nec
1735 1070 2011 1134 minore
2046 1070 2161 1133 sui
2195 1068 2575 1147 desideri0‚
2616 1070 3039 1150 praesertim

569 1178 759 1257 apud
787 1176 1194 1259 Principem
1220 1176 1602 1259 joannam,
1635 1194 1821 1259 quae
1851 1177 2099 1241 intimo
2120 1193 2333 1241 sensu
2361 1178 2630 1240 doloris
2658 1178 2845 1241 hanc
2884 1175 3037 1255 ejus

559 1294 871 1348 mortem
902 1286 1062 1349 tulit
1087 1283 1134 1344 ⁴.
1167 1284 1461 1349 Summo
1492 1286 1612 1348 illa
1652 1284 2027 1347 charitatis
2067 1293 2135 1348 et
2174 1285 2573 1348 devotionis
2614 1284 2871 1348 affectu
2916 1283 3036 1349 So·

561 1392 902 1455 cietatem
931 1401 1256 1456 nostram
1285 1402 1717 1473 prosequuta
1747 1408 2028 1471 semper
2054 1391 2309 1455 fuerat.

691 1498 830 1561 945.
919 1498 1075 1563 Hoc
1107 1499 1359 1563 eodem
1398 1508 1715 1581 tempore
1767 1500 1961 1563 circa
2018 1499 2512 1563 executionem
2552 1497 2849 1564 Concilii
2885 1498 3035 1563 Tri-

563 1606 872 1685 dentini,
907 1624 1092 1687 quae
1125 1607 1243 1670 illo
1273 1608 1345 1670 in
1375 1623 1600 1689 regno
1629 1616 1798 1671 tunc
1823 1607 2153 1687 incoepta
2174 1606 2429 1684 fuerat,
2463 1606 2737 1670 litteras
2760 1606 3036 1687 aliquas

573 1712 1033 1793 Apostolicas
1061 1712 1394 1778 Summus
1416 1713 1744 1779 Pontifex
1768 1715 1840 1779 in
1863 1714 2287 1795 Hispaniam
2306 1714 2597 1779 miserat
2620 1711 2674 1792 ⁸;
2701 1722 2770 1776 et
2792 1729 3033 1795 quam·

530 1820 680 1883 ·vis
711 1821 1054 1885 nonnihil
1087 1823 1531 1903 tempestatis
1562 1822 1828 1885 oboriri
1859 1821 2210 1902 coepisset
2237 1818 2283 1900 ⁸,
2332 1838 2493 1885 cum
2534 1836 2836 1901 regnum
2863 1820 3032 1884 illud

649 2026 664 2057 ¹
724 2024 860 2069 Vide
891 2036 1076 2081 snpra.
1095 2038 1215 2082 pag.
1235 2026 1317 2070 433
1335 2060 1346 2082 ,
1365 2038 1412 2070 n.
1433 2026 1531 2081 980,
1551 2032 1604 2069 et
1626 2026 1697 2069 1.ο
1717 2027 1943 2071 observa
1965 2026 2119 2081 hujus
2144 2026 2333 2070 nobilis
2357 2026 2609 2069 foeminae
2639 2035 2923 2080 cognomen
2954 2036 3035 2068 se-

558 2096 808 2152 cundnm,
841 2105 1124 2153 antequam
1157 2099 1462 2152 religionem
1495 2098 1871 2153 ingrederetur.
1893 2098 1959 2142 ab
1994 2098 2113 2142 nilis
2147 2098 2246 2142 dici
2281 2098 2522 2151 aragon,
2542 2098 2609 2141 ab
2648 2096 2767 2141 nilis
2793 2106 2938 2147 vero.
2967 2106 3033 2139 ex

559 2168 754 2213 matris
775 2171 1091 2225 cognomine,
1115 2168 1543 2223 Eudemum-2⁰
1561 2172 1769 2225 corrige
1800 2170 2059 2225 duplicem
2086 2180 2344 2223 errorem,
2366 2170 2453 2224 qni
2482 2180 2545 2213 ex
2566 2169 2646 2213 ed.
2666 2170 2837 2223 prima
2860 2168 3033 2223 operis

577 2238 816 2285 Varones
835 2242 1060 2286 ilustres
1077 2243 1145 2285 de
1175 2243 1231 2285 la
1255 2241 1546 2297 Campania
1567 2243 1636 2286 de
1651 2242 1835 2297 Iesus,
1853 2248 1892 2285 t.
1913 2252 1986 2295 xv,
2008 2252 2129 2297 pag.
2148 2240 2244 2289 634.
2262 2242 2475 2295 irrepsit
2506 2241 2559 2284 in
2591 2240 2873 2285 secundnm
2898 2239 3025 2284 edit.

565 2312 918 2367 Bilbnensem‚
940 2321 974 2358 t.
997 2326 1068 2367 1x,
1089 2326 1210 2369 pag.
1232 2314 1408 2361 81.nbi
1430 2312 1622 2357 dicitur
1642 2313 1911 2369 haecfilia
1932 2312 2113 2357 Sancti
2138 2312 2406 2357 Francisci
2428 2313 2625 2367 Borgin
2642 2320 2725 2367 et,
2753 2318 3036 2366 antequam

559 2384 870 2438 religionem
889 2385 1536 2440 ingrederetur,appellari
1562 2385 1868 2430 Francisca.

647 2453 672 2485 ¹
725 2454 1093 2501 Emendandns
1111 2458 1196 2501 hic
1219 2464 1300 2501 est
1319 2457 1590 2511 Polancns,
1613 2464 1666 2500 et
1681 2459 1795 2501 loco
1815 2456 2085 2501 Hadriati
2103 2454 2429 2499 scribendum
2462 2454 2785 2507 Vallisoleti:
2804 2464 2925 2499 nam
2942 2464 3037 2499 ve·

561 2537 682 2571 rum
700 2534 782 2572 est
802 2529 936 2583 qnod
959 2540 1024 2571 ex
1044 2528 1320 2581 Cannam,
1341 2528 1589 2573 Historia
1608 2529 1774 2572 delas
1792 2526 2091 2572 Descalsas
2104 2527 2301 2571 Reales
2320 2527 2389 2570 de
2408 2526 2647 2579 Madrid,
2666 2532 2819 2581 parte
2829 2536 2863 2580 1,
2884 2526 2974 2570 lib.
2997 2536 3032 2580 1,

567 2608 682 2653 cap.
702 2598 742 2651 2.
761 2600 1040 2656 exscripsit
1062 2599 1292 2644 Xiumeo:
1315 2606 1376 2655 “y
1395 2611 1597 2655 nunqne
1617 2611 1684 2644 no
1703 2601 1841 2654 nego
1861 2602 1895 2644 ά
1914 2598 2117 2644 Mndrid
2133 2632 2145 2654 ,
2166 2609 2360 2653 porque
2381 2610 2445 2642 en
2466 2598 2765 2643 Valindolid
2784 2597 2953 2642 rindio
2970 2608 3033 2641 sn

565 2672 707 2714 alma
727 2682 792 2715 en
809 2682 992 2715 manos
1012 2673 1074 2716 de
1095 2684 1156 2715 sn
1170 2671 1387 2727 Esposo‚
1407 2673 1487 2716 sin
1507 2673 1755 2725 embargo
1773 2683 1839 2716 no
1861 2672 2039 2725 perdio
2062 2672 2111 2715 ei
2132 2672 2287 2715 titulo
2306 2672 2367 2715 de
2388 2670 2619 2725 primern
2648 2670 2937 2715 inndndora
2968 2668 3033 2712 de

563 2742 648 2786 las
668 2740 893 2788 Seiioras
912 2743 1195 2788 Descalzns
1216 2743 1406 2787 Renles
1426 2744 1488 2787 de
1507 2743 1708 2789 Mndrid
1723 2776 1734 2797 ,
1758 2755 1903 2788 como
1922 2743 1975 2787 ni
1994 2742 2199 2799 Moyses
2214 2743 2347 2787 eide
2366 2742 2590 2796 Capitan
2618 2754 2654 2798 y
2684 2740 2921 2785 Candillo
2950 2740 3034 2783 del

567 2816 754 2869 pneblo
774 2818 836 2861 de
870 2816 1036 2861 Israel
1050 2850 1061 2871 ,
1082 2828 1285 2873 nanque
1307 2818 1514 2862 rallecio
1537 2824 1686 2862 nutes
1717 2818 1778 2861 de
1800 2824 1981 2862 entrnr
2001 2827 2065 2860 en
2094 2818 2148 2861 ln
2179 2816 2345 2860 tierra
2376 2815 2709 2871 promenda...
2730 2812 3035 2858 Eser-{tores

559 2886 658 2930 del
673 2886 848 2931 Reino
866 2888 934 2932 de
967 2888 1239 2942 Valencia,
1261 2896 1298 2933 t.
1321 2900 1355 2943 ι,
1380 2901 1499 2944 pag.
1523 2889 1619 2933 130.

649 2959 674 2991 ⁸
724 2958 821 3003 25.·
853 2958 1120 3007 Octobris.
1159 2962 1235 3005 nit
1271 2960 1329 3004 P.
1369 2960 1578 3004 Nonam.
1594 2995 1605 3012 ,
1635 2958 1708 3004 La
1735 2960 1907 3003 Sama
1944 2958 2222 3015 Daquesa,
2240 2971 2353 3013 cap.
2377 2968 2526 3003 xvm.
2542 2956 2683 3001 -28.·
2714 2955 2953 3001 Octobris
2986 2960 3037 2997 et

569 3031 778 3086 quidem
795 3032 914 3075 anni
936 3032 1058 3086 1557,
1079 3032 1266 3076 scribit
1301 3032 1524 3085 Xmeno,
1552 3031 1855 3076 Escn’tores
1873 3032 1963 3075 del
1983 3032 2155 3075 Reino
2174 3032 2242 3075 de
2274 3030 2545 3083 Vatencta,
2566 3035 2604 3073 t.
2625 3039 2644 3073 r
2658 3060 2669 3080 ‚
2686 3039 2808 3084 pag.
2831 3026 2925 3081 18ος
2946 3026 3037 3070 sed

565 3102 684 3156 hoc,
705 3102 840 3157 qnod
861 3102 928 3145 ad
947 3114 1140 3147 annum
1161 3104 1349 3147 attinet
1367 3136 1378 3156 .
1400 3111 1540 3148 recte
1563 3103 1786 3158 corrigit
1807 3102 2020 3147 Nouem„
2038 3102 2119 3146 his
2139 3101 2333 3146 verbis:
2350 3100 2457 3145 “En
2476 3102 2528 3145 la
2550 3100 2798 3143 Historia
2816 3097 2905 3142 del
2924 3109 3041 3142 con-

569 3176 727 3217 vento
747 3174 814 3217 de
834 3174 1005 3217 Sama
1030 3173 1187 3218 Clara
1208 3177 1275 3219 de
1299 3174 1530 3229 Gaudia,
1553 3176 1785 3229 impresn
1805 3185 1868 3218 en
1893 3181 2009 3218 esta
2030 3174 2216 3219 cindnd
2238 3184 2299 3217 en
2324 3172 2444 3225 1882.
2465 3184 2521 3217 se
2541 3172 2655 3215 dice
2675 3182 2739 3215 en
2768 3172 2823 3215 ln
2840 3172 2963 3225 pag.
2986 3170 3041 3213 56

569 3255 666 3299 que
687 3243 784 3289 Sor
805 3243 1090 3290 Franciscn
1111 3246 1276 3291 murio
1297 3249 1330 3290 n
1349 3248 1427 3290 los
1448 3246 1502 3289 25
1522 3246 1584 3289 de
1611 3246 1839 3290 Octnbre
1860 3246 1923 3289 de
1948 3246 2066 3289 1557.
2088 3244 2171 3289 Ha
2187 3245 2249 3288 de
2270 3251 2414 3288 estnr
2433 3242 2757 3298 equivocada
2784 3243 2837 3286 la
2856 3241 3041 3285 nltima

567 3316 703 3361 cisra
721 3317 806 3361 del
825 3318 940 3370 nno,
961 3328 1088 3372 pnes
1111 3317 1216 3361 San
1235 3317 1444 3372 lgnncio
1464 3318 1624 3362 habia
1648 3323 1850 3361 mnerto
1871 3328 1936 3361 en
1958 3318 2127 3371 [antes
2147 3318 2210 3361 de
2231 3315 2477 3369 Octnbre]
2502 3314 2622 3366 1556,
2642 3327 2678 3371 y
2700 3316 2752 3358 ln
2773 3320 2924 3358 carta
2942 3323 3040 3367 qne

571 3399 753 3434 varnos
768 3390 946 3434 scitur
957 3389 1170 3444 (cartas
1181 3391 1247 3434 de
1269 3388 1380 3433 San
1400 3390 1639 3443 Ignacto,
1658 3396 1810 3434 carta
1831 3389 2065 3443 DXCIX,
2084 3396 2122 3433 t.
2138 3400 2190 3442 v,
2212 3400 2334 3443 pag.
2353 3388 2425 3442 37)
2445 3400 2502 3431 es
2522 3398 2618 3431 con
2633 3392 2840 3432 certezs
2858 3385 2921 3429 de
2938 3384 3043 3429 1555

572 3474 607 3517 y
627 3472 684 3504 se
703 3460 887 3505 refiere
909 3464 940 3505 a
959 3462 1012 3506 ln
1033 3452 1232 3506 mnerte
1255 3462 1316 3521 de
1350 3464 1558 3518 squella
1587 3470 1743 3507 santa
1775 3462 2068 3517 religiosam
2088 3461 2227 3505 Iota.
2246 3471 2361 3515 cap.
2383 3471 2515 3513 xvn,
2536 3470 2655 3515 pag.
2681 3458 2771 3511 149.
2794 3462 2969 3501 annot.
2992 3458 3038 3501 1.

653 3532 676 3564 ⁴
728 3530 863 3575 Vide
885 3532 1242 3588 anammnno,
1277 3532 1411 3577 Vide
1433 3534 1521 3577 del
1539 3534 1600 3577 P.
1623 3532 1820 3577 Ductor
1840 3534 2070 3577 Antonio
2087 3533 2154 3577 de
2176 3532 2351 3575 Amo:
2385 3533 2437 3575 in
2468 3530 2707 3575 Varones
2732 3529 2958 3572 ilustres
2978 3528 3045 3571 de

574 3602 628 3645 la
651 3602 945 3658 Compaaia
968 3605 1035 3647 de
1053 3604 1236 3659 Iesus,
1257 3605 1336 3649 ed.
1355 3607 1534 3660 antiq..
1559 3612 1594 3649 t.
1618 3616 1695 3659 tv,
1714 3616 1836 3659 pag.
1857 3604 1955 3659 6233
1977 3605 2203 3647 recentis
2222 3604 2529 3657 Biibaensis,
2551 3611 2589 3651 t.
2610 3614 2681 3655 xx,
2700 3612 2822 3656 pag.
2844 3600 2912 3643 13.

655 3674 680 3707 ⁸
735 3672 916 3719 Sermo
937 3682 1018 3719 est
1041 3676 1102 3719 de
1125 3677 1320 3721 litteris
1340 3677 1642 3731 apostolicis
1661 3688 1694 3721 n
1715 3676 1852 3729 Julio
1871 3676 1949 3719 111
1967 3676 2107 3720 datis
2123 3675 2180 3719 30
2199 3676 2425 3730 Augusti
2447 3676 2601 3730 hujus
2618 3673 2739 3717 anni
2762 3673 2883 3715 155⁴.

655 3744 680 3778 ⁶
732 3743 1082 3800 Tempestatis
1103 3747 1256 3803 hujus
1278 3758 1436 3792 cansa
1457 3749 1740 3803 praecipua
1761 3755 1879 3793 ernt
1901 3748 2138 3792 executio
2158 3748 2351 3791 decreti
2374 3746 2591 3789 concilii
2622 3746 2766 3789 eirca
2786 3744 3045 3788 visitatio-

567 3828 694 3861 nem
713 3816 1077 3873 capitulorum
1097 3820 1434 3863 ecclesiarum
1455 3820 1840 3865 cathedralium
1859 3822 1927 3863 ab
1948 3818 2221 3874 Episcopis
2242 3818 2550 3870 faciendam,
2572 3816 2708 3860 Sess.
2732 3827 2809 3869 vr,
2832 3815 3043 3859 Decret.

578 3889 645 3932 de
665 3888 1092 3945 Reformatr’one,
1109 3901 1221 3946 cap.
1241 3902 1313 3943 tv,
1336 3892 1481 3946 cujns
1510 3892 1813 3936 observatio
1846 3891 2023 3946 urg-eri
2046 3891 2323 3934 videbatur
2344 3889 2520 3933 verbis
2548 3889 2827 3944 postremis
2848 3887 3043 3931 decreti

575 3961 928 4016 suspensionis
955 3960 1198 4014 concilii,
1221 3960 1358 4007 Sess.
1379 3974 1487 4007 xvr:
1519 3962 1756 4007 “Interea
1777 3970 2028 4007 tamen...
2052 3968 2258 4006 statuta
2288 3969 2340 4005 et
2360 3959 2807 4013 decretn.„—“Los
2832 3961 3047 4003 seriores

579 4032 800 4088 Obispos
815 4045 870 4077 se
892 4044 1238 4089 npresnrnron
1259 4036 1650 4089 generalmente
1671 4038 1703 4079 a
1724 4046 1887 4089 poner
1908 4046 2003 4090 por
2021 4035 2149 4077 obra
2169 4035 2246 4077 los
2267 4034 2506 4077 decretos
2526 4032 2589 4075 de
2610 4032 2804 4075 Trento
2817 4064 2828 4085 ,
2851 4030 3047 4075 tenien·

571 4104 642 4148 do
663 4106 882 4159 nloennos
901 4118 998 4161 qne
1022 4106 1206 4150 lnchnr
1227 4117 1290 4149 no
1310 4117 1440 4160 poco
1461 4116 1592 4161 para
1613 4118 1711 4162 que
1733 4107 1874 4151 rnese
1896 4106 2205 4149 reconocidn
2224 4116 2285 4149 sn
2306 4104 2583 4148 antoridad
2605 4114 2669 4147 en
2697 4104 2745 4147 lo
2766 4102 2993 4147 relativo
3014 4104 3045 4145 a

578 4177 632 4221 la
653 4176 990 4231 jurisdiccion
1007 4190 1044 4233 y
1061 4178 1224 4222 visita
1243 4178 1306 4221 de
1327 4189 1414 4222 sus
1438 4176 1698 4223 Cabildos.
1721 4179 1999 4232 Alegnban
2028 4181 2168 4222 estos
2188 4188 2285 4232 qne
2313 4187 2377 4219 en
2400 4176 2577 4220 virtnd
2599 4175 2683 4218 del
2710 4173 3045 4219 mencionndo

577 4248 786 4292 decreto
804 4250 1055 4293 conciliar
1075 4260 1140 4293 no
1171 4261 1227 4294 se
1258 4251 1418 4294 habia
1440 4251 1573 4295 dado
1594 4254 1626 4295 a
1647 4253 1723 4295 los
1747 4250 1996 4295 Prelados
2016 4252 2129 4293 mas
2149 4249 2381 4293 facultati
2400 4258 2533 4302 para
2553 4246 2743 4291 visitur
2762 4259 2797 4303 y
2816 4244 3047 4299 corregir

571 4322 610 4364 ἑ.
637 4322 718 4365 los
737 4320 982 4367 Cabildos
996 4354 1006 4373 .
1029 4332 1124 4376 qne
1147 4323 1197 4365 la
1219 4333 1316 4376 que
1353 4324 1430 4367 les
1457 4323 1827 4377 correspondit
1857 4324 2022 4377 segon
2041 4323 2091 4365 el
2116 4322 2340 4366 derecho
2358 4320 2601 4374 antign03
2622 4318 2934 4373 respondinn
2968 4317 3045 4360 ios

569 4389 796 4447 obispos
816 4403 912 4447 que
945 4394 992 4436 ei
1017 4392 1083 4437 fin
1102 4392 1186 4437 del
1209 4392 1437 4438 Concilio
1469 4406 1505 4450 y
1525 4396 1575 4438 el
1604 4394 1823 4448 espiritu
1844 4394 1907 4438 de
1942 4395 2020 4437 ios
2041 4392 2238 4437 Padi-es
2252 4424 2263 4445 ,
2284 4403 2381 4447 qne
2417 4391 2731 4434 redacmron
2750 4390 2799 4432 el
2816 4387 3042 4439 decreto,

577 4462 662 4506 fue
680 4463 952 4508 favorecer
970 4466 1022 4509 la
1039 4465 1374 4520 iurisdiccion
1389 4467 1651 4521 episcopal
1668 4477 1764 4521 qne
1781 4466 1965 4510 estaba
1980 4465 2270 4519 mengnada
2285 4474 2381 4519 por
2396 4468 2571 4507 tantas
2590 4460 2913 4511 exenciones‚
2930 4470 3045 4503 con-

579 4535 786 4580 cordias
801 4568 812 4588 ,
833 4538 1128 4580 sentencias
1159 4549 1194 4594 y
1209 4539 1551 4593 juramentos,
1571 4549 1719 4582 como
1753 4539 2073 4581 ciaramente
2104 4537 2155 4581 lo
2187 4536 2429 4581 indicnbn
2462 4536 2514 4578 ln
2548 4536 2686 4578 ietrn
2721 4533 2804 4576 del
2832 4532 3043 4575 decreto

575 4618 714 4664 enyo
733 4608 934 4652 sentido
955 4609 1084 4653 ellos
1105 4610 1281 4655 tenian
1303 4612 1416 4654 mas
1445 4610 1668 4655 motivos
1697 4620 1829 4664 para
1849 4610 2167 4663 entenderlo,
2188 4620 2283 4663 por
2301 4608 2466 4651 haber
2486 4606 2704 4651 asistido
2722 4608 2752 4648 a
2782 4614 2843 4647 sn
2864 4602 3044 4648 redac-

575 4680 698 4723 cion
717 4691 752 4734 y
774 4680 1041 4724 votacion.

664 4748 753 4793 Sin
773 4752 1034 4806 embargo‚
1055 4753 1272 4807 aloeunos
1293 4752 1552 4807 Cabildos,
1575 4764 1718 4797 como
1739 4754 1818 4797 los
1837 4753 1903 4797 de
1924 4752 2155 4799 Gerona.
2175 4751 2369 4797 Lei-idn
2386 4765 2421 4809 y
2442 4752 2727 4805 Pamplonn
2740 4782 2751 4804 ‚
2774 4749 3046 4804 opusieron
