3742 5392
678 471 799 532 670
1611 467 1864 529 Canon.
1906 466 2061 528 Soc.
2104 467 2244 540 Jns.

683 616 839 680 fere
867 617 1194 681 omnibus
1223 615 1588 680 demersus
1617 626 1746 680 est:
1765 615 2191 680 Vincentius
2220 623 2459 679 autem
2486 631 2649 677 cum
2674 629 2937 694 magno
2965 611 3163 676 vitae

689 741 864 788 suae
893 725 1210 805 periculo
1235 724 1594 787 nitebatur
1622 739 1786 788 eum
1811 721 2183 804 adjuvare,
2226 722 2356 786 sed
2394 721 2683 784 minime
2722 721 2973 800 potuit:
3006 719 3161 798 ipse

679 840 928 894 ‘tamen
975 832 1230 910 evasit,
1271 831 1430 895 Deo
1481 829 1887 911 adiuvante,
1928 829 2261 912 quamvis
2298 836 2617 909 optasset
2644 827 2761 891 ille
2802 835 2879 890 ut
2923 828 3161 906 potius

693 937 1071 1018 AntoniuS,
1117 938 1320 1019 cujus
1349 955 1568 1018 opera
1607 947 1762 1001 erat
1801 937 2064 1016 utilior,
2106 935 2563 1014 naufragium
2602 934 2974 1012 evasisset3
3008 934 3155 1008 sed,

691 1054 768 1109 ut
805 1044 1113 1109 fructum
1153 1045 1634 1122 maturiorem,
1671 1062 1713 1108 a
1752 1043 1908 1108 Deo
1951 1045 2328 1107 collectum
2364 1041 2581 1106 fuisse
2624 1050 2694 1105 et
2734 1041 2808 1104 in
2857 1057 3158 1120 regnum

679 1168 897 1215 suum
920 1161 1300 1216 evocatum
1325 1152 1706 1232 cogitabat:
1731 1150 1882 1231 ipse
1905 1158 2143 1214 autem
2169 1149 2611 1226 VincentiuS,
2638 1148 2804 1212 dum
2835 1157 3058 1225 natat,
3086 1147 3156 1209 in

692 1277 942 1340 rupem
979 1258 1360 1339 quamdam
1403 1259 1492 1322 ab
1531 1258 1704 1339 ipsis
1740 1258 1947 1322 undis
1988 1258 2207 1320 maris
2241 1254 2599 1336 projectus
2628 1265 2759 1334 est3
2800 1254 2927 1318 sed
2969 1263 3155 1317 ante·

693 1385 910 1448 quam
939 1365 1183 1430 firmus
1213 1383 1422 1446 super
1453 1383 1612 1430 eam
1637 1366 1986 1444 haereret,
2020 1366 2318 1428 vulnera
2338 1381 2483 1428 non
2504 1379 2735 1443 pauca
2764 1363 2836 1426 in
2862 1379 3159 1442 corpore

696 1473 994 1554 accepit,
1029 1481 1098 1536 et
1135 1473 1231 1536 ita
1263 1473 1547 1537 nonnisi
1575 1473 1901 1536 manibus
1930 1471 2137 1536 simul
2166 1489 2254 1535 ac
2284 1471 2579 1551 pedibus
2607 1487 2735 1550 per
2766 1479 3033 1532 terram
3064 1469 3159 1531 in-

681 1581 946 1645 -cedere
975 1590 1280 1662 poterat,
1313 1589 1383 1644 et
1431 1589 1579 1644 toto
1621 1578 1853 1643 triduo
1892 1588 2039 1643 tres
2078 1578 2231 1642 dies
2276 1577 2292 1609 ¹
2334 1579 2439 1641 sic
2478 1576 2852 1640 incedebat
2893 1576 3160 1639 nullum

693 1704 990 1767 prorsus
1027 1688 1385 1752 hominem
1421 1686 1756 1765 videndO,
1801 1704 1934 1749 nec
1973 1685 2109 1748 iter
2152 1702 2278 1766 per
2309 1684 2497 1766 quod
2542 1684 2633 1748 ad
2676 1685 3013 1764 populum
3044 1682 3161 1745 ali-

683 1783 906 1876 quem
947 1795 1102 1874 iret;
1150 1795 1274 1859 sed
1313 1794 1580 1875 placuit
1620 1793 1906 1858 divinae
1947 1793 2364 1856 clementiae
2406 1802 2482 1854 ut
2521 1789 2809 1854 tandem
2854 1791 2927 1853 in
2966 1790 3157 1852 illum

697 1900 1036 1965 incideret
1087 1902 1198 1964 vir
1236 1901 1520 1983 quidam
1557 1899 1709 1979 eJ'us
1751 1900 2088 1980 regionis,
2133 1918 2223 1962 ex
2252 1899 2367 1962 his
2397 1897 2619 1979 quiin
2662 1897 3017 1960 montibus
3047 1896 3157 1959 de-

693 2009 982 2088 gebant,
1016 2017 1084 2070 et
1112 2009 1518 2089 impositum
1547 2008 1694 2072 suis
1723 2007 2039 2071 humeris
2068 2006 2159 2068 ad
2187 2005 2501 2069 vicinum
2528 2003 2900 2084 quemdam
2926 2004 3159 2065 locum

698 2113 1253 2178 christianorum
1281 2131 1441 2177 eum
1471 2112 1900 2192 deportavit.

820 2221 996 2285 1447.
1083 2221 1306 2284 Erant
1347 2221 1421 2284 hi
1463 2238 1554 2283 ex
1609 2219 2213 2296 amboinensibus,
2260 2217 2405 2298 qui,
2457 2235 2619 2281 cum
2663 2216 3159 2280 intellexerunt

693 2327 939 2392 fratris
975 2327 1198 2390 nostri
1240 2327 1530 2395 Antonii
1572 2325 1989 2390 Fernandez
2032 2334 2355 2404 mortem,
2410 2324 2650 2388 multis
2700 2322 3038 2404 lacrymis
3095 2331 3162 2385 et

685 2434 956 2498 acerbo
984 2433 1227 2498 dolore
1257 2452 1416 2498 eam
1446 2432 1856 2514 prosequuti
1896 2441 2061 2496 sunt
2090 2432 2327 2496 multis
2358 2432 2429 2495 in
2459 2431 2658 2495 locis:
2690 2431 2891 2492 multi
2920 2439 3156 2493 autern

699 2540 1155 2605 Vincentium
1183 2540 1608 2619 invisebant,
1654 2539 1769 2602 hic
1813 2539 1905 2603 ad
1935 2539 2227 2618 victum,
2271 2539 2385 2600 ille
2427 2536 2517 2600 ad
2556 2536 2891 2600 vestitum
2922 2553 3160 2599 neces-

691 2647 890 2711 saria
919 2665 1186 2728 magna
1209 2665 1372 2711 cum
1401 2647 1750 2710 charitate
1783 2645 2197 2724 affe1·ebant;
2224 2653 2293 2707 et
2324 2645 2421 2707 ita
2452 2661 2614 2707 eum
2641 2642 3042 2707 refecerunt
3071 2659 3157 2705 ac

697 2754 971 2818 viribus
1000 2755 1148 2817 suis
1186 2754 1668 2817 restituerunt.

820 2859 996 2924 1448.
1084 2859 1314 2940 Prope
1363 2869 1567 2922 erant
1619 2858 1947 2922 homines
1988 2857 2276 2938 quidam
2320 2857 2483 2936 albi,
2518 2867 2586 2919 et
2634 2857 2814 2920 inter
2867 2874 2992 2920 eos
3044 2857 3164 2919 alii

693 2967 875 3031 fusci
914 2968 1197 3046 coloriS,
1241 2967 1362 3031 alii
1403 2967 1618 3030 etiam
1645 2965 2022 3046 nigrioreS,
2066 2965 2186 3046 qui
2215 2965 2445 3029 nullos
2474 2965 2737 3028 habent
2767 2963 3062 3044 capillos
3092 2964 3165 3025 in

691 3074 927 3155 capite
964 3075 1090 3138 sed
1127 3091 1424 3156 prorsus
1454 3074 1643 3137 calvi
1671 3083 1856 3149 sunt,
1902 3081 1971 3136 et
2016 3073 2091 3136 hi
2138 3073 2352 3135 etiam
2384 3071 2753 3135 christiani
2783 3087 2941 3133 esse
2972 3070 3157 3133 vole-

694 3182 892 3246 bant:
930 3183 1347 3247 Vincentius
1376 3189 1613 3244 autem
1637 3180 2072 3244 christianae
2091 3179 2458 3243 doctrinae
2481 3176 2843 3242 docendae
2874 3191 3163 3257 operam

689 3288 918 3353 -dabat
945 3287 990 3364 ';
1026 3297 1094 3352 et
1121 3289 1258 3351 hoc
1289 3288 1361 3350 in
1389 3303 1652 3366 genere
1682 3287 1822 3349 dici
1853 3295 2085 3365 potest
2114 3295 2263 3348 tam
2292 3286 2379 3350 de
2409 3285 2658 3349 insulis
2688 3283 2921 3347 Mauri
2950 3300 3161 3364 quam

699 3395 1060 3474 Amboini,
1112 3411 1293 3474 quae
1347 3393 1480 3456 sub
1524 3391 1822 3456 Malucis
1865 3393 2343 3471 continentur,
2378 3393 2571 3472 quod
2601 3407 2941 3471 magnum
2993 3405 3165 3468 aug-

699 3515 1016 3566 mentum
1064 3500 1332 3565 Christi
1379 3499 1554 3563 fides
1604 3516 1689 3564 ac
1741 3499 1994 3578 religio
2046 3499 2141 3562 ibi
2190 3498 2612 3580 accipiebat,
2667 3508 2737 3562 et
2790 3497 3169 3562 Societatis

701 3609 982 3672 labores
1012 3608 1218 3671 valde
1249 3606 1455 3670 utiles
1499 3616 1649 3669 tum
1688 3606 1760 3669 in
1799 3606 1956 3686 ipsa
1987 3623 2153 3669 arce
2186 3604 2468 3685 Maluci,
2503 3615 2653 3669 tum
2684 3607 2756 3668 in
2788 3605 2944 3669 aliis
2986 3604 3167 3670 locis

691 3723 911 3779 ‘erant
921 3761 933 3774 .

834 4257 1009 4322 1449.
1097 4256 1363 4334 Nostri,
1416 4255 1536 4336 qui
1589 4255 1661 4318 in
1707 4254 1983 4336 Japone
2034 4255 2503 4319 versabantur
2556 4253 2829 4317 duobus
2880 4252 2955 4314 in
2993 4251 3171 4315 locis

701 4375 930 4447 erant,
969 4365 1241 4430 scilicet
1291 4362 1725 4442 Amangucii
1768 4371 1837 4424 et
1886 4362 2140 4440 Bungi.
2182 4361 2409 4442 Regio
2454 4379 2539 4426 ea
2582 4361 2655 4423 in
2695 4359 2988 4438 triginta
3034 4373 3165 4422 sex

787 4573 806 4607 ί
865 4571 972 4627 Sic;
998 4571 1090 4617 sed
1109 4575 1200 4616 aut
1221 4571 1328 4612 toto
1348 4569 1531 4612 triduo
1553 4573 1644 4613 aut
1665 4571 1780 4612 tres
1797 4568 1919 4612 dies
1936 4567 2213 4614 redundat.

785 4644 809 4677 ¹
863 4644 1006 4698 Quae
1027 4656 1060 4687 a
1079 4655 1127 4686 n.
1151 4641 1257 4686 1446
1277 4640 1538 4696 hucusque
1560 4641 1703 4685 dicta
1721 4647 1859 4695 sunt,
1883 4640 2201 4694 deprompsit
2223 4639 2478 4684 Polancus
2492 4649 2558 4682 ex
2579 4635 2773 4681 litteris
2792 4633 3059 4680 vincentii
3077 4632 3173 4676 Pe·

707 4715 851 4761 reira
873 4715 1116 4760 Amboini
1137 4714 1275 4760 datis
1294 4713 1350 4756 29
1363 4713 1540 4757 Martii
1565 4713 1686 4758 1554.
