3742 5392
1647 521 1768 580 ΑΝ.
1815 521 1957 580 1554
2973 521 3051 580 39

691 665 794 729 56.
883 667 1184 732 Gratum
1230 680 1466 733 autem
1507 669 1637 732 fuit
1689 669 1759 732 Ρ.
1805 669 2084 749 Ignatio
2130 679 2206 732 ut
2249 666 2346 732 ibi
2389 680 2739 748 maneret,
2774 679 2845 731 et
2871 669 3041 732 inte-

572 774 709 837 rim
751 773 920 838 dum
959 774 1368 856 collegium,
1414 778 1543 841 sub
1583 777 2010 857 principium
2054 775 2383 840 Octobris
2428 774 2879 855 mittendum,
2926 794 3042 838 ve·

573 883 848 960 aiebat,
903 884 1180 947 animos
1231 885 1594 949 hominum
1651 885 1891 964 aliquo
1949 885 2302 964 spirituali
2348 884 2505 947 cibo
2556 893 2921 963 pasceret,
2974 893 3046 946 et

575 1006 758 1069 quae
799 991 1206 1055 necessaria
1245 1002 1485 1054 essent
1524 992 1615 1055 ad
1653 993 2032 1071 collegium
2072 990 2384 1054 futurum
2433 999 2930 1071 praepararet;
2973 1000 3045 1053 et

576 1113 665 1158 ne
703 1099 896 1160 solus
939 1107 1158 1176 esset,
1203 1099 1477 1162 socium
1515 1115 1720 1162 suum
1759 1099 1826 1162 ei
1865 1099 2148 1180 reliquit
2176 1097 2253 1161 P.
2285 1097 2603 1179 Laynez,
2648 1107 2718 1160 et
2755 1097 3047 1177 quidam

575 1204 789 1282 aliuS,
823 1205 941 1283 qui
972 1205 1045 1267 in
1073 1203 1500 1269 Societatem
1545 1206 1822 1269 admitti
1851 1206 2213 1284 cupiebat,
2257 1207 2323 1268 ei
2360 1221 2436 1267 se
2476 1203 2819 1284 adjunxit.
2865 1203 3041 1267 Inte-

575 1311 710 1373 rim
760 1311 898 1374 hac
949 1320 1222 1375 aestate
1261 1314 1580 1376 scholam
1617 1311 2030 1392 quamdam,
2077 1330 2258 1393 quae
2306 1313 2380 1376 in
2422 1313 2753 1393 hospitali
2794 1322 3045 1392 aperta

575 1429 762 1495 erat,
798 1417 872 1482 Ρ.
906 1419 1328 1483 Emmanuel
1367 1419 1658 1500 adjuvit.
1703 1419 2023 1484 Clericus
2065 1429 2332 1500 autem,
2381 1421 2501 1500 qui
2539 1436 2799 1499 pueros
2839 1418 3041 1482 doce·

571 1527 692 1589 bat
715 1576 729 1602 ,
761 1525 1188 1590 Laurentius
1221 1526 1534 1604 nomine,
1569 1525 2000 1591 Societatem
2028 1527 2304 1606 ingredi
2348 1527 2707 1606 cupiebat,
2743 1535 2814 1588 et
2839 1526 2940 1588 ita
2968 1525 3042 1588 in

571 1643 912 1696 autumno
956 1651 1120 1697 cum
1167 1633 1554 1697 Francisco
1597 1633 1943 1698 Ghiraldo
1976 1634 1993 1666 ¹
2026 1635 2118 1696 ad
2160 1633 2589 1697 Societatem
2626 1633 2887 1696 ibidem
2926 1649 3041 1696 ac-

571 1739 900 1818 cedente,
956 1739 1258 1802 Romam
1308 1760 1348 1803 a
1401 1739 1478 1802 P.
1529 1739 1820 1820 Laynez
1875 1742 2138 1804 missus
2184 1750 2314 1804 est.
2366 1739 2776 1821 Adjuvabat
2826 1739 3043 1803 etiam

581 1843 654 1908 P.
689 1845 1106 1910 Emmanuel
1151 1847 1500 1926 hospitale
1543 1848 1902 1928 quoddam
1944 1849 2347 1928 mulierum,
2395 1849 2465 1911 in
2514 1866 2651 1928 quo
2679 1848 3046 1928 virginum

581 1954 1104 2017 monasterium·
1134 1954 1662 2032 instituebatur,
1705 1972 1871 2018 nam
1916 1956 2367 2034 septuaginta
2413 1955 2653 2018 divino
2705 1955 2924 2018 cultui
2966 1971 3045 2016 se

575 2061 1118 2140 dedicaverunt;
1151 2073 1227 2124 ut
1258 2079 1418 2125 cum
1446 2073 1594 2124 tam
1623 2063 1784 2125 illae
1815 2062 2211 2125 monachae
2240 2079 2453 2142 quam
2484 2070 2940 2141 aegrotantes
2971 2071 3045 2124 et

575 2170 1050 2232 inservientes
1073 2169 1164 2232 ad
1193 2178 1587 2232 tercentum
1609 2170 2086 2248 pervenirent,
2122 2168 2307 2249 apud
2337 2186 2459 2232 eas
2488 2168 2564 2232 Ρ.
2601 2169 3039 2245 Emmanuel,

577 2289 738 2356 post
782 2277 1214 2339 christianae
1259 2276 1626 2340 doctrinae
1676 2277 2257 2356 explicationem,
2312 2275 2880 2338 exhortationem
2925 2275 3043 2338 ad·

577 2383 884 2446 hibebat.
933 2382 1112 2446 Cum
1141 2382 1514 2446 accederet
1543 2381 1852 2462 Augusti
1882 2381 2073 2460 finiS,
2116 2382 2433 2463 deputati
2462 2383 2552 2445 ad
2583 2383 2865 2462 collegii
2892 2382 3043 2446 fun-

575 2491 935 2553 dationem
973 2489 1274 2552 Romam
1316 2488 1546 2552 denuo
1574 2489 2044 2569 scripserunt,
2090 2498 2159 2552 et
2198 2499 2275 2552 ut
2312 2507 2476 2553 cum
2512 2506 2703 2552 novo
2743 2490 3047 2568 collegio

577 2597 652 2660 P.
689 2599 980 2678 Laynez
1017 2598 1494 2660 remitteretur
1535 2597 1920 2676 urgebant,
1962 2597 2151 2676 quod
2193 2596 2270 2660 P.
2318 2597 2635 2676 Ignatius
2665 2597 2945 2659 curavit
2973 2606 3045 2659 et

575 2707 728 2786 ipse
759 2705 835 2769 P.
866 2705 1156 2784 Laynez
1185 2722 1228 2766 a
1269 2704 1575 2767 Ducissa
1603 2703 1626 2734 ¹¹
1656 2704 2087 2785 impetravit.
2228 2692 2236 2698 ’

699 2813 801 2875 57.
889 2812 1189 2890 Eorum,
1251 2811 1370 2891 qui
1427 2811 1558 2873 sub
1613 2809 1824 2874 finem
1892 2809 2324 2891 Septembris
2379 2811 2603 2874 Roma
2668 2811 2759 2874 ad
2819 2809 3045 2874 Collc-

577 2921 776 2998 gium
833 2918 1208 2982 Genuense
1265 2917 1745 2981 inchoandum
1794 2918 1992 2980 missi
2039 2917 2360 2996 fuerunt,
2413 2928 2627 2998 caput
2681 2917 3047 2981 institutus

577 3026 708 3090 fuit
737 3025 813 3089 P.
849 3025 1204 3089 Antonius
1235 3023 1649 3101 Soldevilla;
1682 3025 1809 3087 sed
1839 3024 2091 3087 adesse
2122 3024 2454 3104 debebat,
2488 3035 2556 3087 et
2584 3025 2846 3088 ibidem
2875 3027 3041 3088 resi·

577 3133 778 3212 dere,
815 3129 890 3196 P.
923 3132 1249 3212 Baptista
1278 3131 1522 3208 Viola,
1569 3131 1690 3212 qui
1721 3131 1851 3193 sub
1881 3131 2093 3193 finem
2122 3131 2290 3194 anni
2318 3133 2685 3212 praeteriti
2714 3150 2757 3194 a
2786 3133 3043 3195 labori-

577 3242 712 3303 bus
741 3239 980 3317 officii,
1028 3239 1216 3320 quod
1258 3238 1586 3318 gerebat,
1637 3237 2127 3301 Commissarii
2156 3239 2461 3318 scilicet,
2506 3240 2873 3302 absolutus
2901 3239 3041 3303 sue-

581 3358 726 3426 rat,
778 3358 855 3409 ut
907 3346 1297 3409 valetudini
1338 3344 1642 3408 afflictae
1685 3343 2213 3424 recuperandae
2260 3355 2589 3425 vacaret3
2642 3355 2711 3408 et
2762 3363 2923 3409 cum
2974 3346 3047 3409 ei

578 3456 944 3518 videretur
973 3452 1062 3515 ad
1093 3452 1403 3516 ethicam
1426 3453 1538 3514 vel
1561 3451 1989 3531 phthisicam
2012 3468 2427 3531 propensuS,
2455 3461 2523 3515 et
2546 3455 2841 3516 molesta
2864 3454 3045 3516 tussi

579 3571 1002 3639 vexaretur,
1053 3560 1145 3623 ad
1192 3559 1514 3623 nativum
1564 3567 1804 3622 aerem
1851 3576 2014 3621 cum
2063 3560 2259 3622 socio
2302 3558 2739 3639 Hieronymo
2784 3559 3038 3623 Galva-

579 3765 790 3811 Sentit&
809 3767 862 3810 in
881 3766 1032 3820 quen·
1054 3763 1208 3808 [sola.
1229 3763 1392 3808 Passo
1412 3764 1463 3807 di
1483 3770 1667 3817 questa
1691 3763 1804 3807 vita
1823 3763 1917 3807 alli
1935 3763 1963 3805 3
1984 3764 2065 3806 del
2086 3771 2327 3818 presente
2342 3796 2353 3815 ,
2376 3763 2641 3809 lasciando
2659 3765 2857 3819 grande
2878 3766 3036 3810 odore

583 3845 636 3882 et
659 3837 982 3881 edificatione
1007 3842 1153 3880 tanto
1173 3836 1310 3878 della
1331 3835 1444 3878 vita
1465 3840 1658 3889 quanto
1682 3835 1819 3878 della
1839 3841 2007 3878 morte
2027 3846 2139 3878 sua.
2162 3834 2330 3880 Stette
2352 3835 2387 3879 li
2412 3836 2738 3890 venticinque
2768 3835 2939 3891 giorni
2972 3837 3045 3880 ul-

581 3909 690 3954 timi
713 3919 866 3952 senza
883 3908 1124 3962 maugier
1145 3907 1290 3962 quasi
1313 3907 1425 3950 cibo
1447 3908 1646 3951 alcano.
1677 3907 1746 3950 Et
1778 3908 1973 3951 benche
1998 3908 2222 3952 teniamo
2242 3915 2387 3952 certo
2411 3909 2505 3952 che
2527 3914 2613 3952 sta
2642 3910 2693 3952 in
2727 3910 2839 3952 loco
2877 3907 2928 3952 dl
2959 3920 3045 3963 po-

579 3989 663 4025 ter
681 3981 1004 4025 intercedere
1021 3990 1114 4033 per
1133 3979 1236 4034 nol,
1253 3981 1300 4022 le
1321 3977 1406 4022 Rs
1443 3978 1533 4021 Vs
1568 3990 1665 4034 pur
1686 3978 1921 4023 facciano
1943 3979 1979 4023 il
2000 3980 2172 4024 debito
2192 3980 2331 4024 della
2346 3981 2569 4024 charita.
2588 3981 2632 4023 11
2646 3991 2737 4024 suo
2755 3990 3045 4035 compagno

579 4052 732 4096 Mtro.
753 4051 988 4096 Manuele
1009 4062 1230 4102 ‚ancora
1249 4055 1276 4094 e
1298 4057 1439 4094 stato
1461 4052 1599 4094 assai
1622 4051 1791 4095 vicino
1814 4053 1923 4095 alla
1939 4059 2107 4094 morte
2128 4083 2138 4101 .
2156 4062 2241 4095 ma
2262 4052 2349 4104 gia
2370 4059 2454 4096 sta
2488 4053 2677 4106 meglio
2707 4059 2757 4096 et
2790 4051 3043 4096 comincia

577 4137 612 4168 a
633 4124 926 4178 predicare3
949 4135 1046 4177 pur
1064 4121 1254 4166 Nostro
1286 4120 1455 4165 Padre
1486 4121 1523 4164 li
1553 4121 1621 4164 ha
1655 4123 1895 4166 ordinato
1926 4134 2096 4176 venga
2118 4123 2169 4166 in
2200 4123 2417 4168 Genova
2454 4122 2595 4172 (Sine
2630 4124 2737 4178 die,
2778 4123 2868 4166 sed
2898 4133 3041 4168 certo

581 4197 766 4239 ultima
787 4193 1000 4246 Martii).

661 4266 846 4310 Fusius
867 4267 1029 4310 multo
1051 4277 1206 4320 quam
1226 4265 1481 4310 Polaticus
1503 4266 1649 4319 haec,
1672 4277 1804 4320 quae
1825 4265 2040 4310 Patrem
2059 4264 2280 4311 Laudini
2301 4273 2543 4322 spectant
2558 4300 2569 4321 ,
2590 4273 2804 4311 enarrat
2820 4265 3043 4320 Bartoli,

583 4337 722 4382 Dell'
742 4341 934 4381 istoria
955 4337 1100 4381 della
1125 4337 1450 4391 compagum
1471 4339 1530 4381 ai
1544 4338 1696 4393 Jesa,
1713 4337 1794 4380 De
1810 4339 1846 4380 1²
1867 4338 2054 4390 Italia,
2069 4345 2219 4392 parte
2238 4339 2421 4392 prima,
2437 4341 2530 4384 lib.
2552 4351 2625 4394 111,
2647 4351 2709 4383 ea
2724 4342 2880 4383 rebus
2900 4351 3045 4385 exor-

579 4421 728 4462 nans,
750 4421 876 4463 quas
897 4410 1050 4453 facile
1081 4409 1296 4463 quisque
1331 4409 1559 4463 reperIct
1598 4411 1648 4454 in
1683 4410 1946 4453 historicis
1983 4410 2181 4454 insulae
2218 4410 2460 4455 Corsicae
2500 4419 2550 4455 ct
2586 4413 2903 4466 reipublicae
2945 4413 3043 4457 Ge-

577 4481 786 4523 nuensie
805 4487 858 4524 et
880 4481 928 4524 ln
947 4481 1294 4524 monumentls
1313 4493 1404 4534 per
1425 4493 1518 4524 nos
1539 4481 1586 4524 in
1611 4481 1762 4536 huj'us
1783 4483 2060 4526 voluminis
2081 4483 2381 4537 Appendice
2402 4484 2627 4527 edendis.

661 4553 675 4584 ¹
737 4553 906 4596 “d’une
929 4554 1020 4596 des
1041 4555 1156 4606 plus
1187 4554 1366 4597 nobles
1401 4554 1624 4598 familie*
1645 4555 1705 4597 dc
1743 4553 2038 4607 Florence.„
2060 4555 2352 4608 Datamen,
2376 4555 2847 4600 L’dtabtissement
2881 4558 2947 4600 de
2982 4559 3041 4601 1oe

580 4621 902 4679 Compagnie
922 4625 988 4667 de
1007 4623 1173 4679 Iesus
1192 4625 1330 4667 dans
1353 4624 1432 4668 les
1454 4625 1756 4680 Pays-BaS,
1775 4625 1817 4679 §-
1841 4637 1877 4668 ll
1898 4659 1908 4680 ,
1930 4637 2049 4681 pag.
2086 4627 2151 4670 17.
2186 4627 2504 4672 Memlnimus
2538 4634 2713 4671 tamen
2745 4627 2935 4672 alicubi
2974 4631 3022 4670 le

577 4695 718 4750 gisse
739 4696 872 4739 hunc
894 4695 1204 4739 Ghiraldum
1223 4696 1380 4738 fuisse
1401 4696 1689 4752 hispanum.

661 4766 686 4798 ¹
741 4766 1057 4812 Florentiae.
