3742 5392
732 458 841 517 208
1649 460 1906 520 Canon.
1949 460 2102 520 Soc.
2141 464 2282 536 Jas.

730 606 957 669 salute
989 606 1269 671 animae
1298 617 1367 671 et
1395 609 1717 688 corporis
1743 625 1993 672 eorum
2025 610 2232 673 valde
2261 596 2677 687 elaboravit,
2711 628 2842 674 nec
2873 612 3026 675 sine
3053 611 3196 677 sru-

728 724 848 777 ctu
875 714 949 777 in
978 725 1279 796 utraque
1318 727 1555 795 parte,
1588 734 1756 780 nam
1798 734 1926 797 per
1965 716 2496 781 exhortationes
2527 728 2650 781 aut
2692 719 3074 783 conciones
3103 720 3198 783 ad

727 822 1236 901 poenitentiam
1274 832 1343 886 et
1384 834 1910 888 sacramentum
1955 822 2422 888 confessionis
2460 826 2769 899 adducti,
2806 843 2850 888 a
2887 826 3196 890 vinculis

724 938 1184 1010 peccatorum
1214 929 1493 994 liberati
1531 930 1847 995 fuerunt:
1881 932 2169 1009 deinde,
2203 931 2450 996 eodem
2480 932 2962 997 intercedente
3007 934 3194 1015 apud

726 1055 872 1117 eos,
895 1036 1149 1118 quibus
1174 1037 1461 1100 obnoxii
1484 1048 1711 1117 erant,
1740 1056 1825 1102 ac
1847 1040 2134 1103 veniam
2155 1040 2600 1120 impetrante,
2629 1056 2669 1101 a
2697 1042 3020 1121 corporis
3042 1057 3198 1104 car-

729 1161 891 1207 cere
922 1144 1163 1224 aliquii
1193 1162 1283 1207 ex
1313 1144 1417 1207 eis
1446 1144 1725 1208 liberati
1754 1156 1944 1211 sunt.

846 1249 989 1315 461.
1077 1250 1187 1315 Ex
1233 1250 1571 1315 fratribus
1621 1252 1838 1333 aliqui
1887 1270 2030 1317 non
2079 1255 2306 1317 solum
2357 1254 2740 1334 hospitale,
2795 1253 2923 1317 sed
2977 1254 3192 1317 etiam

725 1358 1051 1421 triremes
1078 1357 1681 1438 ingrediebantur,
1716 1371 1928 1439 atque
1957 1359 2213 1424 ibidem
2245 1361 2502 1423 multos
2541 1370 2609 1424 et
2639 1361 2730 1424 ad
2773 1360 3190 1441 patientiam

727 1472 795 1527 et
827 1464 918 1527 ad
948 1464 1139 1527 vitae
1169 1466 1736 1530 emendationem
1767 1467 2179 1531 animabant
2209 1477 2278 1531 et
2309 1467 2774 1531 instruebant:
2811 1484 2954 1529 non
2975 1469 3188 1547 pauci

728 1580 965 1635 autem
994 1590 1037 1634 a
1064 1572 1681 1652 superstitionibus
1711 1584 1779 1638 et
1812 1574 1971 1637 aliis
2000 1574 2300 1655 publicis
2331 1574 2650 1656 peccatis
2672 1584 2742 1638 et
2763 1574 2960 1638 vitiis
2982 1574 3194 1638 absti-

726 1678 1011 1758 nebant,
1039 1678 1499 1743 constitutam
1522 1698 1564 1743 a
1584 1678 1928 1760 Pro-rege
1952 1697 2254 1761 poenam
2277 1680 2626 1759 timentes,
2655 1682 2775 1762 qui
2807 1682 2900 1745 ad
2928 1681 3188 1761 omnia,

726 1802 908 1865 quae
938 1785 1051 1867 pie
1094 1785 1666 1865 suggerebantur
1696 1788 1788 1851 ad
1816 1788 2184 1867 spirituale
2213 1787 2444 1867 Regni
2472 1787 2758 1865 bonum,
2793 1806 2938 1851 non
2963 1791 3194 1853 solum

724 1902 974 1971 gratas
1004 1892 1129 1956 sed
1156 1901 1225 1956 et
1254 1893 1508 1956 avidas
1538 1910 1749 1957 aures
1778 1894 2188 1973 praebebat.

842 1998 984 2061 462.
1073 1997 1250 2062 Cum
1278 2000 1571 2079 triginta
1601 2001 1804 2080 pueri
1832 2000 2134 2081 orphani
2177 2000 2512 2065 Panormi
2550 2000 2622 2064 in
2654 2002 2978 2081 angustis
3008 2001 3194 2065 aedi-

725 2106 857 2169 bus
886 2105 1320 2184 habitarent,
1355 2107 1543 2186 apud
1572 2104 1645 2171 S.
1677 2108 2061 2190 Jacobum,
2105 2119 2431 2172 curatum
2461 2119 2567 2172 est
2599 2126 2640 2171 a
2669 2110 2934 2172 nostris
2976 2119 3052 2172 ut
3079 2126 3194 2171 eo-

726 2212 889 2276 dem
917 2213 989 2275 in
1032 2214 1189 2275 loco
1228 2214 1529 2293 amplior
1564 2214 1817 2278 domus
1846 2226 1916 2278 et
1965 2214 2402 2278 commodior
2446 2214 2975 2292 aedificaretur,
3009 2232 3192 2296 quae

725 2320 1240 2401 quinquaginta
1270 2321 1512 2385 statim
1541 2338 1796 2401 capere
1827 2331 1897 2385 et
1937 2322 2025 2385 ad
2063 2332 2345 2385 centum
2386 2338 2461 2385 se
2493 2322 2877 2387 extendere
2920 2334 3194 2403 posset·,

724 2426 1144 2491 habitationi
1167 2428 1380 2491 etiam
1410 2428 1621 2491 vinea
1643 2426 1979 2507 adjuncta
2012 2439 2144 2507 est,
2171 2446 2356 2509 quae
2385 2428 2728 2493 ducentos
2749 2440 2821 2492 et
2849 2432 3194 2510 quinqua-

723 2533 925 2612 ginta
976 2550 1233 2597 aureos
1275 2536 1494 2598 annui
1531 2535 1797 2599 reditus
1835 2536 2103 2599 eisdem
2153 2535 2677 2616 suppeditaret;
2727 2544 3034 2617 quatuor
3073 2554 3191 2600 au·

723 2650 865 2703 tem
896 2640 1307 2705 sacerdotes
1336 2641 1679 2705 honestae
1708 2643 1903 2705 vitae
1934 2643 2173 2722 pueris
2203 2643 2544 2723 praefecti
2569 2653 2755 2719 sunt,
2791 2643 2911 2722 qui
2932 2654 3000 2706 et
3031 2644 3196 2707 illos

724 2747 1061 2811 docerent
1090 2758 1159 2810 et
1190 2748 1620 2811 instruerent
1648 2760 1715 2811 et
1746 2750 1817 2812 in
1847 2750 2077 2813 officio
2109 2751 2518 2813 retinerent.

841 2852 981 2917 463.
1068 2854 1205 2918 Hic
1233 2856 1471 2931 etiam,
1507 2856 2099 2936 quemadmodum
2129 2869 2198 2920 et
2227 2856 2620 2934 Messanae,
2649 2858 2992 2921 dederunt
3024 2875 3188 2937 ope-

721 2977 877 3024 ram
906 2962 1133 3025 nostri
1173 2971 1248 3024 ut
1288 2961 1536 3026 domus
1565 2962 1638 3025 in
1678 2980 1926 3026 earum
1953 2960 2426 3027 foeminarum
2467 2964 2962 3043 probationem
2997 2964 3192 3027 insti—

722 3078 1060 3147 tueretur,
1116 3069 1208 3132 ad
1245 3086 1457 3148 quam
1508 3086 1585 3132 se
1624 3087 1715 3133 ex
1752 3070 1944 3150 turpi
1981 3070 2173 3133 vitae
2210 3086 2474 3150 genere
2503 3070 2822 3150 recipere
2874 3082 3192 3151 possent,

723 3191 1025 3254 quarum
1057 3174 1275 3239 corda
1304 3175 1498 3239 Deus
1528 3176 1910 3257 tetigisset,
1943 3178 2271 3257 quamvis
2300 3176 2618 3240 nondum
2649 3194 2734 3239 eo
2777 3194 3001 3258 usque
3031 3195 3186 3257 pro-

720 3280 1055 3345 fecissent
1106 3292 1179 3345 ut
1228 3299 1741 3346 conversarum
1790 3284 2304 3347 monasterium
2353 3282 2633 3363 ingredi
2683 3284 2980 3360 vellent,
3033 3300 3194 3363 pro·

720 3399 967 3468 pterea
1017 3388 1206 3470 quod
1256 3386 1589 3471 [praeter]
1642 3389 2047 3472 hujusmodi
2095 3407 2613 3455 conversarum
2663 3390 2951 3455 domum
3000 3408 3192 3455 nova

719 3495 895 3559 haec
927 3495 1181 3559 domus
1208 3497 1799 3576 constituebatur,
1833 3498 1907 3560 in
1935 3516 2074 3579 qua
2106 3498 2380 3561 tamdiu
2408 3496 2810 3578 hujusmodi
2839 3496 3186 3561 foeminae

719 3603 1145 3683 habitarent,
1179 3603 1344 3667 dum
1375 3604 1462 3667 de
1485 3605 1783 3667 honesta
1808 3606 2047 3684 aliqua
2071 3605 2260 3668 vitae
2286 3605 2559 3667 ratione
2584 3605 3034 3685 suscipienda
3066 3606 3188 3669 ali-

716 3709 882 3789 quid
914 3711 1090 3773 certi
1122 3712 1520 3789 statuerint,
1554 3722 1625 3775 et
1647 3712 1902 3792 quibus
1932 3714 2244 3792 placeret
2267 3712 2541 3791 religi0,
2576 3712 2648 3774 in
2677 3712 3184 3776 monasterium

717 3832 1231 3880 conversarum
1260 3818 1766 3897 reciperentur,
1800 3836 1983 3899 quae
2013 3819 2277 3883 vellent
2308 3818 2596 3895 nubere,
2632 3819 2703 3881 in
2733 3818 3184 3883 matrimonio

718 3924 1263 3986 collocarentur.
1295 3922 1587 3987 Reditus
1619 3940 1855 3988 autem
1887 3943 2028 3988 non
2051 3924 2432 3989 admodum
2466 3941 2768 4001 magnos
2797 3927 3038 3989 statim
3062 3927 3182 3990 ha-

716 4029 1039 4105 buerunt,
1074 4030 1198 4093 sed
1227 4040 1502 4093 tantum
1532 4045 1815 4095 centum
1844 4031 2297 4109 ducatorum3
2331 4031 2456 4094 sed
2497 4043 2641 4095 tam
2672 4033 2971 4095 multum
3013 4035 3190 4097 elee-

718 4152 1180 4217 mosynarum
1207 4120 1432 4201 nostri
1462 4138 1533 4201 in
1576 4154 1821 4201 earum
1864 4138 2206 4202 auxilium
2251 4148 2614 4217 curarunt,
2659 4150 2732 4201 ut
2770 4157 2913 4202 non
2957 4142 3190 4203 solum

716 4241 968 4305 domus
996 4254 1532 4322 sustentaretur,
1567 4244 1691 4307 sed
1716 4245 2195 4325 quadraginta
2219 4243 2618 4324 hujusmodi
2641 4245 3015 4322 foeminae,
3043 4248 3182 4326 pri-

717 4350 850 4413 mis
887 4359 1189 4431 quatuor
1228 4366 1351 4414 aut
1390 4352 1699 4433 quinque
1748 4353 2104 4416 mensibus
2143 4350 2350 4433 hujus
2391 4352 2590 4430 anni,
2633 4370 2794 4416 cum
2840 4353 3187 4417 mediocri

718 4454 879 4519 dote
904 4457 1080 4520 viris
1103 4456 1417 4521 honestis
1443 4458 1744 4523 traditae
1768 4458 1839 4522 in
1863 4460 2394 4522 matrimonium
2418 4458 2725 4536 fuerunt,
2754 4467 2824 4522 et
2847 4472 2994 4523 tam
3014 4462 3185 4524 mul-

716 4573 830 4626 tae
881 4582 971 4627 ex
1020 4564 1123 4627 eis
1173 4578 1571 4628 commotae
1610 4566 1897 4629 fuerunt
1933 4567 2025 4630 ad
2065 4566 2428 4629 meliorem
2477 4566 2770 4629 vivendi
2809 4565 3182 4648 rationem,

714 4671 974 4749 partim
998 4688 1123 4751 per
1145 4673 1547 4749 concioneS,
1574 4690 1755 4753 quae
1780 4673 1850 4735 in
1877 4674 2138 4752 templo
2164 4682 2408 4735 nostro
2433 4672 2897 4753 habebantur,
2931 4674 3190 4755 quibus
