3742 5392
706 473 817 533 ma
1632 471 1891 531 Cimon.
1933 470 2087 533 Soc.
2127 471 2267 544 Jns.

832 618 971 681 449.
1060 616 1139 681 In
1168 616 1387 681 Italae
1404 617 1773 699 oppidum,
1800 633 2085 699 praeter
2105 622 2500 702 spiritualia
2528 620 2794 683 auxilia
2813 664 2829 695 ,
2857 628 3181 683 curatum

710 736 820 789 est
848 736 925 789 ut
954 724 1071 805 qui
1100 724 1373 787 litteras
1408 724 1668 788 latinas
1697 737 1767 789 et
1796 743 2100 807 graecas
2131 728 2520 792 monachos
2545 737 2614 791 et
2642 726 3038 808 oppidanos
3061 726 3182 789 do·

706 842 937 911 ceret,
972 831 1390 896 mitteretur.

832 939 971 1003 450.
1062 938 1626 1004 concionantem
1658 940 2036 1021 quemdam
2069 960 2158 1007 ex
2189 944 2456 1007 nostris
2483 943 2554 1006 in
2579 942 2884 1022 quodam
2917 943 3178 1004 monia·

711 1050 884 1113 lium
932 1047 1396 1123 monasterio,
1430 1048 1503 1111 in
1531 1064 1668 1127 quo
1699 1047 1964 1111 multae
1993 1049 2306 1129 quidem,
2341 1049 2468 1113 sed
2510 1066 2766 1131 parum
2807 1060 3178 1129 pauperta-

708 1157 806 1220 tis
834 1154 1379 1230 observatriceS,
1407 1154 1769 1231 vivebant,
1795 1155 2120 1235 singulae
2143 1157 2406 1221 etenim
2429 1157 2716 1237 privata
2738 1156 2948 1229 bona,
2979 1172 3179 1237 prae·

709 1273 823 1327 ter
860 1262 971 1326 sui
993 1260 1290 1325 instituti
1318 1260 1697 1340 rationem,
1729 1262 2218 1342 possidebant,
2250 1263 2493 1328 divina
2515 1264 2749 1343 gratia
2776 1262 3174 1343 affulgente,

713 1370 807 1435 ad
856 1369 1221 1449 antiquam
1281 1366 1645 1446 religionis
1696 1368 2206 1434 institutionem
2255 1386 2649 1435 conversae
2679 1419 2692 1446 ‚
2751 1386 2893 1433 uno
2944 1370 3178 1433 animo

706 1492 1160 1540 communem
1182 1482 1585 1537 statuerunt
1615 1475 1842 1539 vitam
1875 1476 2134 1556 degere
2152 1526 2167 1555 ,
2203 1478 2392 1557 quod
2417 1494 2503 1540 eo
2525 1475 2815 1556 majoris
2843 1477 3182 1559 momenti

709 1582 929 1647 fuisse
967 1581 1518 1646 existimandum
1558 1590 1701 1659 est,
1750 1598 1888 1662 quo
1931 1582 2278 1647 difficilius
2318 1582 2717 1665 hujusmodi
2759 1583 3024 1647 abusus
3065 1601 3178 1645 ex-

710 1689 878 1771 pelli
902 1689 990 1753 ab
1014 1704 1259 1751 eorum
1281 1687 1538 1751 animis
1561 1698 1816 1768 potest,
1846 1689 1968 1770 qui
1988 1688 2108 1753 diu
2130 1690 2316 1754 hanc
2333 1689 2626 1754 vivendi
2650 1690 2997 1754 rationem
3020 1706 3180 1753 cum

706 1814 957 1861 errore
979 1794 1431 1875 conjunctam
1460 1804 1862 1874 tenuerunt;
1895 1813 2145 1861 earum
2173 1806 2410 1861 autem
2440 1799 2702 1861 multae
2720 1846 2735 1875 ,
2769 1797 3182 1878 parentibus

712 1920 843 1984 pro
873 1920 1003 1966 suo
1033 1918 1231 1966 more
1262 1903 1778 1978 recusantibuS,
1813 1903 1978 1967 licet
2003 1902 2188 1966 idem
2211 1904 2454 1967 statim
2476 1921 2621 1967 non
2646 1903 2965 1983 fecerint,
2998 1913 3074 1966 ut
3106 1919 3183 1966 se

706 2009 1040 2073 omnibus
1079 2011 1379 2090 privatis
1408 2010 1828 2090 spoliarent,
1873 2010 2111 2074 animo
2160 2020 2402 2074 tamen
2443 2011 2517 2073 in
2556 2027 2718 2073 eam
2757 2011 3180 2075 sententiam

714 2117 923 2181 simul
950 2134 1113 2180 cum
1142 2116 1300 2179 aliis
1334 2126 1825 2197 accesserunt;
1870 2115 2283 2198 aliquando,
2317 2117 2512 2181 nulla
2539 2126 2914 2198 parentum
2945 2119 3014 2182 in
3045 2118 3181 2181 hac

710 2231 914 2303 parte
954 2223 1195 2287 habita
1227 2224 1533 2299 ratione,
1570 2223 1910 2305 quidquid
1939 2224 2277 2305 privatim
2321 2222 2811 2305 possidebant,
2838 2226 3180 2288 concione

711 2339 1038 2410 peracta,
1080 2330 1171 2393 ad
1204 2331 1609 2395 abbatissae
1638 2332 1883 2411 pedeS,
1925 2329 2171 2394 humili
2209 2330 2693 2411 resignatione
2735 2332 3176 2411 provolutae,

710 2447 1223 2517 exposuerunt.

830 2542 975 2607 451.
1062 2542 1535 2607 Consuluerat
1566 2543 1641 2607 P.
1688 2544 2004 2609 Annibal
2043 2544 2228 2609 inter
2259 2546 2398 2609 alia
2428 2545 2504 2609 P.
2546 2545 2901 2625 Ignatium
2927 2562 3022 2609 an
3049 2545 3182 2609 Lu-

706 2652 1052 2715 dovicum
1082 2650 1309 2714 Vives
1339 2659 1409 2714 et
1438 2650 1856 2715 Terentium
1888 2670 1980 2715 ex
2006 2653 2274 2716 nostris
2307 2652 2569 2717 scholis
2597 2654 2953 2733 expellere
2981 2669 3182 2732 opor-

710 2769 929 2838 teret,
974 2774 1139 2822 cum
1181 2757 1462 2821 difficile
1502 2757 1811 2822 inveniri
1850 2768 2094 2839 posset
2134 2758 2344 2823 lectio
2377 2760 2642 2823 latinae
2672 2761 2958 2839 linguae
2987 2758 3178 2822 addi·

716 2865 1023 2929 scendae
1064 2865 1257 2929 utilis
1306 2866 1377 2928 in
1420 2864 1683 2929 scholis
1733 2864 2212 2930 inferioribus:
2267 2868 2618 2931 consuluit
2671 2877 3042 2948 praeterea
3091 2884 3182 2929 an

713 2973 957 3036 liceret
986 2972 1459 3036 scholasticos
1488 2972 1550 3035 si
1581 2990 1725 3035 non
1754 2972 2002 3051 flagris
2032 2972 2354 3052 caedere,
2389 2975 2642 3037 saltem
2671 2974 2743 3037 in
2772 2976 3009 3054 palma
3039 2990 3180 3037 ma-

714 3096 849 3143 nus
878 3089 1270 3158 percutere,
1304 3095 1470 3142 nam
1502 3078 1878 3143 videbatur
1908 3080 1981 3143 id
2011 3080 2178 3144 utile
2207 3080 2446 3160 pueris
2476 3080 2792 3145 futurum
2835 3091 2903 3144 et
2932 3097 3181 3163 paren-

716 3187 905 3249 tibus
942 3203 1185 3249 eorum
1220 3195 1528 3265 gratum.
1580 3183 1717 3249 Sed
1751 3203 2172 3266 responsum
2215 3197 2322 3251 est
2364 3186 2636 3251 Romae
2677 3188 2961 3269 quidem
2996 3188 3184 3250 nolle

715 3294 794 3358 P.
826 3292 1178 3372 Ignatium
1199 3291 1427 3356 dictos
1452 3302 1781 3357 auctores
1802 3293 2146 3373 praelegi,
2173 3302 2241 3357 et
2263 3310 2600 3359 successu
2631 3295 2972 3375 temporis
2995 3310 3178 3357 eam-

715 3400 878 3465 dem
915 3399 1289 3463 lectionem
1326 3399 1484 3461 aliis
1516 3400 1588 3462 in
1616 3400 1937 3479 collegiis
1967 3416 2124 3463 esse
2152 3400 2690 3480 prohibendam,
2735 3401 3049 3465 nondum
3078 3409 3178 3463 ta·

664 3502 671 3509 ’
718 3525 882 3573 men
910 3524 1065 3571 esse
1095 3506 1549 3587 prohibitam,
1584 3505 1708 3569 sed
1739 3505 1908 3570 dum
1931 3507 2049 3570 alii
2080 3508 2289 3571 utiles
2309 3508 2473 3572 libri
2501 3518 2572 3572 et
2595 3526 2637 3571 a
2661 3525 2801 3572 non
2833 3508 3181 3588 suspectis

719 3613 1129 3679 auctoribus
1156 3612 1544 3693 conscripti
1564 3612 2079 3691 invenirentur,
2105 3630 2314 3694 posse
2337 3623 2626 3679 nostros
2653 3615 2726 3678 in
2755 3613 2996 3679 Sicilia
3020 3632 3181 3678 con-

716 3721 939 3785 suetis
976 3720 1174 3784 libris
1210 3719 1343 3795 uti;
1391 3721 1656 3783 nullum
1709 3731 1950 3784 autem
1989 3736 2219 3801 genus
2268 3722 2748 3801 percussionis
2791 3722 3102 3803 permitti
3141 3740 3183 3785 a

720 3826 799 3895 P.
830 3828 1105 3908 Ignatio
1136 3828 1207 3890 in
1245 3825 1491 3890 Italiae
1528 3826 1897 3906 CollegiiS,
1939 3844 2030 3891 ne
2070 3828 2144 3890 in
2173 3828 2410 3909 palma
2453 3827 2736 3910 quidem
2765 3846 3049 3907 manuS,
3097 3846 3182 3891 ac

718 3934 1016 4017 proinde
1044 3942 1122 3997 ut
1150 3949 1275 4014 per
1308 3944 1785 3997 correctorem
1814 3950 2076 4014 pueros
2107 3935 2544 4015 castigarent
2576 3934 2617 3995 ¹.

804 4177 822 4209 ¹
880 4176 1079 4221 Horum
1098 4175 1383 4226 dubiorum,
1406 4182 1457 4217 et
1478 4175 1715 4225 aliorum,
1736 4176 1925 4219 solutio
1947 4175 2238 4220 continetur
2259 4177 2572 4231 longissimis
2593 4177 2785 4221 litteris
2805 4187 2836 4220 a
2857 4176 3098 4231 Polanco,
3121 4188 3188 4221 ex

720 4258 873 4301 com..
894 4247 1033 4293 datis
1064 4247 1207 4291 Patri
1242 4245 1558 4302 Hieronymo
1578 4244 1874 4290 Domenech
1891 4278 1903 4299 ,
1925 4244 2134 4291 Siclliae
2167 4246 2482 4293 Provinciall
2497 4282 2508 4299 .
2535 4250 2553 4292 1
2575 4247 2850 4293 Februarii
2883 4249 3186 4294 mma—Item

720 4319 989 4365 litteris23
1009 4319 1250 4363 Octobris
1279 4318 1504 4371 ejusdem
1536 4318 1655 4361 anni
1690 4318 1755 4361 ad
1790 4317 2002 4363 Patrem
2029 4318 2276 4371 ‚loannem
2307 4318 2600 4374 Baptistam
2634 4319 2920 4373 Tavonum,
2943 4320 3190 4365 Patavini

720 4391 943 4446 collegii
966 4391 1243 4436 Rectorem
