3742 5392
1602 462 1729 521 ΑΝ.
1774 462 1919 523 1554
2905 466 3010 525 189

660 608 800 671 405.
888 608 1063 673 Erat
1084 607 1383 690 Neapoli
1409 608 1762 689 quaedam
1782 616 2116 672 matrona
2143 608 2519 687 honorata,
2549 611 2673 675 sed
2707 628 3000 691 pauper,

535 718 822 780 nomine
850 716 1237 794 Feliciana,
1272 733 1453 797 quae
1484 732 1613 779 sex
1643 724 1765 779 aut
1794 726 2066 795 septem
2095 732 2446 797 pauperes
2471 718 2792 797 virgines
2817 719 3005 782 dorni

531 822 844 887 habebat
874 834 945 886 et
974 822 1418 902 instituebat,
1462 830 1533 885 et
1560 822 1709 886 sere
1749 840 1840 885 ex
1868 824 2342 905 eleemosynis
2373 842 2620 889 omnes
2659 836 3004 890 sustenta·

536 932 825 1009 bantur;
872 930 1176 994 ducebat
1222 938 1461 994 autem
1498 947 1623 993 eas
1661 929 1750 992 ad
1794 932 2136 1010 templum
2175 940 2498 995 nostrum
2536 930 3008 996 confessionis

529 1038 773 1117 gratia
802 1036 1101 1117 singulis
1127 1036 1611 1100 hebdomadis,
1647 1035 1827 1100 Cum
1856 1045 2094 1099 autem
2121 1034 2365 1100 Nostri
2395 1055 2438 1101 a
2468 1040 2902 1103 conductitia
2933 1042 3008 1104 in

536 1144 900 1225 propriam
931 1144 1218 1207 domurn
1247 1144 1663 1223 migrarent,
1697 1143 1924 1206 voluit
1957 1153 2025 1207 et
2052 1144 2212 1223 ipsa
2243 1161 2404 1207 cum
2435 1145 2582 1208 suis
2609 1146 3006 1226 virginibus

535 1250 610 1313 in
640 1251 852 1314 aliam
882 1250 1191 1329 domum,
1226 1266 1369 1313 non
1397 1250 1649 1330 procul
1691 1268 1731 1313 a
1777 1249 2078 1329 collegio
2122 1249 2538 1329 distantem,
2573 1253 2788 1316 immo
2829 1255 3006 1317 satis

536 1358 881 1435 vicinam,
914 1358 1263 1436 migrare3
1304 1366 1373 1420 et
1404 1357 1730 1437 quamvis
1771 1356 2140 1421 admonita
2183 1356 2419 1421 fuerat
2461 1376 2594 1421 nec
2633 1360 2854 1439 ipsius
2886 1362 3002 1424 ho-

534 1466 695 1529 nori
715 1482 848 1529 nec
870 1466 1085 1528 etiam
1116 1464 1399 1542 collegii
1421 1464 1805 1528 convenire
1835 1464 2010 1527 utin
2042 1474 2434 1544 conspectu
2469 1466 2690 1545 ipsius
2714 1469 3004 1546 collegii

534 1572 824 1636 domum
852 1572 1007 1652 ipsa
1038 1571 1490 1651 conduceret,
1527 1570 1982 1635 nihilominus
2015 1572 2108 1635 ad
2135 1572 2522 1636 triennium
2552 1591 2814 1637 novam
2846 1575 3003 1656 ipsa

532 1680 820 1743 domum
852 1680 1212 1743 conduxit.
1247 1678 1425 1743 Cum
1456 1688 1695 1742 autem
1725 1678 1800 1742 P.
1850 1677 2223 1743 Salmeron
2253 1679 2717 1745 intellexisset
2745 1700 2836 1745 ex
2876 1700 2998 1745 no-

530 1788 701 1851 stris
729 1787 1061 1850 fenestris
1090 1785 1240 1866 eJus
1270 1787 1523 1850 domus
1555 1786 1902 1851 fenestras
1931 1786 2162 1850 videri
2193 1804 2402 1868 posse
2433 1806 2520 1852 ac
2549 1806 2588 1851 e
2619 1798 2891 1869 contra,
2929 1802 3000 1853 et

533 1895 605 1956 in
634 1912 827 1957 nova
858 1893 1121 1957 vicinia
1151 1893 1427 1973 aliquos
1457 1910 1613 1956 esse
1656 1910 1910 1973 parum
1941 1893 2118 1956 bene
2151 1892 2447 1958 affectos
2476 1895 2548 1957 in
2577 1894 2999 1974 Collegium,

533 2001 607 2063 hi
638 2002 910 2065 scilicet
947 2002 1067 2081 qui
1097 2000 1383 2064 domum
1424 2000 1704 2064 auferre
1742 2001 2010 2063 nostris
2037 2000 2478 2075 nitebantur,
2525 2020 2642 2066 res
2671 2004 2740 2067 ei
2769 2004 3002 2085 displi-

532 2108 711 2185 cuit;
748 2125 952 2186 nam,
981 2106 1183 2187 juxta
1213 2106 1289 2171 P.
1322 2107 1583 2187 Ignatii
1608 2108 2032 2171 sententiam
2061 2156 2074 2185 ,
2119 2126 2208 2171 ex
2235 2107 2718 2173 familiaritate
2764 2110 2998 2192 hujus-

531 2215 723 2279 modi
752 2215 1327 2278 muliercularum
1349 2215 1566 2278 etiam
1586 2214 1960 2294 spirituali,
1989 2214 2116 2278 vix
2139 2214 2328 2278 aliud
2355 2217 2630 2279 lucrum
2659 2218 3003 2281 accedere

530 2325 714 2385 solet
742 2339 957 2403 quam
988 2323 1217 2385 malus
1247 2322 1423 2385 odor
1450 2320 1685 2385 famae
1714 2331 1786 2384 et
1816 2321 2018 2384 labor
2049 2322 2348 2385 curandi
2377 2322 2641 2387 eisdem
2671 2340 3000 2389 necessa-

532 2430 644 2494 ria
684 2429 775 2492 ad
825 2430 1115 2493 victum.
1171 2428 1521 2493 Intellexit
1572 2427 1788 2492 etiam
1838 2428 1927 2491 ab
1966 2427 2049 2493 N.
2112 2426 2128 2459 ¹
2171 2428 2630 2494 Confessario
2668 2432 3002 2510 quodam-

532 2536 746 2599 modo
784 2536 915 2599 sub
946 2536 1346 2599 obedientia
1384 2553 1507 2599 eas
1539 2535 1808 2613 haberi,
1855 2536 1976 2615 qui
2007 2536 2408 2614 aliquand0,
2444 2538 2530 2599 de
2558 2538 2770 2601 rebus
2799 2539 3000 2618 spiri-

532 2643 840 2706 tualibus
858 2654 1169 2722 acturuS,
1198 2643 1289 2706 ad
1314 2660 1557 2707 earum
1583 2643 1869 2706 domum
1895 2662 1972 2706 se
1990 2642 2426 2722 conferebat;
2453 2645 2577 2707 sed
2599 2645 2810 2709 amici
2829 2664 3000 2709 non-

532 2749 702 2813 nulli
732 2748 1133 2814 referebant
1160 2768 1305 2814 non
1334 2750 1487 2813 sine
1517 2751 1859 2813 scandalo
1889 2750 1962 2813 id
1993 2749 2166 2813 fieri.

652 2854 791 2919 406.
880 2855 1270 2921 Admonuit
1300 2874 1473 2937 ergo
1501 2855 1560 2919 F
1564 2856 1942 2919 elicianam
1971 2855 2047 2918 P.
2075 2855 2446 2921 Salmeron
2477 2868 2858 2939 antequam
2880 2876 3002 2923 no-

532 2965 663 3026 stri
690 2964 1104 3045 migrarent,
1132 2973 1208 3027 ut
1232 2964 1351 3027 illa
1373 2982 1461 3027 ne
1484 2965 1557 3027 in
1582 2963 2092 3027 conductitiam
2115 2964 2310 3027 illam
2333 2964 2621 3028 domum
2643 2983 2680 3028 e
2705 2966 3000 3046 regione

531 3081 817 3135 nostrae
847 3088 924 3134 se
953 3070 1329 3148 conferret,
1363 3079 1431 3133 et
1461 3070 1673 3133 aliam
1701 3070 2156 3133 remotiorem
2187 3088 2230 3133 a
2263 3072 2561 3151 collegio
2601 3081 2998 3152 quaereret;

530 3178 719 3256 quod
746 3179 810 3241 si
838 3195 981 3241 non
1010 3176 1298 3255 faceret,
1333 3195 1465 3242 nec
1493 3178 1721 3258 ipsam
1746 3194 1879 3241 nec
1905 3176 2054 3257 eJus
2081 3177 2396 3257 virgines
2417 3178 2510 3241 ad
2539 3178 3004 3243 Sacramenta

533 3284 1008 3348 admittendas
1038 3300 1195 3347 esse
1229 3284 1651 3348 minabatur.
1692 3283 2164 3349 Nihilominus
2200 3283 2259 3347 F
2265 3286 2588 3363 eliciana,
2622 3289 2819 3349 velut
2848 3303 3006 3366 pro·

532 3390 843 3470 phetiam
888 3391 1501 3455 comminatoriam
1543 3392 2156 3473 interpretaretur,
2207 3409 2354 3455 non
2405 3392 2642 3457 omisit
2694 3392 2765 3455 id
2817 3394 3006 3472 quod

532 3498 895 3579 stituerat;
927 3500 1055 3565 sed
1084 3516 1218 3562 nec
1258 3498 1334 3561 P.
1369 3496 1741 3562 Salmeron
1782 3499 2023 3562 omisit
2052 3497 2243 3578 quod
2283 3499 2594 3562 minatus
2621 3498 2889 3578 fuerat,
2935 3511 3006 3563 et

533 3604 755 3667 noluit
777 3622 901 3667 eas
924 3605 1016 3668 ad
1046 3606 1529 3669 confessiones
1556 3606 1629 3668 in
1660 3608 1922 3685 templo
1953 3614 2199 3669 nostro
2227 3605 2527 3686 admitti,
2560 3624 2690 3670 nec
2717 3607 2810 3671 ad
2841 3624 3004 3670 con·

538 3714 1139 3792 communionem,
1173 3714 1501 3794 quamvis
1540 3712 2022 3777 confessarius
2060 3722 2130 3776 et
2161 3714 2280 3777 alii
2309 3732 2451 3777 non
2483 3714 2694 3795 pauci
2725 3732 2854 3795 pro
2885 3716 3006 3778 illa

534 3818 803 3883 familia
831 3820 1348 3884 intercederent
1384 3818 1441 3895 ²;
1486 3838 1655 3883 nam
1696 3830 1984 3901 praeter
2017 3838 2136 3899 ea,
2170 3838 2352 3901 quae
2383 3822 2573 3885 dicta
2605 3832 2800 3901 sunt,
2846 3840 3006 3886 cum

536 3939 749 4006 saepe
786 3936 1197 4007 aegrotaret
1224 3926 1617 4007 Feliciana,
1653 3927 1887 3991 timeri
1925 3936 2206 4007 poterat
2244 3944 2334 3990 ne
2375 3929 2580 4008 lupus
2621 3928 2898 4010 aliquiS,
2935 3930 3005 3993 in

614 4133 631 4165 ί
688 4132 738 4177 Is
757 4142 891 4186 erat,
912 4140 968 4176 ut
987 4144 1051 4176 ex
1072 4133 1210 4177 infra
1228 4134 1458 4179 dicendis
1478 4135 1679 4189 patebit
1694 4167 1705 4185 .
1724 4134 1782 4179 P.
1804 4134 2030 4187 joannes
2053 4130 2368 4176 Franciscns
2391 4132 2637 4176 Araldus.
2657 4131 2786 4188 Ejus
2821 4143 3006 4176 nomen

532 4202 793 4256 sapienter
814 4214 847 4248 a
867 4204 1089 4248 Polanco
1110 4208 1337 4249 celatum
1357 4206 1441 4250 hic
1472 4214 1550 4250 est
1567 4238 1580 4259 ,
1600 4206 1721 4261 qnia
1754 4205 1980 4249 nondum
2001 4236 2012 4257 ,
2033 4204 2154 4247 dnm
2174 4204 2305 4247 haec
2327 4201 2572 4247 Chronica·
2599 4214 2725 4258 pars
2755 4205 3010 4248 exaraba-

530 4280 634 4327 tur,
655 4286 683 4317 e
703 4275 839 4319 vivis
860 4281 1157 4321 excesserat
1174 4277 1421 4331 Araldus,
1442 4276 1597 4331 quiin
1614 4289 1689 4332 re,
1711 4278 1773 4320 de
1795 4287 1898 4331 qua
1918 4274 2004 4319 hic
2026 4280 2106 4319 est
2126 4285 2316 4326 sermo,
2338 4274 2636 4329 imprudens
2657 4276 2830 4329 potius
2851 4286 3006 4331 qnam

530 4356 727 4400 pravus
746 4348 866 4398 fnit,
886 4354 937 4391 et
956 4358 1161 4403 semper
1181 4348 1365 4393 deinde
1386 4348 1435 4393 in
1458 4350 1683 4393 omnium
1701 4348 1960 4393 virtutum
1980 4357 2177 4401 genere
2197 4345 2412 4390 claruit.

608 4417 632 4449 ²
684 4419 985 4464 Intercessit
1015 4418 1240 4473 Joannes
1260 4419 1571 4465 Franciscus
1590 4419 1821 4465 Araldus
1840 4419 2036 4465 litteris
2068 4419 2134 4462 ad
2155 4418 2212 4462 P.
2234 4417 2500 4461 Andrean
2523 4418 2584 4461 de
2617 4416 2814 4462 Oviedo
2850 4419 3004 4473 datis,

532 4500 662 4543 quae
682 4492 749 4535 ad
771 4490 1027 4545 ignatium
1057 4494 1295 4547 perlatae
1316 4500 1453 4536 sunt.
1474 4492 1585 4537 Has
1613 4502 1731 4537 cnm
1756 4492 1972 4547 legisset
1994 4489 2232 4545 Ignatins
2248 4521 2260 4544 ,
2280 4500 2466 4533 severe
2489 4489 2544 4532 P.
2567 4488 2819 4543 Joannem
2841 4488 3007 4534 Fran-

530 4562 721 4607 ciscum
740 4564 991 4608 Araldnm
1006 4564 1255 4619 corripuit
1270 4564 1464 4609 litteris
1478 4565 1544 4609 ad
1560 4575 1674 4608 eum
1689 4575 1783 4618 per
1804 4564 2088 4608 Polancum
2109 4561 2323 4615 scriptis
2345 4560 2396 4604 ¹6
2417 4559 2754 4616 Septembris.
2769 4561 3006 4617 Resipuit

530 4634 669 4679 illico
704 4636 931 4681 Araldus
964 4644 1017 4681 et
1058 4638 1266 4681 veniam
1304 4636 1455 4692 petiit
1491 4642 1545 4681 et
1582 4637 1820 4682 obtinuit.
1852 4635 1986 4681 Vide
2031 4631 2240 4678 Polanci
2277 4630 2342 4676 ad
2383 4642 2499 4675 eum
2539 4633 2744 4677 litteras
2764 4632 2818 4677 28
2857 4632 3008 4678 Octo-

533 4706 641 4750 bris
671 4706 795 4753 1554.
