3742 5392
1631 501 1758 560 Ax.
1809 499 1949 561 1554
2754 548 2762 558 .
2950 504 3025 560 65

543 650 696 714 rius
730 647 926 714 facta
965 659 1099 729 est;
1143 657 1213 713 et
1255 651 1355 714 ita
1404 649 1683 714 firmam
1720 650 1985 714 habere
2022 650 2308 714 domum
2348 657 2417 713 et
2460 650 2838 715 ecclesiam
2884 652 3021 714 hoc

542 755 927 836 collegium
957 757 1212 836 coepit.
1255 755 1550 820 Reditus
1589 756 2057 820 ducentorum
2100 764 2460 820 scutorum
2502 773 2937 838 annuorum,
2982 777 3023 819 a

550 863 754 926 Duce
803 863 1158 943 promissi,
1208 863 1390 927 certi
1432 862 1715 945 quidem
1753 864 2199 927 habebantur
2248 881 2291 926 a
2330 861 2406 926 P.
2458 861 2857 943 Pelletario;
2898 864 3028 928 sed

539 987 698 1034 ⁴non
735 969 834 1034 ita
873 970 1162 1034 omnino
1210 969 1343 1034 fuit
1387 989 1430 1034 a
1473 971 1984 1051 posterioribus
2034 969 2473 1052 experientia
2516 968 2790 1033 edoctis
2833 971 3029 1035 intel·

555 1077 834 1154 lectum,
866 1085 946 1141 ut
973 1093 1103 1140 suo
1129 1078 1289 1141 loco
1317 1076 1708 1156 videbitur;
1735 1086 1805 1142 et
1847 1086 2085 1140 tamen
2116 1092 2338 1158 usque
2370 1077 2463 1140 ad
2491 1078 3030 1157 quatuordecim

553 1201 648 1247 ex
673 1183 939 1247 nostris
969 1183 1150 1248 mitti
1177 1199 1389 1265 posse
1416 1183 1494 1247 P.
1537 1183 1955 1248 Pelletarius
1982 1183 2288 1265 scripsit,
2337 1202 2499 1248 cum
2540 1184 2739 1266 prius
2786 1183 3032 1248 decem

559 1300 682 1353 aut
711 1287 1042 1354 undecim
1071 1301 1348 1355 tantum
1377 1301 1634 1356 essent.
3044 1289 3049 1294 ’

687 1395 823 1460 116.
911 1397 1086 1461 Erat
1111 1397 1186 1460 in
1215 1398 1554 1476 ecclesia,
1589 1406 1971 1478 antequam
2000 1374 2251 1461 nostra
2278 1407 2486 1477 esset,
2521 1398 2699 1461 haec
2741 1414 3033 1462 consue·

557 1503 752 1582 tude,
786 1505 972 1568 sicut
998 1505 1171 1568 etin
1197 1505 1357 1568 aliis
1387 1503 1540 1585 ejus
1569 1504 1786 1584 urbis,
1818 1513 1897 1567 ut
1925 1521 2148 1584 prope
2175 1513 2461 1584 portam
2503 1504 2747 1584 templi
2790 1507 3036 1568 arcula

557 1611 913 1692 quaedam
949 1620 1168 1690 esset,
1199 1611 1320 1675 ubi
1359 1612 1698 1676 candelae
1737 1628 1988 1675 cereae
2025 1611 2328 1691 exiguae
2369 1610 2936 1692 reponebantur,
2969 1621 3039 1676 et

559 1719 684 1799 qui
733 1735 942 1782 mane
981 1719 1359 1783 ecclesiam
1395 1718 1998 1799 ingrediebantur,
2042 1736 2260 1783 unam
2296 1719 2415 1782 vel
2457 1720 2756 1782 aiteram
2794 1735 2887 1782 ex
2927 1720 3039 1783 his
3095 1729 3105 1738 ·

563 1824 881 1890 candelis
909 1825 1365 1906 accipientes,
1398 1827 1710 1907 aliquam
1736 1826 2186 1906 pecuniolam
2215 1834 2292 1889 ut
2331 1825 2638 1906 pretium
2678 1843 2925 1889 earum
2968 1827 3042 1889 in

563 1948 734 1996 arca
757 1933 1214 2013 reponebant.
1255 1931 1636 1996 Consultus
1666 1941 1903 1996 autem
1943 1931 2021 1995 P.
2064 1931 2380 2013 Ignatius
2412 1933 2765 1996 removeri
2802 1932 3041 2013 hujus-

568 2038 761 2103 modi
801 2041 1120 2104 arculam
1163 2058 1255 2104 ex
1306 2039 1610 2103 ecclesia
1643 2039 1887 2120 jussit,
1944 2039 2132 2119 quod
2172 2038 2493 2104 Societas
2537 2049 2785 2104 nostra
2828 2041 3043 2104 talem

571 2147 1156 2210 consuetudinem
1183 2164 1328 2210 non
1369 2146 1649 2210 habeat.

697 2251 832 2316 117.
919 2253 1308 2335 Postquam
1339 2253 1529 2317 hunc
1574 2255 1808 2317 locum
1843 2253 2124 2317 firmum
2155 2254 2402 2318 habuit
2431 2254 2810 2334 collegium
2831 2303 2847 2334 ,
2881 2255 3049 2318 alte-

573 2377 733 2424 rum
755 2360 989 2425 adhuc
1017 2362 1254 2425 locum
1283 2361 1502 2442 priori
1540 2361 1852 2425 vicinum
1892 2360 2059 2426 Dux
2099 2361 2445 2426 Hercules
2487 2360 2829 2426 Societati
2874 2363 3049 2426 dare

571 2467 818 2548 voluit,
853 2469 1041 2549 quod
1079 2467 1324 2533 Sancti
1372 2466 1675 2549 Spiritus
1716 2468 1995 2532 dicitur.
2045 2467 2350 2549 Quidam
2391 2469 2579 2532 enim
2618 2467 3039 2545 confratres,

558 2575 694 2656 -qui
736 2573 860 2639 Sti.
908 2574 1213 2655 Spiritus
1253 2575 1469 2639 etiam
1517 2573 1953 2655 dicebantur,
2008 2575 2082 2639 in
2132 2573 2478 2656 quasdam
2530 2574 2928 2640 discordias
2981 2591 3049 2641 et

572 2681 736 2746 lites
773 2683 1194 2762 inciderunt;
1238 2682 1363 2746 sed
1397 2681 1569 2746 Dux
1613 2682 1903 2747 omnino
1942 2683 2205 2746 nostris
2244 2683 2480 2746 locum
2516 2682 2713 2746 illum
2753 2683 2925 2748 dare
2968 2701 3046 2748 se

578 2791 759 2854 velle
804 2790 1222 2868 affirmabat,
1272 2789 1393 2870 qui
1432 2790 1505 2854 in
1546 2789 1840 2869 pulchro
1889 2789 2271 2853 admodum
2311 2791 2453 2853 situ
2502 2798 2679 2854 erat.
2737 2790 3053 2856 Domuu-

573 2899 778 2961 culas
808 2897 1022 2962 etiam
1059 2897 1457 2961 confratres
1496 2909 1564 2960 et
1615 2897 1987 2978 pulchrum
2033 2898 2271 2976 templi
2309 2896 2827 2977 frontispicium
2868 2898 3052 2962 aedi·

581 3003 1008 3082 ficaverant3
1071 3012 1141 3066 et
1189 3004 1518 3083 quamvis
1572 3004 1909 3084 templum
1966 3019 2307 3083 magnum
2352 3020 2499 3067 non
2557 3014 2748 3084 erat,
2808 3007 3057 3086 augeri

581 3119 862 3193 poterat
899 3118 968 3174 et
1013 3127 1276 3190 magna
1320 3109 1684 3173 hominum
1723 3107 2142 3190 frequentia,
2197 3111 2315 3191 qui
2360 3121 2651 3191 propter
2695 3111 3057 3192 indulgen·

577 3218 738 3297 tiaS,
772 3235 978 3299 quae,
1021 3227 1097 3281 ut
1139 3217 1409 3280 Romae
1437 3217 1509 3279 in
1547 3216 1881 3296 hospitali
1920 3214 2043 3280 Sti.
2080 3215 2383 3297 Spiritus
2412 3219 2485 3282 in
2530 3216 2770 3299 Saxia,
2804 3236 3056 3302 propo·

585 3325 764 3388 sitae
807 3333 1037 3404 erant,
1090 3324 1181 3388 ad
1217 3323 1389 3388 illud
1427 3322 1874 3388 confluebant
1917 3321 1959 3401 ¹3
2001 3332 2071 3387 et
2110 3324 2209 3388 ita
2247 3322 2476 3406 major
2523 3324 2797 3390 fructus
2846 3345 2939 3391 ex
2975 3345 3057 3391 eo

585 3449 940 3496 concursu
995 3431 1438 3512 sperabatur.
1489 3430 1778 3512 Aliquid
1839 3431 2056 3495 etiam
2125 3433 2608 3513 emolumenti,
2660 3434 2913 3498 saltem
2968 3435 3061 3498 ad

585 3539 764 3603 duos
792 3541 910 3603 vel
947 3549 1095 3603 tres
1132 3556 1222 3602 ex
1259 3537 1524 3602 nostris
1567 3531 1882 3618 alendOS,
1926 3537 2087 3601 inde
2125 3539 2507 3621 provenire
2554 3548 2857 3619 poterat.
2914 3531 3056 3605 Pro

669 3746 688 3780 ¹
744 3743 978 3790 “sm-rto
1009 3743 1200 3790 Sim-ro.
1225 3743 1421 3797 Questa
1441 3743 1833 3788 confraternita
1850 3743 2034 3788 soieva
2057 3745 2405 3789 anticamente
2417 3757 2589 3790 essere
2604 3747 2657 3789 la
2669 3746 2953 3790 medecina
2964 3757 3061 3791 eoa

592 3818 763 3872 quella
785 3818 927 3862 della
947 3816 1024 3862 Ca
1042 3817 1094 3862 di
1114 3815 1230 3868 Die.
1249 3816 1398 3860 detta
1418 3815 1632 3869 hoggidi
1662 3815 1715 3858 di
1745 3813 1850 3858 San
1883 3814 2189 3860 cristofaro.
2222 3815 2305 3860 Ma
2334 3827 2427 3871 per
2457 3825 2602 3861 certo
2635 3817 2903 3872 disparere
2934 3824 3061 3863 nate

591 3895 679 3934 tra
699 3891 736 3934 ii
755 3889 994 3934 Contrati
1016 3889 1068 3934 di
1090 3889 1154 3932 iei
1174 3889 1217 3932 si
1238 3887 1405 3932 divise
1425 3886 1586 3941 (1515),
1609 3887 1999 3931 ricoverandoai
2020 3895 2205 3943 questa
2229 3897 2321 3941 per
2341 3887 2491 3932 modo
2510 3888 2561 3933 di
2584 3889 2891 3944 provigione
2916 3890 3058 3935 nella

589 3959 782 4005 Chieea
804 3959 854 4005 di
877 3957 984 4005 San
1003 3958 1243 4004 GiuIiano
1264 3959 1432 4003 vicino
1453 3959 1505 4002 al
1527 3957 1757 4002 Castello
1780 3958 1920 4002 della
1951 3957 2164 4012 Piazza,
2197 3959 2549 4004 chiamandosi
2586 3962 2637 4005 la
2669 3960 3063 4006 Confraternita

591 4031 730 4076 dello
743 4029 942 4086 spirito
964 4031 1142 4082 Santo,
1165 4031 1314 4075 titolo
1334 4035 1474 4074 sotto
1504 4029 1587 4072 del
1618 4029 1768 4083 quale
1801 4029 1970 4073 hebbe
1990 4029 2158 4073 anche
2179 4029 2432 4084 principio
2454 4031 2487 4074 ι’
2516 4031 2695 4080 antica
2714 4030 2765 4076 di
2788 4031 2891 4076 San
2927 4031 3065 4077 Cris·

593 4103 781 4158 tofaro,
803 4102 936 4147 dove
957 4103 1123 4158 prima
1143 4113 1236 4146 era
1254 4102 1607 4156 incorporata,
1628 4100 1665 4145 il
1686 4102 1839 4155 quale
1859 4101 1943 4155 poi
1966 4111 2056 4156 per
2077 4101 2109 4144 l'
2127 4102 2509 4156 aggregatione
2524 4103 2621 4147 che
2638 4103 2750 4148 fece
2770 4105 2879 4150 alia
2898 4103 3065 4150 Vene-

593 4175 760 4220 rabile
783 4174 1202 4219 Archiconi'ratez
1215 4175 1326 4218 nita
1346 4173 1397 4218 di
1417 4172 1579 4217 Santo
1599 4171 1795 4226 Spirito
1816 4173 1865 4217 di
1882 4172 2065 4228 Roma,
2088 4175 2135 4217 le
2155 4184 2323 4217 venne
2346 4175 2757 4230 maggior-mente
2779 4177 3064 4222 conferma·

595 4253 648 4290 to
662 4278 675 4298 ,
691 4246 942 4290 vestendo
959 4248 1014 4291 ia
1033 4245 1215 4300 cappa
1233 4255 1467 4290 azzurra.
1491 4243 1608 4289 Elia
1629 4243 1827 4289 dimoto
1845 4246 1987 4289 nella
2003 4245 2149 4290 detta
2167 4244 2355 4290 chiesa
2374 4246 2425 4290 di
2444 4244 2548 4291 San
2566 4247 2811 4293 Giuiiano
2827 4259 2921 4305 per
2934 4249 3067 4294 dieci

587 4319 716 4364 anni
737 4318 999 4363 continovi
1018 4318 1114 4362 che
1132 4318 1214 4374 poi
1237 4319 1282 4362 si
1303 4317 1557 4362 conduese
1577 4317 1643 4361 ad
1665 4316 1907 4361 habitare
1928 4329 2019 4372 per
2036 4317 2239 4362 istanza
2254 4327 2608 4374 permanente,
2626 4322 2677 4366 in
2692 4333 2799 4366 una
2818 4323 2897 4367 tal
2920 4323 3070 4368 Chie-

597 4396 736 4436 setta
757 4391 905 4436 detta
925 4389 1030 4434 San
1049 4389 1352 4444 Benedetto,
1372 4400 1469 4434 con
1487 4399 1590 4434 uno
1613 4387 1850 4444 Spedale,
1871 4389 1962 4443 gia
1981 4389 2224 4435 edificata
2244 4390 2379 4435 fuori
2409 4391 2549 4436 delia
2570 4391 2715 4437 Citta
2734 4395 2788 4438 in
2809 4405 2940 4449 capo
2960 4395 3068 4440 aila

600 4465 688 4508 via
706 4464 788 4509 del
809 4463 983 4519 Borgo
1003 4463 1080 4507 de·
1099 4461 1277 4518 Leoni,
1299 4463 1467 4517 prima
1486 4462 1774 4506 conceduta
1792 4473 1888 4517 per
1906 4473 2065 4517 opera
2085 4463 2136 4507 di
2158 4463 2428 4509 Bernardo
2451 4464 2691 4510 Vescovo
2713 4465 2763 4510 di
2786 4463 3019 4512 Ferrara
3041 4479 3069 4511 e

591 4536 684 4580 del
699 4535 938 4590 capitolo
953 4535 1092 4580 della
1108 4534 1426 4579 cathedrale
1440 4534 1531 4584 aui
1549 4532 1750 4578 Monaci
1767 4532 2144 4584 Comandoieai.
2159 4546 2254 4580 con
2270 4537 2303 4580 l’
2318 4536 2455 4581 iuter
2462 4543 2616 4582 vento
2632 4538 2715 4582 dei
2738 4537 2915 4582 Priore
2933 4539 3070 4583 dello

604 4607 824 4662 Spedale
845 4607 896 4652 di
919 4606 1024 4652 San
1045 4606 1333 4662 Leonardo,
1355 4607 1408 4650 ai
1429 4606 1583 4661 quale
1601 4607 1655 4650 la
1675 4605 1822 4650 detta
1843 4605 2034 4651 Chieea
2054 4616 2147 4652 era
2176 4615 2439 4664 soggetta,
2474 4619 2571 4653 eon
2604 4609 2756 4664 queil'
2787 4620 2959 4654 annua
2988 4621 3071 4656 re-

601 4680 896 4734 cognitione
917 4681 970 4724 al
991 4678 1306 4731 Veacovato,
1327 4678 1390 4722 ed
1409 4679 1518 4723 alla
1535 4677 1784 4722 sacristia
1803 4677 1943 4723 delia
1964 4678 2282 4725 cathedrale
2304 4680 2403 4724 che
2421 4681 2540 4724 neii’
2570 4681 2911 4726 instromento
2933 4683 3071 4729 dena

597 4751 751 4796 detta
770 4751 1102 4798 concessione
1121 4751 1166 4796 si
1181 4749 1434 4805 contiene,
1450 4755 1640 4804 rogato
1654 4759 1750 4804 per
1764 4748 2049 4795 Nasimben
2064 4751 2223 4804 Brini,
2244 4761 2271 4796 e
2288 4751 2466 4798 Pietro
2483 4752 2721 4797 Pincerni
2742 4765 2774 4798 a
2790 4753 2845 4798 22
2859 4755 2906 4799 d'
2922 4756 3074 4811 Apri·

845 4849 922 4909 Τ.
954 4864 1032 4905 w.
2734 4861 2759 4916 5
