3742 5392
1607 514 1613 522 .
1667 462 1822 521 &Ax-
1857 462 2009 517 ιῙῖ)Γ)-ῑ
2986 462 3097 523 403

745 604 887 683 868.
977 608 1164 679 Inter
1195 608 1470 687 aliquos
1503 627 1638 671 non
1665 608 1946 691 infimae
1976 618 2187 671 notae
2217 608 2537 693 homines
2562 626 2723 675 cum
2746 610 2893 673 suis
2923 628 3092 675 uxo·

631 715 828 787 ribus
844 715 1223 807 concordia
1248 714 1436 777 facta
1468 724 1574 779 est
1603 734 1762 777 cum
1781 717 2088 795 primum
2110 717 2317 778 valde
2340 714 2520 779 inter
2543 735 2619 779 se
2643 716 3087 793 dissiderent;

634 830 704 883 et
739 838 898 897 curn
940 822 1238 906 maritus
1268 822 1476 884 unius
1505 840 1594 885 ex
1625 822 1733 884 his
1765 822 2103 885 uxoribus
2148 823 2341 902 prius
2381 823 2611 885 alieno
2642 833 2829 887 esset
2860 825 3095 887 animo

638 946 680 990 a
721 926 1078 991 Societate
1119 928 1314 1007 (cum
1351 930 1616 992 nostris
1659 928 1809 1009 ejus
1850 947 2033 992 uxor
2074 929 2597 1009 confiteretur),
2642 932 2777 995 hac
2822 932 3095 995 ratione

639 1044 708 1098 et
736 1036 888 1116 ipse
918 1053 960 1098 a
991 1034 1346 1101 Societate
1377 1036 1448 1099 in
1477 1039 1688 1101 rebus
1717 1037 2199 1117 spiritualibus
2222 1034 2460 1116 juvari
2488 1039 2709 1101 voluit
2738 1048 2809 1101 et
2836 1039 3100 1103 nostris

637 1142 978 1207 confiteri.

755 1249 899 1315 869.
989 1250 1284 1321 Amicus
1313 1251 1599 1331 quidam
1631 1270 1790 1315 cum
1823 1253 2249 1331 intelligeret
2292 1262 2573 1315 nostros
2616 1254 2988 1333 penuriam
3026 1254 3102 1315 li-

637 1358 928 1419 brorum
959 1358 1127 1438 pati,
1161 1366 1404 1421 notam
1435 1376 1702 1437 eorum,
1737 1360 1856 1439 qui
1886 1360 2264 1439 opportuni
2295 1378 2450 1423 esse
2479 1370 2831 1440 poterant,
2864 1370 3103 1441 postu-

638 1464 836 1542 lavit,
871 1473 940 1549 et
969 1463 1313 1527 ducentos
1343 1483 1597 1527 aureos
1638 1466 1935 1545 ipsemet
1974 1474 2047 1529 ut
2086 1467 2157 1529 in
2190 1465 2421 1529 Gallia
2456 1478 2857 1529 emerentur
2887 1467 3101 1546 dedit,

640 1581 711 1632 et
744 1572 986 1635 habita
1015 1571 1352 1635 facultate
1384 1590 1424 1633 a
1456 1571 1650 1652 Rege
1683 1572 1873 1651 (nam
1906 1575 2333 1637 Comercium
2355 1585 2643 1655 propter
2666 1575 2849 1637 bella
2872 1575 3105 1655 prohi-

642 1678 864 1743 bitum
893 1679 1073 1757 erat)
1110 1677 1126 1709 ¹
1159 1678 1616 1741 advehendos
1653 1680 1810 1742 illos
1841 1681 2121 1743 curavit
2164 1684 2207 1739 ³.

711 1810 720 1817 ·
764 1785 905 1849 870.
996 1785 1396 1849 Cardinalis
1415 1786 1801 1865 Burgensis
1833 1788 2343 1868 expectabatur
2370 1789 2439 1851 in
2464 1806 2591 1849 sua
2626 1789 2740 1850 illa
2774 1788 3105 1867 dioecesi,

651 1895 766 1973 qui
813 1895 1110 1957 multum
1155 1894 1424 1957 favoris
1476 1895 1947 1973 praestiturus
1998 1905 2242 1957 nostro
2297 1894 2611 1973 Collegio
2658 1895 3107 1973 credebatur,

654 2017 818 2064 nam
851 1998 1002 2079 ejus
1033 2001 1287 2063 fratres
1321 2000 1403 2063 D.
1428 2000 1958 2063 Ferdinandus³
1989 2012 2054 2063 et
2102 2001 2191 2065 D.
2239 2002 2489 2065 Petrus
2520 2003 2605 2065 de
2658 2002 3000 2065 Meiidoza
3040 2012 3113 2065 et

649 2105 858 2185 hujus
884 2124 1089 2184 uxor,
1119 2106 1248 2169 D.a
1275 2107 1624 2170 Alduncia
1661 2108 1700 2183 ⁸,
1737 2126 1920 2187 quae.
1946 2109 2193 2171 crebro
2226 2120 2467 2173 nostro
2492 2110 2563 2171 in
2592 2111 2855 2171 sacello
2883 2108 2973 2171 ad
3004 2128 3109 2173 sa-

655 2221 1018 2277 cramenta
1052 2214 1462 2287 accedebat,
1491 2231 1824 2293 magnam
1857 2216 2141 2277 omnino
2172 2215 2743 2278 benevolentiam
2780 2232 2955 2295 erga
2990 2234 3111 2278 no-

648 2330 838 2383 stros
888 2320 1316 2403 exhibebant
1339 2318 1382 2383 ³.
1418 2320 1596 2384 Cum
1627 2330 1862 2385 autern
1895 2321 2015 2401 qui
2046 2322 2114 2383 in
2146 2322 2598 2402 Aethiopiam
2630 2323 3111 2401 mittebantur,

653 2427 730 2489 P.
763 2426 1094 2491 Andreas
1134 2424 1158 2457 ⁸
1199 2444 1361 2490 cum
1392 2427 1636 2505 sociiS,
1689 2426 1760 2489 17
1807 2426 2234 2489 Novembris
2273 2428 2554 2507 Burgos
2593 2430 3109 2507 pervenissent,

657 2536 952 2598 multum
997 2534 1502 2597 consolationis
1537 2534 1798 2596 nostris
1837 2542 1909 2595 et
1944 2534 2363 2612 quibusdam
2404 2535 2617 2598 etiam
2658 2536 2972 2599 externis
3009 2548 3109 2599 at-

651 2643 984 2705 tulerunt.

770 2748 910 2812 871.
1005 2748 1114 2811 De
1144 2748 1556 2812 fundatione
1588 2748 1886 2827 Collegii
1914 2748 2303 2828 Burgensis
2327 2747 2474 2827 jam
2502 2749 2776 2830 pridem
2808 2751 2927 2829 agi
2956 2769 3111 2813 coe·

656 2868 855 2936 ptum
883 2855 1137 2934 fuerat,
1160 2864 1227 2918 et
1258 2854 1346 2919 D.
1365 2854 1794 2919 Franciscus
1814 2855 1901 2917 de
1924 2856 2273 2933 Miranda,
2300 2856 2545 2919 Abbas
2568 2857 2653 2918 de
2679 2854 2907 2935 SalaS,
2933 2875 3117 2937 quae

658 2964 970 3043 dignitas
1019 2973 1128 3026 est
1185 2963 1274 3047 in¹
1313 2960 1722 3025 Cathedrali
1760 2962 2063 3025 ecclesia
2106 2963 2485 3041 Burgensi,
2537 2964 2707 3026 olim
2766 2964 3118 3043 insignem

655 3089 861 3135 suam
919 3071 1228 3148 domum,
1295 3086 1509 3150 quam
1549 3085 1812 3148 magno
1854 3077 2136 3162 sumptu
2182 3070 2293 3132 vir
2337 3072 2710 3149 opulentus
2753 3088 2843 3133 ex
2900 3073 3115 3134 eccle·

655 3179 964 3242 siasticis
1007 3176 1352 3240 reditibus
1394 3175 1898 3251 fabricaverat,
1926 3185 1995 3238 et
2038 3176 2225 3237 mille
2268 3176 2415 3239 fere
2458 3194 2717 3239 aureos
2740 3177 2973 3240 ‘annui
3014 3195 3120 3239 re-

737 3493 753 3525 ¹
812 3491 952 3535 Vere
986 3485 1348 3535 commercium
1369 3489 1686 3543 prohibitum
1706 3495 1822 3532 erat
1853 3500 2035 3532 earum
2057 3495 2259 3531 tantum
2294 3501 2480 3541 rerum,
2512 3502 2642 3543 quae
2674 3491 2988 3535 bellantibus
3010 3494 3127 3535 uzu?

657 3573 770 3607 esse
788 3568 1050 3619 poterant,
1073 3574 1337 3617 equorum,
1359 3562 1626 3605 mulorum.
1647 3570 1926 3611 armorum,
1950 3559 2112 3603 tritici
2137 3568 2187 3602 et
2210 3560 2468 3603 eimilium:
2484 3560 2688 3604 difficile
2710 3561 2949 3605 tamenin
2965 3565 3126 3605 omni-

657 3638 752 3679 bus
771 3635 1086 3679 reddebatur
1107 3636 1241 3687 lege,
1263 3644 1364 3687 qna
1384 3638 1594 3675 cautum
1617 3638 1732 3675 erat
1755 3643 1816 3674 ne
1839 3630 1954 3685 quis
1974 3632 2083 3673 sine
2110 3630 2267 3685 Regis
2300 3632 2553 3674 facultate
2574 3632 2845 3684 pecuniam
2883 3644 2913 3676 a
2946 3632 3126 3687 Regno

659 3706 981 3759 extraherem
1003 3716 1136 3760 quae
1158 3706 1241 3748 lex
1262 3703 1544 3747 communis
1565 3710 1680 3746 erat
1705 3703 1793 3749 ilio
1817 3709 2049 3754 tempore
2074 3702 2315 3755 Angiiae,
2339 3702 2669 3753 Germaniae,
2693 3702 2899 3753 Italiae,
2922 3704 3101 3747 Lu-ita

659 3780 793 3831 niae,
811 3785 894 3821 etc
920 3810 931 3829 ,
951 3776 1165 3831 praeter
1189 3776 1508 3829 Hispaniam.
1532 3773 1666 3818 Vide
1691 3774 1882 3817 Canas
1902 3774 1969 3816 de
2006 3774 2115 3816 San
2138 3774 2371 3826 lgnacto,
2390 3776 2602 3827 passim,
2624 3776 2929 3829 praesertim
2955 3776 3039 3818 ubi
3061 3776 3125 3818 de

657 3848 1008 3893 subveniendo
1033 3846 1266 3901 Collegio
1287 3847 1518 3891 Romano
1540 3847 1731 3901 agitur,
1753 3852 1806 3889 et
1828 3845 2091 3899 Daxvrm,
2122 3845 2368 3889 Historia
2400 3846 2487 3889 del
2511 3846 2684 3901 podet·
2712 3847 2842 3889 civil
2863 3858 2929 3890 en
2954 3846 3125 3899 Espe-

661 3923 752 3970 ῆη.
772 3928 810 3966 t.
833 3933 890 3965 ιι.

737 3994 760 4024 ²
815 3993 894 4037 De
915 3993 980 4036 iis
1000 3995 1152 4047 plura
1176 3993 1227 4036 in
1248 3990 1396 4035 Nova
1420 3989 1572 4033 Serie
1595 3990 1909 4033 litterarum
1936 3990 2125 4033 Sancti
2148 3989 2370 4043 Ignatii.

737 4066 760 4097 ³
815 4064 888 4117 Is,
907 4064 972 4109 de
1001 4076 1102 4119 quo
1127 4064 1236 4119 jam
1264 4072 1426 4117 supra
1456 4061 1663 4114 saepius
1693 4062 1901 4105 mentio·
1920 4062 2063 4105 facta
2096 4066 2193 4115 est,
2228 4062 2431 4115 quique,
2464 4062 2583 4105 dnm
2604 4062 2717 4111 eius
2750 4061 2935 4113 frater,
2964 4062 3127 4105 Dnm.

663 4138 976 4182 Franciscus
994 4137 1057 4180 de
1077 4136 1324 4181 Mendoaea
1343 4140 1396 4177 et
1419 4134 1707 4183 Bobadilla,
1731 4131 2029 4177 cardinalis
2051 4133 2350 4186 Burgensis,
2372 4144 2403 4176 a
2424 4144 2519 4177 sua
2539 4132 2762 4177 ecclesia
2778 4134 2981 4185 aberat,
3003 4144 3119 4176 eam

661 4208 1036 4265 quodammodo
1057 4208 1293 4261 regebat.
1314 4212 1430 4249 erat
1454 4204 1866 4260 Archidiaconus
1888 4205 2143 4249 ecciesiae
2164 4204 2470 4249 Toletanae.

739 4284 763 4315 ⁴
820 4280 959 4334 „Don
981 4278 1147 4323 Pedro
1169 4279 1230 4321 de
1251 4276 1508 4325 Mendoza.
1532 4274 1889 4319 Comendador
1910 4276 1971 4319 de
1995 4276 2158 4319 Aledo
2178 4288 2213 4331 y
2234 4275 2455 4329 Totana,
2478 4277 2689 4329 capitan
2712 4277 2771 4319 de
2794 4277 3037 4319 hombres
3063 4278 3131 4321 de

662 4364 865 4403 armas,
900 4352 1093 4396 casada
1128 4362 1224 4395 con
1257 4348 1406 4393 Dona
1436 4348 1674 4391 Aidonza
1706 4348 1768 4390 de
1817 4346 2085 4399 castium„
2119 4346 2353 4403 Euneos,
2380 4348 2585 4391 Blason
2618 4348 2687 4397 de
2710 4348 2969 4403 Espafla,
3000 4356 3035 4395 t.
3070 4360 3129 4403 u,

667 4436 788 4479 pag.
815 4424 907 4467 148.
1555 4468 1562 4475 ,

715 4496 766 4543 ,⁵
801 4495 952 4539 .V1de
972 4496 1025 4539 in
1055 4494 1246 4538 Cartas
1269 4494 1336 4537 de
1359 4493 1470 4537 San
1490 4493 1730 4546 Ignacio,
1753 4498 1790 4537 t.
1811 4504 1885 4545 xv,
1917 4502 2037 4545 pag.
2058 4492 2155 4545 341,
2180 4493 2401 4541 litteras.
2421 4503 2551 4546 quas
2588 4491 2853 4537 cardinali
2884 4492 3116 4547 Burgen-

659 4568 720 4620 si,
743 4566 1004 4617 Bruxellis
1033 4567 1084 4609 in
1105 4565 1380 4611 ecelesiam
1399 4576 1546 4609 suam
1566 4563 1940 4618 prosectionem
1960 4563 2182 4617 paranti.
2202 4564 2341 4607 dedit
2364 4562 2601 4618 Ignatius
2624 4564 2673 4608 16
2694 4562 2933 4609 Octobris
2964 4565 3119 4619 hujus

667 4636 790 4688 ‘nni
811 4636 952 4686 'mv
978 4662 986 4683 :
1081 4680 1090 4694 ι
1248 4685 1252 4690 1
1491 4672 1496 4677 ,

747 4706 772 4740 ⁶
825 4708 882 4751 P.
906 4708 1146 4754 Andreas
1167 4709 1228 4752 de
1250 4708 1465 4751 Oviedo.
