3742 5392
699 471 811 529 440
1621 448 1879 539 Cimon.
1918 476 2071 539 Soc.
2111 480 2253 554 JBS.

705 614 877 681 Sedi
927 618 1386 699 Apostolicae
1435 630 1586 686 tam
1623 622 1716 687 sit
1759 624 2117 705 obedienS,
2178 625 2382 691 brevi
2430 644 2589 691 eam
2637 628 3181 708 conquieturam

707 724 936 789 nostri
965 726 1371 806 sperabant.
1403 726 1480 793 P.
1515 728 1758 793 Araoz
1783 729 2135 795 Nuncium
2169 732 2664 813 Apostolicum
2699 732 2716 764 ¹
2746 736 2991 799 statim
3030 736 3180 800 adi-

708 832 834 909 vit,
867 842 938 895 et
968 848 1172 897 suam
1204 850 1488 899 omnem
1517 852 1810 917 operam
1841 848 1912 901 et
1952 839 2171 905 totius
2208 838 2587 903 Societatis
2629 840 2944 905 officiose
2984 843 3178 907 obtu-

708 940 789 1003 lit
821 942 1226 1020 (postquam
1253 942 1320 1005 ei
1350 942 1708 1022 quomodo
1731 961 1810 1009 se
1829 960 1951 1008 res
1970 945 2269 1011 haberet
2291 948 2786 1027 exposuisset),
2812 948 2873 1013 si
2895 949 3063 1029 quid
3084 949 3177 1013 ad

707 1044 914 1110 Sedis
941 1046 1403 1128 Apostolicae
1434 1049 1851 1131 obsequium
1902 1069 1943 1114 a
1985 1052 2251 1116 nostris
2289 1052 2561 1117 factum
2599 1055 2834 1134 vellet,
2878 1066 2950 1120 et
2988 1054 3183 1122 Nun-

709 1153 864 1217 cius
891 1153 1136 1233 magni
1166 1153 1334 1218 fecit
1364 1156 1588 1220 animi
1616 1158 2251 1238 promptitudinem
2281 1170 2349 1223 et
2381 1159 2689 1223 officium
2716 1161 2903 1242 quod
2936 1162 3179 1227 offere·

707 1259 952 1338 batur;
985 1277 1266 1340 semper
1297 1272 1536 1325 autem
1566 1260 2055 1328 Gubernatrix
2084 1264 2363 1347 Joanna
2396 1266 2485 1329 ad
2510 1265 2783 1331 Summi
2811 1267 3184 1334 Pontificis

707 1366 1187 1430 obedientiam
1216 1368 1652 1448 perlibenter
1677 1386 1756 1433 se
1783 1369 2244 1436 submittebat
2273 1370 2321 1431 ².
2360 1371 2856 1438 Admonuerat
2894 1375 3181 1455 quidem

707 1658 772 1690 no
803 1648 1064 1702 pequenos
1097 1648 1417 1703 obstaculos,
1453 1648 1794 1703 protestando
1829 1652 1858 1692 e
1898 1651 2286 1705 interponiendo
2328 1652 2679 1707 apelaciones.
2716 1650 3069 1699 Conduclanse
3100 1658 3183 1699 los

707 1718 959 1763 Prelados
989 1729 1086 1764 con
1104 1719 1229 1764 toda
1257 1721 1399 1764 clase
1431 1720 1494 1764 de
1523 1720 1973 1766 consideraciones
2004 1732 2137 1777 pars
2158 1724 2399 1777 arreglar
2418 1726 2466 1768 ei
2500 1733 2689 1770 asunto
2720 1724 3150 1781 affligam-emente
3167 1761 3181 1779 ,

706 1800 834 1845 pero
853 1791 982 1833 ellos
997 1790 1366 1836 escastillados
1380 1802 1445 1834 en
1463 1801 1552 1835 sus
1569 1790 1879 1846 privilegius
1896 1805 1932 1849 y
1952 1794 2261 1839 exenciones
2274 1826 2287 1849 ‚
2302 1806 2360 1839 se
2380 1797 2620 1850 negabam
2640 1798 2673 1839 a
2694 1797 2816 1841 toda
2833 1800 3183 1843 reclamacion
3211 1822 3223 1831 -

706 1872 802 1916 por
830 1868 984 1916 parte
1004 1861 1067 1905 de
1096 1865 1174 1907 los
1193 1860 1412 1917 obispos
1437 1861 1787 1918 (Compendio
1807 1864 1875 1908 de
1894 1862 2145 1909 Historia
2180 1866 2519 1911 eclesiastica
2550 1868 2794 1921 generat,
2811 1879 2906 1923 por
2926 1867 2989 1915 D.
3011 1868 3181 1914 Fus-

709 1944 848 1977 crsco
876 1944 944 1976 nu
968 1934 1096 1978 Asis
1123 1934 1392 1986 Acutum.
1415 1939 1552 1979 tomo
1581 1935 1838 1991 secundo,
1876 1947 1999 1991 pac.
2040 1937 2133 1981 169.
2167 1937 2397 1993 Madrid,
2420 1938 2580 1993 1877„
2606 1941 2850 1994 negando
2880 1942 2929 1985 el
2962 1950 3085 1986 caso
3118 1943 3181 1986 de

708 2016 806 2059 que
826 2004 1082 2051 habiendo
1103 2005 1320 2050 avi-zado
1340 2007 1388 2050 el
1408 2006 1630 2050 Prelndo
1649 2017 1747 2061 que
1767 2008 2077 2063 procederia
2098 2011 2131 2053 a
2150 2009 2342 2054 visitat
2362 2021 2424 2054 su
2445 2009 2631 2065 iclesia
2651 2011 2911 2065 catedral‚
2928 2024 2963 2070 y
2977 2021 3181 2068 presen-

709 2077 927 2121 tandose
944 2088 1012 2143 en
1031 2077 1083 2121 el
1110 2078 1247 2123 atrio
1267 2081 1298 2121 o
1323 2078 1641 2122 cementerlo
1661 2080 1710 2123 el
1743 2079 1831 2123 dia
1859 2080 2110 2125 senalado
2128 2082 2395 2126 revestitio
2416 2083 2481 2126 de
2508 2082 2776 2138 pontifical
2790 2116 2804 2135 ,
2826 2084 3183 2139 scompanado

711 2149 796 2193 del
824 2150 966 2193 clero
993 2149 1298 2204 part-equini
1317 2160 1411 2195 con
1441 2160 1530 2194 sus
1557 2160 1767 2204 cruces,
1791 2152 1853 2195 de
1884 2152 1965 2196 las
1992 2153 2331 2198 autoridades
2350 2166 2386 2210 y
2408 2154 2471 2198 de
2493 2154 2615 2198 todo
2635 2156 2687 2199 el
2718 2156 2920 2209 pneblo.
2940 2166 3009 2200 no
3035 2156 3187 2211 quise

711 2221 760 2263 el
780 2218 998 2265 Cabildo
1015 2221 1146 2264 salit
1166 2223 1199 2265 ὀ,
1216 2221 1460 2266 recibirle
1477 2222 1532 2265 ni
1548 2232 1654 2267 aun
1676 2223 1870 2267 abrirle
1892 2223 1975 2267 las
1994 2232 2208 2277 puertas
2229 2224 2313 2268 del
2334 2225 2544 2279 templo,
2562 2225 2801 2270 teniendo
2820 2236 2918 2281 qne
2940 2228 3179 2270 vois-erse

709 2292 914 2335 corrido
942 2304 980 2349 y
999 2292 1366 2337 abochornado
1385 2296 1420 2337 a
1437 2304 1500 2337 su
1519 2294 1722 2349 palacio
1743 2294 1926 2339 varias
1944 2305 2103 2339 veees
2116 2326 2128 2349 ,
2150 2305 2248 2349 que
2268 2296 2469 2341 intento
2488 2296 2751 2350 practica:-
2772 2298 2824 2341 la
2844 2298 3025 2342 visita.
3048 2298 3179 2350 (Asi

674 2384 681 2390 ·
711 2363 920 2407 sueedio
948 2374 1014 2407 en
1039 2365 1095 2408 la
1123 2362 1314 2419 Iglesia
1334 2364 1584 2409 catedral
1603 2366 1667 2409 de
1687 2366 1976 2420 Pamplona
2006 2376 2106 2411 eon
2138 2368 2214 2410 los
2234 2358 2454 2421 obispos
2474 2366 2537 2413 D.
2560 2368 2766 2413 Alvaro
2794 2369 2859 2413 de
2876 2368 3109 2414 Moscoso
3144 2382 3185 2427 y

711 2433 777 2478 D.
798 2432 964 2489 Diego
983 2433 1225 2480 Ramirez
1259 2434 1460 2480 Sedeno
1478 2436 1542 2480 de
1575 2434 1841 2482 Fuenleal.
1863 2436 2037 2482 Vease
2072 2439 2126 2482 la
2144 2437 2393 2482 Historia
2414 2438 2481 2483 de
2500 2439 2555 2483 la
2577 2438 2781 2491 Igtesta
2808 2452 2845 2495 y
2872 2438 3096 2495 obispos
3112 2442 3180 2485 de

711 2504 1035 2561 Pamptona,
1052 2506 1190 2551 Real
1212 2518 1251 2561 y
1268 2506 1628 2551 Eetess'dstica
1646 2507 1735 2552 del
1754 2507 1931 2553 Remo
1950 2510 2019 2553 de
2037 2507 2347 2553 Navarra...
2378 2520 2475 2565 por
2508 2511 2559 2555 el
2591 2509 2799 2556 Dec-ron
2822 2511 2885 2555 D.
2909 2511 3181 2556 Guooato

712 2576 1030 2622 FmAnonz
1059 2579 1232 2625 Panas
1249 2612 1262 2633 ,
1282 2586 1422 2624 tomo
1442 2590 1497 2634 11,
1519 2590 1641 2635 pag.
1663 2578 1746 2624 256
1761 2592 1799 2637 y
1817 2580 1971 2635 sigts.
1991 2579 2218 2633 madrid,
2240 2580 2385 2636 1820.)

793 2648 1090 2695 solamente
1110 2650 1331 2705 despues
1350 2652 1414 2695 de
1434 2656 1611 2696 tentar
1631 2652 1780 2696 todos
1799 2653 1881 2696 los
1898 2651 2094 2696 medios
2113 2662 2213 2706 que
2231 2655 2447 2707 augeria
2466 2654 2519 2698 la
2538 2654 2853 2709 benignidad
2872 2655 3179 2710 apostolica.

715 2722 954 2766 tuvieron
983 2723 1062 2766 los
1090 2722 1340 2767 Prelados
1367 2723 1642 2768 neeesidad
1663 2724 1726 2767 de
1759 2734 1884 2768 usar
1914 2724 1977 2767 de
2006 2736 2067 2767 su
2100 2725 2402 2778 auton-idad,
2423 2725 2739 2769 declarando
2777 2726 3181 2781 excomnlgados

715 2805 810 2839 con
829 2796 1166 2839 excomunica
1187 2805 1371 2851 mayor
1389 2798 1422 2839 a
1441 2796 1592 2841 todos
1611 2797 1688 2840 los
1708 2794 2003 2849 Canonigos
2022 2796 2262 2841 rebeldes
2279 2808 2315 2853 y
2334 2803 2553 2841 cuantos
2570 2798 2650 2841 les
2668 2803 2941 2852 prestasen
2966 2798 3181 2847 auxilio.

716 2866 920 2921 consejo
941 2869 971 2909 ό
990 2866 1160 2911 favor.
1180 2865 1313 2910 Pero
1341 2867 1472 2911 ellos
1504 2877 1561 2910 se
1588 2869 1738 2911 teian
1768 2879 1803 2923 y
1823 2866 2199 2921 despreciaban
2219 2869 2298 2911 tal
2332 2868 2670 2913 excomunion
2708 2869 2959 2923 diciendo,
2982 2880 3078 2924 que
3116 2880 3181 2913 en

714 2937 893 2981 virtud
913 2936 976 2980 de
997 2948 1128 2981 unas
1145 2938 1312 2981 letrae
1329 2937 1414 2981 del
1433 2938 1582 2993 Papa
1607 2937 1738 2989 Iulio
1769 2936 1844 2981 111
1863 2936 1929 2981 de
1954 2936 2013 2982 80
2030 2938 2093 2981 de
2113 2937 2318 2993 Agosto
2336 2939 2419 2983 del
2450 2942 2550 2983 aiio
2572 2940 2693 2993 1554,
2715 2941 2873 2984 habia
2908 2941 3097 2985 cesado
3127 2942 3181 2986 la

708 3009 1046 3063 jurisdiccion
1063 3010 1147 3053 del
1176 3008 1368 3065 obispo
1385 3020 1482 3063 por
1501 3010 1666 3054 haber
1685 3009 1939 3055 admitido
1957 3011 2007 3054 el
2036 3009 2287 3055 Pontffiee
2303 3021 2395 3055 sus
2412 3012 2743 3066 apelaciones
2774 3024 2810 3069 y
2830 3013 3061 3058 abocado
3082 3016 3115 3058 a
3136 3016 3183 3057 si

714 3082 764 3124 el
782 3081 1157 3125 eonocimiento
1176 3081 1238 3124 de
1259 3086 1376 3126 esta
1395 3092 1582 3135 causa;
1601 3094 1638 3137 y
1655 3090 1722 3125 en
1742 3082 1818 3125 tal
1838 3080 2041 3125 sentido
2074 3081 2425 3126 continuaban
2442 3082 2755 3127 celebrando
2788 3095 2823 3140 y
2844 3084 3127 3128 asistiendo
3146 3088 3181 3129 a·

713 3153 792 3197 los
809 3152 1014 3197 divinos
1043 3151 1248 3205 officios,
1270 3162 1416 3196 como
1449 3153 1494 3197 si
1527 3163 1593 3198 no
1622 3152 1798 3197 fuesen
1818 3152 2244 3207 exeommgndos.
2266 3154 2507 3208 negando
2542 3155 2595 3199 al
2615 3163 2847 3199 extremo
2880 3156 2942 3199 de
2978 3157 3187 3211 arrojar

713 3224 798 3268 del
815 3225 1014 3279 pulpito
1033 3235 1098 3269 en
1119 3225 1314 3279 alcuna
1333 3224 1582 3269 Catedral
1601 3225 1664 3267 de
1683 3223 1898 3280 Espafla
1914 3226 1967 3269 al
1982 3224 2279 3269 Secretario
2299 3225 2383 3269 del
2398 3224 2603 3281 obispo.
2620 3226 2841 3281 cuando,
2856 3235 2954 3281 por
2972 3229 3184 3273 nanda·

716 3301 770 3339 to
803 3294 867 3338 de
896 3305 958 3338 su
989 3296 1159 3345 senor.
1176 3294 1334 3339 habia
1355 3294 1536 3339 subido
1555 3296 1590 3339 a
1621 3294 1858 3349 publicar
1878 3295 1925 3338 el
1945 3294 2156 3339 decreto
2186 3294 2247 3338 de
2281 3296 2619 3339 excomunion
2639 3302 2826 3341 contra
2854 3298 2933 3341 los
2962 3295 3193 3342 Canoni-

714 3376 824 3421 oeos.
841 3398 866 3420 „
885 3367 1127 3415 Aniena.
1155 3364 1224 3410 Et
1243 3364 1439 3411 Doctor
1471 3364 1740 3413 Navarra.
1759 3366 1881 3409 Don
1908 3365 2119 3409 Martin
2148 3366 2216 3411 de
2244 3366 2561 3423 Aspacueta
2589 3378 2627 3422 y
2658 3376 2755 3411 sus
2786 3368 2964 3421 obras,
2982 3380 3098 3424 cap.
3131 3381 3189 3423 x,

715 3438 742 3493 5
768 3437 1005 3483 3.—Vide
1025 3439 1186 3482 etiam
1209 3438 1399 3482 cartas
1419 3438 1487 3482 de
1509 3438 1622 3481 San
1643 3437 1883 3491 Ignacio,
1902 3443 1941 3483 t.
1962 3448 2037 3487 iv.
2055 3448 2177 3494 pag.
2197 3438 2295 3483 871.

796 3510 816 3544 ί
871 3510 1178 3555 Leonardus
1207 3509 1394 3554 Marini
1410 3543 1422 3563 ,
1442 3520 1536 3554 seu
1566 3510 1628 3553 de
1647 3508 1887 3563 Marinio,
1909 3510 2199 3565 Episcopus
2228 3510 2563 3557 Laodicensis
2576 3544 2588 3565 ‚
2608 3517 2795 3567 postea
2814 3511 3192 3557 Lnneianensis

715 3582 1154 3637 Archiepiseopus
1174 3587 1226 3625 et
1254 3580 1467 3625 tandem
1485 3579 1756 3634 Alliensis,
1779 3581 1864 3635 qui
1888 3583 1984 3626 sub
2003 3580 2155 3627 finem
2184 3582 2309 3627 anni
2330 3584 2437 3627 1553
2466 3582 2733 3629 cardinali
2764 3584 2980 3639 Poggio,
3006 3594 3073 3628 ex
3102 3582 3190 3629 Hi·

714 3652 901 3710 spania
918 3654 970 3699 in
989 3654 1200 3699 Italiam
1217 3652 1450 3706 abeunti.
1467 3652 2017 3708 κοῦραι-*Ῥοπὴ
2036 3654 2187 3699 debio
2206 3654 2335 3699 salir
2351 3656 2415 3699 de
2436 3656 2491 3699 la
2506 3654 2663 3700 Corte
2684 3654 3013 3711 (Hispaniae)
3031 3668 3095 3700 en
3109 3657 3189 3701 los

713 3726 969 3781 primeros
987 3726 1104 3770 dias
1123 3727 1206 3770 del
1223 3736 1336 3769 mes
1354 3726 1418 3769 de
1439 3724 1763 3779 Septienbre
1781 3724 1943 3779 (1558),
1958 3736 2085 3780 pnes
2104 3736 2199 3780 por
2220 3727 2271 3770 lo
2288 3736 2468 3771 menos
2487 3728 2645 3771 hasta
2667 3729 2715 3771 ei
2738 3728 2804 3773 1.⁰
2824 3728 2889 3772 de
2906 3726 3059 3772 dicho
3080 3738 3190 3771 mes

715 3798 887 3841 cori-io
906 3800 941 3841 a
957 3808 1018 3841 su
1035 3807 1197 3851 carco
1217 3798 1271 3842 la
1289 3796 1717 3841 administracion
1735 3806 1801 3840 en
1817 3794 2033 3850 Espafla
2050 3797 2114 3841 de
2144 3798 2199 3842 la
2218 3795 2445 3843 Camars
2480 3799 2785 3853 apostolica.
2806 3798 3117 3853 nee-pino
3136 3800 3193 3843 al

715 3868 978 3913 Cardenal
997 3867 1197 3923 Poggio
1214 3880 1277 3913 en
1298 3868 1352 3912 la
1371 3867 1417 3912 N
1420 3867 1699 3913 unciatura
1719 3877 1876 3913 ceren
1894 3868 1979 3911 del
1998 3867 2240 3924 Principe
2270 3868 2505 3925 Regente
2527 3868 2645 3915 Don
2662 3869 2845 3926 Felipe
2863 3902 2873 3919 .
2891 3868 3057 3915 Mons.
3076 3871 3187 3914 Leo

713 3942 880 3986 nardo
913 3939 1099 3985 Marini
1114 3972 1125 3994 ,
1160 3940 1352 3995 obispo
1385 3940 1448 3984 de
1482 3939 1748 3991 Laodicea
1763 3972 1776 3995 ‚
1809 3940 2095 3985 nombrado
2128 3950 2225 3995 por
2244 3940 2417 3986 Breve
2451 3943 2514 3986 de
2547 3940 2602 3986 29
2634 3942 2695 3986 de
2731 3941 2906 3987 Marso
2938 3943 3005 3986 de
3038 3940 3194 3994 1553...

713 4012 971 4057 Enuanno
999 4022 1068 4055 ns
1095 4011 1374 4067 mamona,
1395 4010 1501 4057 Les
1529 4011 1828 4067 despectans
1855 4011 1924 4056 de
1952 4011 2008 4055 la
2039 4012 2371 4067 diplomatis
2400 4014 2684 4070 pontt-ficia
2712 4025 2779 4058 en
2810 4012 3057 4068 &parim
3082 4020 3120 4057 t.
3150 4024 3188 4067 1,

714 4095 832 4139 cap.
851 4084 894 4139 2,
914 4094 1038 4140 pag.
1055 4084 1110 4128 87
1128 4090 1182 4128 et
1199 4083 1650 4140 88.—“Philippu1n
1669 4083 1864 4138 Regem
1881 4116 1894 4138 ,
1915 4082 2095 4129 Caroli
2129 4083 2289 4129 filium
2308 4117 2321 4139 ,
2340 4084 2394 4129 in
2418 4085 2668 4140 Augila-
2686 4085 2755 4130 ad
2784 4084 3004 4130 Mariam
3039 4084 3189 4139 Regi-

715 4166 837 4201 nam
855 4154 1188 4201 matrimonio
1207 4157 1306 4201 sibi
1328 4157 1565 4211 junctam
1585 4156 2021 4202 transfretantem
2050 4156 2363 4211 benedixit...
2384 4156 2622 4201 Ucuam
2637 4190 2649 4211 ,
2669 4156 2837 4201 Italia
2857 4168 3037 4210 sacra,
3055 4164 3093 4202 t.
3114 4167 3187 4206 tv.

719 4230 821 4273 col.
842 4228 938 4273 298.

797 4302 972 4357 Atque
989 4301 1073 4346 his
1100 4301 1285 4356 positis
1314 4303 1539 4347 observa
1567 4312 1655 4355 ea,
1677 4312 1809 4356 quae
1843 4312 2007 4357 supra
2023 4333 2036 4357 ,
2058 4312 2178 4357 pag.
2194 4300 2296 4354 35⁹.
2315 4312 2368 4346 n.
2387 4300 2483 4354 766,
2506 4312 2538 4345 a
2561 4302 2789 4345 Polanco
2817 4301 2959 4346 dicta
2985 4306 3106 4346 sunt
3126 4302 3189 4344 de

716 4374 968 4418 facultate
984 4406 995 4428 ‚
1015 4383 1172 4428 quarn
1203 4372 1498 4419 cardinalis
1527 4372 1754 4428 Poggius
1781 4373 1891 4418 suis
1922 4373 2119 4418 litteris
2144 4378 2497 4419 contestatam
2529 4373 2673 4417 dedit
2706 4372 2863 4418 Petro
2892 4372 3189 4417 Domeneeh

717 4446 904 4501 ubique
937 4447 1168 4490 locorum
1201 4444 1433 4490 Nominis
1457 4444 1582 4498 Jesu
1612 4444 2078 4490 confraternitates
2110 4443 2441 4499 instituendi,
2464 4455 2565 4489 non
2597 4444 2667 4489 ad
2699 4445 2834 4489 hune
2863 4454 3055 4489 annun
3084 4444 3192 4488 1564

717 4519 981 4573 pertinere
1001 4518 1096 4561 sed
1115 4518 1182 4562 ad
1204 4518 1608 4572 praecedentem
1628 4516 1756 4562 1553.

801 4592 823 4623 ²
875 4589 1048 4634 Mense
1071 4596 1248 4635 tamen
1263 4589 1546 4635 Novembri
1563 4590 1718 4645 hujus
1736 4589 1859 4634 suni
1881 4589 1989 4635 1⁶⁵⁴
2020 4589 2233 4634 litteras
2253 4587 2516 4643 Episcopo
2544 4587 2923 4644 Pampilonensi
2945 4588 3086 4632 dedit
3102 4622 3113 4641 ,
3136 4589 3191 4631 in

719 4665 906 4717 quibus
925 4674 1024 4708 nou
1057 4662 1186 4707 satis
1220 4673 1418 4707 morem
1444 4672 1629 4717 gerere
1649 4661 1861 4705 videtur
1894 4660 1982 4715 iis,
2006 4672 2139 4716 quae
2158 4660 2329 4715 Julius
2362 4659 2437 4704 111
2466 4660 2661 4706 litteris
2694 4671 2853 4715 snpra
2888 4660 3193 4705 memoratis

722 4736 826 4779 diei
852 4734 910 4779 80
928 4734 1152 4789 Augusti
1174 4740 1549 4789 praeceperat:
1569 4732 1808 4789 quamvis
1829 4742 2011 4777 verum
2032 4738 2113 4777 est
2139 4733 2249 4788 jam
2270 4742 2333 4777 eo
2353 4738 2588 4786 tempore
2606 4738 2665 4777 ut
2694 4738 2747 4775 et
2776 4732 2931 4788 paulo
2948 4738 3067 4787 post
3096 4733 3191 4777 sub
