3742 5392
768 453 881 513 612
1694 450 1951 513 Canon.
1993 448 2144 510 Soc.
2188 449 2328 523 JES.

771 597 1282 675 sacerdotibuS,
1331 614 1633 679 quorum
1680 578 1897 672 unus,
1944 596 2216 659 scilicet
2263 595 2338 659 P.
2393 596 2841 673 LeonarduS,
2895 596 3030 659 hoc
3079 597 3241 677 ipso

769 723 960 769 anno
996 706 1073 770 in
1111 705 1558 769 Lusitaniam
1594 704 1853 767 missus
1891 701 2045 782 fuit,
2077 702 2264 767 unde
2309 704 2624 767 omnium
2665 712 3074 768 nostrorum
3099 704 3238 785 pri·

770 830 931 877 mus
965 813 1041 877 in
1084 812 1461 877 Brasiliam
1496 819 1818 888 venerat,
1858 820 1934 874 ut
1975 810 2298 874 exactior
2337 809 2736 891 certiorque
2775 810 3088 891 cognitio
3128 828 3232 876 re-

769 938 929 985 rum
964 919 1463 984 brasilicarum
1510 937 1551 982 a
1591 916 1666 981 Ρ.
1700 916 1982 998 Ignatio
2021 926 2091 981 et
2120 917 2384 981 nostris
2426 918 2498 981 in
2542 917 2913 982 Lusitania
2942 918 3234 983 habere·

768 1036 886 1092 tur
923 1026 962 1090 ¹.
994 1027 1220 1093 Erant
1263 1035 1330 1090 et
1359 1024 1619 1090 fratres
1648 1042 1792 1089 non
1832 1022 2241 1088 sacerdotes
2277 1042 2424 1089 non
2453 1026 2666 1105 pauci
2696 1027 2769 1089 in
2796 1026 3047 1090 eodem
3075 1026 3232 1090 Col·

768 1134 981 1215 legio,
1012 1151 1105 1198 ex
1132 1132 1384 1213 quibus
1414 1133 1598 1196 bona
1629 1149 1799 1213 pars
1828 1132 1902 1196 in
1931 1130 2232 1196 Brasilia
2272 1131 2504 1197 fuerat
2540 1132 2617 1196 in
2655 1131 3081 1198 Societatem
3113 1134 3234 1198 ad·

770 1242 1013 1319 missa,
1055 1240 1175 1321 qui
1214 1257 1460 1304 omnes
1498 1239 1647 1303 fere
1677 1240 2143 1319 interpretum
2182 1238 2410 1303 officio
2441 1238 2640 1320 fungi
2683 1250 3033 1320 poterant,
3066 1257 3232 1305 cum

770 1349 1089 1428 linguam
1116 1347 1546 1425 brasilicam,
1600 1330 1982 1427 antequam
2031 1330 2595 1423 admitterentur,
2639 1345 3070 1427 didicissent;
3103 1348 3234 1412 sed

768 1457 953 1521 inter
980 1456 1115 1519 hos
1142 1447 1298 1519 erat
1327 1454 1579 1519 Petrus
1618 1453 1908 1530 Correa,
1951 1453 2208 1517 nobilis
2248 1454 2620 1532 lusitanuS,
2665 1455 2953 1535 quinon
2983 1456 3230 1535 lingua

768 1573 1067 1641 tantum,
1101 1561 1227 1626 sed
1266 1562 1689 1626 auctoritate
1731 1561 1950 1625 etiam
1987 1560 2178 1641 apud
2215 1562 2670 1625 brasilienses
2700 1562 3076 1642 plurimum
3107 1579 3228 1625 va-

768 1671 978 1749 lebat,
1012 1679 1080 1734 et
1112 1670 1212 1733 ita
1240 1668 1332 1732 ad
1371 1685 1618 1732 eorum
1656 1667 2198 1732 conversionem
2241 1685 2581 1749 magnum
2625 1666 3106 1750 adjumentum
3137 1670 3228 1733 ab

768 1795 853 1843 eo
884 1777 1153 1841 nostris
1184 1775 1489 1840 accessit
1516 1774 1561 1839 ⁸.

893 1883 1067 1949 1298.
1155 1882 1555 1948 Curaverat
1582 1882 1659 1947 P.
1700 1883 2119 1949 Emmanuel
2149 1884 2238 1949 de
2278 1882 2635 1963 Nobrega,
2669 1885 2920 1965 paucis
2959 1883 3234 1947 relictis

767 1996 839 2059 in
868 1992 1166 2073 singulis
1196 1992 1499 2057 aliorum
1527 1989 2030 2071 Collegiorum,
2077 1993 2478 2072 complures
2517 1991 2780 2055 habere
2821 1990 2894 2053 in
2932 1990 3069 2055 hoc
3098 1990 3222 2055 du·

765 2111 953 2181 catu,
987 2101 1151 2182 quia
1182 2101 1345 2165 inde
1367 2099 1626 2163 ostium
1654 2099 2105 2180 aperiebatur
2140 2099 2240 2175 ad
2289 2098 2618 2163 indorum
2651 2098 3218 2177 conversionem,

765 2209 885 2292 qui
919 2208 1153 2272 minus
1190 2206 1467 2272 efferati
1502 2216 1741 2285 erant,
1785 2214 1863 2270 ut
1901 2204 2310 2285 videbatur,
2351 2206 2724 2287 magisque
2767 2205 3088 2287 dispositi
3130 2204 3222 2269 ad

764 2315 1233 2396 evangelium·
1271 2314 1476 2393 regni
1527 2311 1663 2376 Dei
1718 2312 2263 2377 admittendum:
2323 2312 2680 2377 habebant
2740 2322 2978 2377 autem
3034 2310 3224 2393 apud

764 2420 837 2487 S.
869 2420 1328 2487 Vincentium
1347 2436 1686 2499 magnum
1710 2436 2092 2501 puerorum
2114 2420 2441 2484 indorum
2463 2437 2838 2484 numerum
2860 2418 2905 2498 ³,
2933 2437 3111 2501 quos
3131 2437 3225 2483 ex

761 2518 1065 2585 diversis
1093 2514 1413 2600 partibus
1450 2526 2111 2599 congregaverant,
2158 2526 2230 2581 et
2267 2526 2552 2599 praeter
2591 2516 2753 2581 fidei
2792 2518 3224 2583 christianae

760 2627 1185 2707 rudimenta,
1217 2624 1499 2705 legendi
1526 2633 1597 2688 et
1625 2622 1980 2688 scribendi
2011 2624 2294 2705 praxim
2323 2641 2446 2688 eos
2470 2624 2886 2688 docuerant:
2921 2624 3031 2688 his
3059 2640 3222 2705 pue-

758 2736 859 2797 ris
888 2735 979 2797 ad
1007 2732 1201 2797 vitae
1230 2732 1817 2796 sustentationem
1846 2748 1939 2795 ex
1968 2731 2260 2810 regione
2282 2732 2802 2796 mediterranea
2826 2748 2954 2813 per
2975 2732 3222 2797 decem

759 2842 1000 2905 leucas
1022 2839 1255 2904 farina
1277 2839 1515 2919 lignea
1537 2836 1563 2869 ⁴
1581 2838 1995 2917 vehebatur,
2015 2838 2227 2920 quod,
2255 2824 2424 2920 quia
2447 2840 2761 2903 maximo
2785 2855 2947 2902 cum
2977 2838 3224 2902 labore

757 2966 845 3013 ac
874 2948 1282 3012 difficultate
1311 2955 1605 3028 propter
1632 2946 1797 3009 viae
1824 2946 2286 3027 asperitatem
2313 2944 2533 3025 fieret,
2568 2946 2804 3009 visum
2835 2955 2943 3009 est
2972 2944 3048 3009 P.
3080 2942 3216 3009 No-

757 3056 1046 3135 bregae,
1099 3054 1554 3133 Provinciali,
1594 3052 1932 3134 expedire
1959 3062 2038 3117 ut
2079 3052 2376 3117 inillam
2404 3053 2634 3133 ipsam
2665 3053 2998 3117 indorum
3026 3051 3220 3116 habi—

756 3163 1097 3227 tationem
1146 3160 1332 3226 unde
1369 3162 1780 3225 necessaria
1826 3159 1917 3223 ad
1955 3160 2225 3224 victum
2275 3159 2774 3223 adferebantur
2791 3208 2806 3237 ,
2860 3159 3076 3241 aliqui
3124 3176 3218 3221 ex

756 3270 1037 3335 Nostris
1075 3270 1287 3333 simul
1333 3285 1498 3332 cum
1541 3268 1781 3350 pueris
1828 3267 2252 3347 migrarent;
2297 3284 2429 3331 nec
2477 3268 2707 3331 solum
2755 3267 2984 3331 victus
3033 3284 3216 3331 com·

756 3378 1061 3442 moditas
1084 3376 1177 3441 ad
1205 3374 1276 3439 id
1306 3375 1554 3454 movit,
1586 3373 1713 3439 sed
1742 3374 1958 3439 etiam
1987 3374 2176 3455 quod
2205 3374 2389 3439 inter
2418 3374 2768 3438 lusitanos
2795 3375 3028 3438 minus
3058 3391 3218 3455 pro-

752 3483 1123 3548 ficiebatur
1168 3498 1381 3564 quam
1407 3482 1638 3545 nostri
1667 3490 2058 3562 optassent.

881 3590 1055 3653 1299.
1140 3588 1342 3653 Missi
1370 3604 1543 3669 ergo
1572 3588 1856 3652 fuerunt
1885 3597 2146 3652 octavo
2176 3586 2520 3651 kalendas
2543 3588 2915 3653 Februarii
2947 3588 3164 3669 aliqui
3193 3588 3222 3619 ⁸

836 3834 851 3865 ¹
908 3830 1044 3876 Vide
1064 3831 1216 3885 infra,
1236 3843 1286 3875 n.
1308 3830 1429 3881 1359.
1452 3837 1629 3877 annot.
1651 3831 1691 3883 ι.
1712 3830 1866 3885 huju:
1896 3829 2251 3884 navigationis
2271 3830 2557 3875 infaustum
2587 3832 2800 3885 exitum,
2823 3831 3060 3886 piamque
3081 3840 3218 3875 mor·

754 3910 861 3947 tem
882 3902 1059 3948 Patris
1078 3902 1338 3947 Leonardi
1358 3902 1555 3947 Nuflez.

833 3974 857 4006 Ἰ
910 3973 1047 4018 Vide
1066 3974 1222 4026 infra,
1238 3985 1323 4036 ¹¹¹¹.-
1349 3972 1593 4027 1319-1322ς
1618 3979 1669 4017 et
1688 3984 1865 4027 cupra,
1891 3978 1926 4015 t.
1949 3982 2024 4027 111,
2046 3976 2165 4028 pag.
2188 3972 2284 4027 463,
2302 3984 2350 4016 n.
2371 3970 2454 4016 999
2473 3980 2525 4017 et
2551 3973 2670 4018 1018.

832 4046 856 4079 ³
909 4044 1048 4090 Vide
1067 4052 1109 4089 t.
1129 4055 1205 4100 111,
1227 4057 1346 4101 pag.
1362 4045 1460 4099 46²3,
1483 4057 1533 4089 n.
1551 4045 1649 4091 999.

832 4120 858 4151 ⁴
909 4116 1044 4162 Vide
1065 4124 1103 4161 t.
1125 4127 1159 4171 1,
1178 4128 1300 4172 pag.
1319 4116 1418 4173 ⁴52,
1435 4130 1483 4161 n.
1503 4117 1599 4172 ⁴97;
1622 4117 1824 4171 plenius
1844 4123 2020 4162 autem
2049 4128 2081 4161 a
2112 4116 2270 4161 Patre
2291 4116 2693 4161 Vascoucuttos
2715 4118 3008 4172 explicatur
3035 4118 3218 4163 modus

754 4189 890 4234 hanc
910 4190 1138 4245 ligneam
1153 4189 1377 4233 farinam
1394 4188 1708 4237 conficiendi.
1727 4188 1809 4233 his
1827 4188 2018 4233 verbis:
2040 4187 2108 4232 “0
2129 4199 2321 4243 genero
2342 4188 2405 4233 de
2421 4188 2589 4233 het-va
2620 4189 2682 4232 de
2705 4189 2814 4233 raiz
2833 4190 2963 4234 mais
2986 4192 3216 4242 notavel,

754 4272 782 4302 e
802 4261 1103 4316 proveltosa
1123 4260 1188 4305 do
1208 4260 1397 4314 Brasil,
1419 4260 1484 4305 he
1505 4272 1538 4305 a
1559 4271 1656 4315 que
1676 4250 1908 4305 chamao'
1928 4261 2224 4305 mandloca.
2257 4258 2384 4305 Tem
2412 4260 2633 4305 debaixo
2665 4261 2728 4304 de
2758 4262 2802 4305 si
2831 4260 3218 4305 diversissimas

750 4332 995 4387 especles,
1016 4343 1049 4377 a
1068 4334 1239 4377 taber:
1258 4332 1603 4387 mandijbucn,
1624 4331 2047 4387 mandijbimana,
2065 4332 2525 4390 mandijblbiyana,
2541 4332 3006 4389 mandijblyurucu.
3023 4334 3212 4387 apitiu-

748 4394 837 4458 bn,¹
853 4404 1046 4459 alpiit...
1065 4402 1131 4448 D'
1154 4410 1269 4448 esta
1289 4404 1399 4447 raiz
1420 4404 1592 4449 tii-ada
1612 4404 1679 4448 da
1700 4412 1865 4458 terra,
1888 4405 2132 4459 raspada,
2155 4404 2366 4459 lavada,
2400 4416 2428 4447 e
2460 4405 2636 4459 (ἱεροῖς
2666 4405 2876 4457 valada.
2907 4405 3214 4459 enpremidn.

748 4488 777 4520 e
798 4476 978 4521 cozlda
996 4486 1077 4520 em
1096 4475 1397 4530 alguidares
1418 4476 1480 4520 de
1502 4477 1659 4521 barro
1680 4487 1744 4520 ou
1765 4478 1944 4531 metal,
1965 4487 1998 4521 a
2020 4486 2117 4531 que
2138 4486 2196 4520 os
2217 4476 2398 4520 Brasis
2418 4476 2638 4521 chamae
2655 4478 2992 4533 vinoyipaba,
3011 4488 3071 4521 os
3089 4477 3216 4521 Por·

746 4555 993 4602 tugueses
1014 4546 1175 4601 forno,
1196 4557 1252 4591 se
1272 4547 1353 4592 faz
1373 4547 1583 4591 farinha
1603 4548 1665 4591 de
1688 4554 1796 4591 tres
1816 4554 2038 4601 castas...
2059 4554 2160 4591 etc.
2184 4548 2281 4603 Op.
2313 4548 2421 4603 cit„
2443 4550 2547 4593 vol.
2581 4560 2613 4600 1,
2642 4549 2778 4593 livre
2809 4560 2846 4593 11
2877 4550 2971 4594 dan
2991 4548 3216 4594 noticias

748 4619 844 4663 das
866 4629 1051 4663 cousus
1070 4618 1135 4663 do
1152 4618 1340 4673 Brasil‚
1362 4630 1446 4662 nn.
1464 4618 1515 4662 71
1540 4626 1593 4663 et
1620 4619 1690 4664 72.

832 4688 853 4721 ³
909 4688 1195 4743 Tredecim,
1216 4690 1476 4744 videlicet,
1491 4698 1583 4735 aut
1605 4692 2012 4745 quatuordecim.
2035 4690 2169 4735 Vide
2191 4702 2366 4747 supra,
2387 4704 2511 4749 pag.
2530 4692 2614 4737 607
2634 4704 2680 4737 n.
2707 4694 2826 4747 1291.
2851 4701 3024 4739 annot.
3043 4694 3084 4737 2.
