3742 5392
1679 522 1806 581 AN.
1853 523 1989 580 1554
2976 525 3086 583 477

619 686 696 731 se
726 667 1002 731 nescire
1031 668 1518 748 respondisset
1539 668 1614 732 P.
1643 667 1706 733 N
1711 670 1951 747 ataliS,
1978 668 2343 750 subjunxit
2366 670 2515 733 ille:
2546 667 2771 738 “Mine
2794 681 2863 733 et
2886 671 3083 751 quin·

615 774 812 853 genti
842 774 1012 837 estis
1035 792 1088 851 ;„
1121 774 1360 855 itaque
1389 776 1566 839 satis
1604 775 1981 855 diligenter
2024 774 2404 839 videbatur
2448 776 2868 856 indagasse,
2916 778 3085 857 quia

615 898 760 943 non
788 881 1169 945 admodum
1197 883 1445 962 procul
1475 899 1516 943 a
1548 899 1765 963 scopo
1797 883 2207 961 aberrabat,
2242 884 2570 964 quamvis
2600 882 2693 947 ad
2734 884 2925 947 hunc
2962 901 3090 947 nu-

618 1004 890 1051 merum
919 1005 1004 1051 eo
1034 996 1351 1068 tempore
1391 989 1615 1052 nostri
1655 1006 1798 1053 non
1837 990 2124 1053 omnino
2163 1000 2637 1069 pervenerant
2685 989 2727 1049 ¹.
2768 989 2925 1054 Hoc
2968 991 3093 1054 de-

618 1111 806 1158 mum
837 1112 928 1157 ex
955 1097 1093 1158 isto
1124 1096 1481 1176 colloquio
1513 1114 1598 1159 ac
1631 1097 1850 1176 priori
1878 1096 2136 1160 elicere
2164 1097 2393 1177 potuit
2422 1095 2498 1160 Ρ.
2542 1096 2817 1161 Natalis
2836 1146 2851 1175 ,
2895 1098 3087 1178 quod

612 1200 787 1264 nihil
817 1210 1068 1265 contra
1095 1200 1526 1267 Societatem
1556 1212 1878 1267 moturus
1908 1214 2094 1267 esset
2124 1204 2765 1283 Archiepiscopus;
2797 1202 3077 1268 difficile

612 1320 850 1371 tamen
880 1326 1085 1373 suurn
1110 1309 1454 1390 judicium
1482 1312 1679 1375 illum
1709 1328 1867 1374 esse
1896 1320 2335 1375 mutaturum
2365 1312 2485 1374 illa
2516 1319 2751 1375 aetate
2781 1320 2849 1375 et
2890 1312 3087 1391 inge·

612 1416 769 1493 ni0,
801 1432 943 1495 quo
977 1417 1345 1495 praeditus
1373 1428 1527 1481 erat
1566 1419 1612 1496 ²²,
1656 1418 1985 1501 quamvis
2027 1419 2331 1495 benigne
2370 1428 2752 1499 exceperat
2803 1435 2965 1487 eum
3014 1430 3088 1483 et

615 1521 783 1585 data
813 1523 1030 1588 etiam
1059 1524 1548 1589 benedictione
1580 1524 1967 1589 dimiserat.

741 1628 916 1693 1011.
1005 1630 1400 1709 Colligebat
1459 1631 1673 1694 etiam
1717 1630 1792 1693 P.
1839 1630 2117 1695 Natalis
2168 1649 2252 1695 eo
2294 1642 2611 1712 ternpore
2652 1633 3087 1712 sperandum

613 1754 758 1801 non
787 1754 944 1800 esse
975 1736 1164 1818 quod
1191 1738 1252 1801 T
1255 1738 1419 1801 oleti
1460 1736 1836 1802 Societatis
1876 1736 2274 1818 Collegium
2315 1741 2430 1802 vel
2470 1740 2725 1803 domus
2768 1740 3082 1803 institue-

615 1855 846 1922 retur,
881 1862 963 1907 eo
993 1843 1186 1924 quod
1214 1844 1613 1924 Episcopus
1645 1846 1734 1907 ab
1763 1845 1907 1923 his,
1940 1845 2061 1925 qui
2089 1844 2518 1909 Societatem
2556 1846 2841 1911 minime
2884 1847 3077 1909 intel-

615 1952 931 2031 ligebant
953 2000 966 2029 ,
995 1953 1178 2015 male
1201 1951 1290 2014 de
1311 1952 1522 2015 rebus
1545 1950 1921 2016 Societatis
1943 1952 2368 2017 informatus
2387 2001 2400 2030 ,
2432 1954 2877 2033 provinciam
2898 1954 3091 2017 hanc

615 2067 1077 2139 suscepturus
1107 2076 1248 2122 non
1279 2070 1471 2138 erat;
1505 2069 1572 2123 et
1602 2060 1663 2122 si
1694 2077 1856 2123 curn
1888 2060 2139 2123 amicis
2163 2060 2301 2124 illis
2333 2060 2689 2140 agendum
2720 2071 2929 2137 esset,
2963 2061 3084 2141 qui

614 2165 1042 2229 Societatem
1072 2166 1299 2229 Toleti
1329 2168 1756 2247 expetebant
1781 2216 1794 2244 ,
1829 2167 1989 2230 illos
2012 2184 2258 2231 omnes
2281 2185 2373 2231 ex
2395 2168 2719 2248 professo
2742 2168 3083 2233 adversa·

617 2274 764 2338 rios
794 2290 951 2337 esse
982 2274 1546 2354 Archiepiscopo
1575 2275 1853 2337 ratione
1886 2275 2165 2353 statuti,
2216 2276 2404 2356 quod
2448 2276 2825 2339 induxerat
2864 2276 2937 2339 in
2978 2294 3095 2340 ec—

617 2381 911 2444 clesiam
939 2380 1358 2445 Toletanam
1391 2380 1434 2439 ³.
1469 2381 1631 2461 Ipsa
1660 2392 1899 2445 tamen
1950 2383 2210 2445 civitas
2261 2384 2513 2446 idonea
2567 2384 2947 2446 videbatur
2996 2384 3091 2447 ad

617 2504 959 2567 magnum
984 2488 1267 2567 aliquod
1293 2504 1472 2568 opus
1498 2488 1880 2568 aliquando
1910 2488 2459 2563 conficiendum,
2499 2502 2567 2552 et
2598 2489 2807 2568 hujus
2834 2489 3089 2554 Archi·

615 2595 934 2674 episcopi
963 2594 1246 2657 aversio
1277 2612 1318 2657 a
1348 2593 1704 2658 Societate
1735 2597 2191 2675 praeparatio
2225 2613 2381 2659 esse
2414 2597 2784 2659 videbatur
2815 2607 2925 2675 ut,
2965 2597 3089 2676 qui

619 2702 688 2765 ei
715 2700 1167 2779 succederet,
1201 2702 1466 2782 aliquid
1495 2702 1772 2779 insigne
1802 2704 1876 2765 in
1904 2702 2285 2766 Societatis
2315 2703 2637 2766 favorem
2663 2711 3083 2783 praestaret;

618 2810 1031 2873 observavit
1062 2810 1279 2873 etiam
1307 2828 1454 2889 θος,
1488 2812 1606 2890 qui
1639 2827 1814 2889 erga
1845 2810 2272 2875 Societatem
2305 2810 2536 2873 affecti
2567 2820 2792 2888 erant,
2826 2820 2902 2874 ut
2941 2812 3087 2890 plu-

617 2918 873 2979 rimum
905 2934 996 2979 ex
1019 2917 1121 2979 eis
1150 2934 1332 2993 esse,
1361 2918 1451 2979 ad
1483 2936 1662 2997 quos
1688 2922 1923 2999 aliquo
1950 2918 2157 2981 modo
2185 2930 2525 2981 statutum
2549 2919 2980 2998 pertinebat,
3015 2927 3086 2980 et

617 3023 779 3087 inde
812 3024 1188 3101 colligebat
1219 3023 1828 3105 Archiepiscopus
1861 3044 2109 3089 omnes
2140 3036 2425 3088 nostros
2466 3023 2873 3103 hujusmodi
2900 3040 3084 3088 esse:

615 3140 684 3193 et
714 3129 918 3193 Dfem
961 3132 1246 3210 quidem
1274 3130 1700 3195 Torrensem
1735 3152 1808 3195 se
1841 3133 2145 3197 amicum
2180 3133 2441 3195 habere
2484 3133 2553 3195 in
2594 3131 2952 3195 Societate
2980 3130 3079 3194 fa·

615 3237 934 3316 tebatur,
981 3238 1107 3301 sed
1148 3239 1340 3301 illum
1383 3239 1835 3317 ignorantem
1874 3240 2095 3303 fuisse
2136 3250 2203 3303 et
2238 3258 2279 3302 a
2308 3239 2663 3302 Societate
2706 3240 3083 3318 deceptum

693 3479 712 3511 ¹
769 3476 962 3522 Eorum
981 3484 1297 3532 catalogum.
1321 3480 1406 3533 qui
1429 3480 1746 3524 Societatem
1767 3487 1890 3523 ante
1909 3479 2101 3535 Ignatii
2122 3486 2341 3523 mortem
2360 3488 2481 3522 sunt
2512 3480 2734 3533 ingressi
2750 3512 2761 3531 ,
2783 3478 2943 3527 dabit.
2970 3477 3084 3523 Deo

611 3550 838 3601 volente,
855 3556 1170 3605 postremum
1189 3552 1344 3605 hujus
1362 3550 1604 3595 Chronici
1627 3554 1883 3597 volumen.
1904 3552 1962 3595 In
1982 3563 2043 3595 eo
2066 3551 2409 3606 perspicietur
2428 3561 2584 3605 quam
2601 3562 2800 3605 parurn,
2818 3559 2873 3594 ut
2896 3550 2975 3594 ait
2994 3550 3079 3593 hic

616 3621 896 3671 Polaticus,
924 3631 956 3664 a
991 3632 1116 3665 vero
1150 3623 1481 3667 aberraverit
1504 3623 1941 3679 Archiepiscopus
1961 3622 2268 3675 Toletanus,
2291 3621 2517 3675 joannes
2550 3621 2801 3666 Martinez
2832 3620 3093 3676 Gnijarro·

609 3690 902 3741 (Silicenis).
3028 3706 3033 3709 ·

689 3766 712 3797 Ξ
765 3764 958 3809 Debita
979 3776 1095 3809 cum
1115 3767 1416 3810 reverentia
1437 3772 1586 3811 tanto
1609 3774 1891 3822 tantaeque
1912 3767 2238 3822 integritatis
2258 3766 2391 3819 viro,
2415 3778 2565 3820 quem
2589 3766 2708 3821 Jure
2738 3772 2951 3820 propter
2972 3764 3083 3809 exi·

609 3837 714 3879 mia
747 3836 961 3890 pietatis
993 3844 1046 3881 et
1080 3836 1462 3882 munificentiae
1493 3850 1653 3892 opera
1687 3844 1740 3882 et
1772 3840 2023 3884 amabant
2056 3838 2289 3893 plerique
2317 3838 2534 3881 toletani
2571 3838 2732 3890 cives,
2768 3842 2820 3881 et
2844 3838 3093 3881 laudibus

606 3908 862 3952 extollunt
881 3910 1120 3953 maximis
1139 3909 1451 3964 scriptores,
1472 3921 1574 3964 quo
1593 3911 1723 3954 haec
1747 3911 1960 3955 Polanci
1986 3912 2151 3954 verba
2168 3910 2307 3965 Juste
2328 3910 2672 3954 aestimentur
2692 3909 2899 3963 aliaque
2920 3907 2984 3953 iia
3011 3910 3079 3953 si-

610 3979 751 4022 milia
785 3981 965 4033 piura,
998 3992 1129 4035 quac
1163 3980 1212 4025 in
1246 3981 1384 4025 illins
1415 3982 1661 4037 temporis
1694 3982 1889 4026 litteris
1921 3983 2266 4035 continentur,
2300 3988 2647 4036 opportunum
2676 3980 2760 4024 hic
2787 3980 3093 4035 judicamus

606 4051 904 4095 exscribere
927 4051 1046 4106 quid
1075 4052 1138 4095 de
1169 4052 1258 4096 illo
1291 4053 1501 4108 ejusque
1525 4054 1729 4105 ingenio
1759 4064 1982 4097 senserit
2006 4054 2083 4097 LA
2102 4053 2325 4097 Fuexrn:
2347 4052 2647 4096 “Sucediole
2667 4050 2956 4103 (Cardinaii
2977 4050 3080 4094 Ta-

607 4124 754 4173 vera)
781 4124 828 4165 el
850 4121 1110 4167 Cardenal
1139 4123 1349 4173 Silioeo:
1368 4136 1428 4168 su
1449 4125 1672 4180 apellido
1693 4136 1784 4169 era
1809 4125 2090 4181 Guejjarro:
2110 4136 2234 4180 pero
2257 4124 2393 4168 hubo
2414 4125 2477 4168 de
2507 4123 2821 4173 latinizarlo.
2837 4134 3001 4177 segun
3023 4124 3073 4165 la

609 4194 915 4248 pedanteria
935 4196 998 4237 de
1030 4197 1184 4249 aquei
1213 4197 1422 4249 tiempo.
1443 4208 1508 4239 en
1537 4208 1636 4250 que
1667 4197 1744 4240 los
1765 4196 2039 4241 Aeevedos
2058 4206 2114 4239 se
2146 4197 2411 4239 llamaban
2450 4194 2723 4239 oleastros
2764 4196 2897 4249 yles
2916 4194 3079 4238 Perez

609 4266 876 4321 Petraeyos.
899 4266 964 4309 El
999 4266 1149 4319 genio
1180 4266 1262 4311 del
1282 4268 1569 4323 Arzobispo
1589 4279 1682 4311 era
1717 4279 1864 4313 como
1894 4280 1955 4311 sn
1986 4268 2227 4323 apellido.
2251 4267 2463 4321 Apenas
2493 4267 2660 4321 quedo
2694 4276 2915 4320 persona
2950 4278 3009 4307 en
3032 4267 3081 4309 el

609 4338 966 4387 Arzobisvado
995 4350 1090 4381 con
1112 4340 1264 4393 quien
1285 4350 1350 4383 no
1371 4338 1592 4393 τῆκε-8.,
1614 4342 1647 4384 l.
1668 4351 1734 4393 c.,
1753 4351 1870 4394 cap.
1893 4339 2277 4383 zan-Observa
2295 4338 2379 4382 hie
2402 4339 2452 4382 in
2472 4336 2762 4392 Biografia
2785 4338 3079 4379 eclesiasti-

603 4420 687 4461 ca,
709 4416 744 4454 t.
763 4420 834 4461 ix,
857 4422 974 4463 pag.
993 4410 1100 4461 629,
1122 4417 1304 4455 contra
1333 4410 1384 4455 id
1416 4412 1550 4465 quod
1579 4412 1923 4456 communiter
1955 4412 2149 4455 habent
2181 4420 2426 4455 auctores
2444 4442 2455 4463 ,
2475 4420 2759 4463 cognomen
2792 4408 2947 4462 hujus
2977 4408 3087 4451 diei

610 4480 856 4536 Guijeno.

682 4553 708 4585 ⁸
760 4554 884 4598 Alte
904 4554 1062 4597 menti
1085 4554 1295 4599 infixum
1317 4562 1431 4599 erat
1455 4555 1859 4609 Archiepiscopo
1893 4563 2125 4607 austrea,
2149 4554 2425 4610 praecipue
2457 4552 2879 4607 Complutenaea,
2898 4552 2943 4595 ai
2972 4562 3079 4595 non

607 4624 796 4678 verbis,
816 4636 970 4680 opere
991 4627 1182 4669 saltem
1211 4627 1570 4671 contradicere
1593 4626 1824 4678 Statuto,
1844 4628 1976 4681 quod
2000 4628 2049 4671 in
2071 4626 2345 4671 ecclesiam
2360 4636 2508 4669 suam
2530 4624 2837 4669 'l‘olctanam
2861 4622 3075 4667 induxe-

605 4704 705 4741 rat.
728 4696 860 4740 Vide
881 4708 1037 4751 supra
1053 4729 1065 4750 ,
1086 4709 1206 4751 pag.
1228 4698 1326 4748 463,
1345 4705 1522 4741 annot.
1549 4698 1564 4741 l
1590 4700 1653 4741 ad
1677 4710 1724 4741 n.
1746 4698 1846 4741 983.
1874 4698 2093 4753 Ideoque
2116 4698 2201 4753 qui
2222 4698 2473 4741 Societati
2498 4696 2745 4739 favebant
2760 4727 2773 4745 ,
2794 4695 2937 4738 exosi
2976 4693 3075 4748 ipsi

601 4774 779 4821 erant,
801 4768 948 4821 quasi
969 4770 1180 4813 statuto
1209 4770 1623 4824 refragarentur.
