3742 5392
1638 476 1765 535 ΑΝ.
1810 476 1950 535 1554
2919 474 3021 535 281

555 624 831 687 vincias
856 624 1215 703 juvandas
1242 623 1451 687 valde
1475 639 1908 703 propensum
1932 640 2087 685 esse
2105 671 2120 701 ,
2155 630 2225 685 et
2263 622 2726 685 remissurum
2765 638 2922 685 esse
2951 621 3022 684 in

556 730 910 810 Belgium,
945 748 1122 811 quos
1152 729 1315 794 inde
1342 730 1548 794 educi
1592 730 1967 807 noluisset,
2001 728 2061 791 si
2089 728 2350 792 ibidem
2378 729 2720 792 haberent
2745 728 2864 791 ubi
2888 729 3023 792 ale-

554 848 801 901 rentur
832 847 899 900 et
952 837 1339 900 ministeria
1370 835 1747 901 Societatis
1786 844 2244 913 exercerent;
2287 834 2478 915 quod
2517 834 2669 898 sine
2699 835 3024 914 collegiis

559 943 711 1007 fieri
738 961 882 1007 non
919 953 1229 1023 poterat;
1284 942 1537 1006 deinde
1588 958 1833 1005 curam
1878 940 2126 1004 haberi
2173 953 2251 1005 ut
2302 950 2636 1021 parentes
2683 940 3024 1004 certiores

560 1049 733 1113 fiant
764 1049 849 1113 de
879 1068 1171 1114 suorum
1198 1050 1629 1113 admissione
1658 1066 1822 1113 cum
1852 1066 2015 1129 spes
2035 1058 2222 1112 esset
2245 1048 2434 1124 quod
2457 1048 2861 1128 impedituri
2883 1066 3024 1111 non
3046 1030 3060 1043 ’

560 1166 796 1221 essent
820 1156 953 1221 Dei
986 1158 1461 1221 vocationem.

682 1262 823 1326 607.
907 1264 1223 1327 Functus
1252 1274 1359 1327 est
1388 1264 1603 1327 etiam
1633 1262 2005 1326 charitatis
2036 1272 2104 1326 et
2135 1263 2490 1326 amicitiae
2514 1261 2743 1325 officio
2765 1262 2856 1325 D.
2894 1261 3024 1325 Lu-

560 1370 859 1434 dovicus
885 1370 1197 1449 BlosiuS,
1244 1371 1462 1434 abbas
1507 1370 1918 1433 monasterii
1949 1369 2330 1449 LetiensiS,
2377 1368 2464 1432 de
2509 1387 2648 1450 quo
2690 1386 2878 1432 anno
2910 1386 3024 1431 su-

557 1477 818 1557 periori
848 1479 1109 1541 mentio
1137 1476 1329 1540 facta
1356 1488 1496 1556 est,
1530 1477 1841 1558 quicum
1868 1486 2210 1540 evocatus
2240 1486 2425 1540 esset
2465 1494 2508 1539 a
2544 1476 2748 1539 curia
2779 1485 2848 1539 et
2879 1476 3023 1539 alia

560 1584 841 1647 abbatia
870 1586 936 1647 ei
963 1584 1215 1648 fuisset
1242 1585 1510 1661 oblata,
1546 1602 1726 1664 quae
1766 1584 2115 1647 ditissima
2145 1592 2321 1663 erat,
2354 1601 2576 1664 prope
2615 1582 3026 1647 Tornacum

559 1691 919 1771 (magnam
935 1692 1123 1756 enim
1148 1692 1451 1754 habebat
1466 1690 1778 1771 gratiam
1800 1700 1869 1754 et
1895 1692 2391 1755 auctoritatem
2415 1691 2603 1772 apud
2625 1690 3024 1770 Reginam),

558 1799 919 1862 recusavit
948 1800 1063 1863 ille
1088 1799 1401 1880 quidem,
1437 1808 1513 1861 ut
1541 1798 1984 1878 spiritualem
2011 1808 2082 1861 et
2111 1799 2305 1877 pium
2333 1799 2570 1861 virum
2598 1798 2918 1865 decebat.
2953 1808 3025 1861 et

562 1922 725 1969 cum
754 1924 796 1968 a
825 1906 1153 1985 praeside
1182 1906 1461 1969 consilii
1482 1906 1693 1985 regii,
1730 1904 1818 1969 D.
1854 1904 2098 1984 Viglio
2126 1903 2138 1935 ¹
2167 1954 2179 1983 ‚
2225 1905 2319 1968 ad
2355 1904 2731 1985 prandium
2773 1905 3028 1968 invit-a·

563 2022 680 2075 tus
702 2022 912 2088 esset,
942 2013 1237 2076 aderant
1262 2013 1492 2076 eidem
1510 2029 1797 2097 mensae
1827 2013 2096 2076 nobiles
2127 2012 2415 2093 quidam
2437 2012 2744 2091 holandi;
2773 2021 2842 2075 et
2865 2029 3026 2075 cum

566 2137 801 2183 sermo
850 2120 1087 2183 illatus
1143 2120 1391 2183 fuisset
1447 2119 1533 2183 de
1583 2118 1768 2199 Mag.
1814 2120 2257 2184 Theoderico
2320 2120 2931 2183 Amsterdamensi
2980 2118 3026 2195 ³,

565 2228 690 2307 qui
732 2235 935 2306 patre
976 2227 1377 2291 inconsulto
1418 2226 1843 2291 Societatem
1886 2226 2253 2306 ingressus
2291 2235 2466 2305 erat,
2503 2244 2750 2289 omnes
2792 2227 3026 2290 decer·

568 2334 832 2397 nebant
862 2335 1046 2396 male
1076 2334 1344 2397 factum
1374 2333 1443 2397 id
1473 2351 1651 2397 esse.
1694 2334 1976 2413 Viglius
2015 2344 2250 2397 autem
2274 2350 2590 2414 praeseS‚
2624 2332 2874 2397 videns
2913 2334 3027 2395 ab·

570 2442 803 2503 batem
836 2450 1097 2515 tacere,
1146 2441 1237 2504 ad
1265 2458 1428 2505 eum
1461 2458 1853 2505 conversus
1887 2443 2207 2519 “gnonne,
2251 2440 2496 2521 inquit,
2531 2440 2668 2504 hoc
2714 2442 2894 2503 male
2933 2430 3028 2502 fa'-

568 2558 761 2611 ctum
790 2548 962 2623 est?„
996 2546 1385 2629 Respondit
1414 2549 1658 2613 abbas:
1696 2547 2058 2628 “Quonam
2101 2548 2311 2611 modo
2350 2547 2485 2610 hoc
2526 2549 2792 2612 malum
2811 2534 3027 2623 esset,

566 2671 729 2717 cum
758 2654 830 2716 in
859 2653 1183 2718 Ecclesia
1214 2653 1348 2718 Dei
1377 2664 1453 2719 ut
1480 2655 1746 2719 bonum
1775 2664 1844 2718 et
1875 2664 2204 2719 sanctum
2234 2672 2622 2736 numquam
2652 2671 2794 2717 non
2823 2652 3033 2716 suerit

569 2762 1009 2842 probatum?„
1035 2760 1184 2826 “An
1210 2762 1494 2841 bonum,
1520 2762 1746 2845 inquit
1759 2762 2067 2841 VigliuS‚
2094 2772 2222 2837 est,
2249 2771 2326 2825 ut
2349 2778 2510 2825 cum
2531 2770 2865 2841 parentes
2889 2771 3034 2823 tam

570 2870 828 2933 multos
857 2869 1199 2932 subierint
1228 2869 1509 2933 labores
1540 2880 1610 2933 et
1641 2879 1962 2950 sumptus
1991 2886 2119 2949 pro
2149 2868 2330 2947 filiis,
2364 2878 2441 2931 ut
2470 2868 2609 2948 ipsi
2635 2877 2798 2949 post
2829 2867 3029 2939 haee,

570 2975 983 3055 parentibus
1025 2976 1289 3051 invitiS,
1340 2976 1831 3055 ingrediantur
1883 2976 2390 3056 religionem?„.
2428 2975 2579 3038 “Ad
2609 2992 2765 3038 eum
2798 2974 3030 3049 finem,

574 3082 800 3162 inquit
823 3082 1067 3160 abbas,
1100 3083 1507 3146 nutriuntur
1530 3082 1676 3161 filii,
1705 3093 1780 3146 ut
1800 3100 1876 3145 se
1907 3092 2096 3146 totos
2117 3081 2252 3146 Dei
2274 3083 2569 3145 servitio
2603 3082 3032 3162 impendant;

577 3206 739 3251 cum
770 3206 942 3269 ergo
974 3188 1109 3252 hoc
1138 3188 1238 3268 fit,
1271 3198 1604 3269 parentes
1633 3207 1776 3253 non
1808 3190 2107 3269 perdunt
2135 3188 2338 3267 filios,
2383 3189 2510 3252 sed
2537 3189 2770 3269 potius
2802 3188 3034 3268 acqui-

577 3306 803 3373 runt.„

696 3401 837 3465 608.
926 3402 1308 3467 Confessus
1352 3404 1603 3468 deinde
1632 3414 1740 3467 est
1779 3420 2072 3485 praeses
2110 3402 2424 3482 Viglius,
2467 3404 2658 3483 quod
2695 3402 2842 3465 fere
2874 3412 3038 3465 ante

576 3525 796 3572 unum
819 3527 1082 3574 annum
1112 3510 1384 3591 Regina
1412 3508 1591 3591 [sibi]
1619 3510 2086 3574 commisisset
2115 3510 2476 3589 negotium
2497 3520 2786 3573 nostrae
2807 3506 3037 3573 Socie-

578 3617 745 3679 tatis
774 3617 1259 3698 excipiendae,
1294 3627 1363 3680 et
1393 3634 1469 3681 se
1501 3617 1758 3698 legisse
1787 3617 2097 3682 Litteras
2137 3616 2594 3697 Apostolicas
2631 3625 2936 3689 nostraS‚
2973 3627 3041 3678 et

578 3724 835 3787 mirum
864 3741 1021 3786 esse
1050 3724 1237 3804 quod
1266 3734 1515 3787 contra
1546 3740 1857 3787 canones
1887 3724 2212 3787 Pontifex
2241 3734 2389 3785 tam
2417 3724 2636 3785 multa
2661 3722 3040 3803 privilegia
3145 3720 3154 3730 ‘

578 3831 843 3893 nostris
874 3831 1316 3909 concederet;
1360 3832 1451 3895 ad
1480 3849 1663 3912 quae
1702 3831 1922 3893 abbas
1963 3832 2182 3894 multa
2223 3840 2614 3911 opportune
2652 3829 3038 3909 respondit.

584 3937 671 4000 Et
698 3938 861 4018 quia
893 3954 1214 4001 seorsum
1238 3954 1453 4017 agere
1477 3954 1639 4001 cum
1670 3938 1997 4018 praeside
2021 3939 2155 4000 hac
2177 3938 2263 4000 de
2293 3956 2370 4000 re
2395 3938 2678 4000 volebat
2697 3948 2766 3999 et
2789 3936 3041 3999 deinde

579 4046 814 4108 locum
842 4062 983 4107 non
1014 4045 1281 4123 habuit,
1313 4061 1440 4124 per
1468 4046 1740 4108 litteras
1770 4045 1905 4107 hoc
1938 4044 2164 4107 officio
2196 4044 2568 4107 charitatis
2595 4043 2879 4107 functus
2910 4055 3038 4113 est.

584 4152 835 4232 quibus
876 4152 1186 4231 praesidi
1230 4152 1477 4215 scribit
1519 4150 1952 4215 Societatem
2002 4162 2318 4215 nostram
2359 4170 2400 4213 a
2442 4150 2596 4214 Deo
2641 4152 2930 4213 missam
2970 4150 3042 4212 in

584 4258 975 4321 Ecclesiam
1024 4275 1249 4337 suam;
1304 4268 1373 4321 et
1429 4258 1874 4339 persequitur
1925 4260 2188 4322 eisdem
2244 4260 2496 4322 litteris
2554 4275 2768 4339 quam
2821 4260 3042 4321 multa

584 4364 781 4429 Deus
811 4383 936 4445 per
966 4381 1125 4428 eam
1156 4365 1245 4429 ad
1290 4366 1686 4429 animarum
1726 4367 2027 4429 salutem
2064 4367 2323 4448 ubique
2358 4366 2680 4445 gentium
2720 4366 3042 4445 dignare·
3091 4425 3099 4434 ,

671 4646 682 4676 ¹
744 4645 950 4699 Viglius
972 4656 1077 4691 van
1099 4646 1374 4690 Zwichem.

668 4718 692 4747 ⁴⁸
752 4716 1074 4761 Theoderico
1095 4716 1378 4762 Geeraerts
1400 4717 1676 4769 (Gerar-di).
1702 4716 1831 4760 Vide
1854 4730 2028 4773 supra,
2052 4728 2086 4763 t.
2109 4729 2182 4769 ιιι,
2205 4730 2324 4772 pag.
2344 4720 2385 4769 7,
2409 4724 2584 4761 annot.
2603 4718 2645 4759 3.
