3742 5392
751 473 862 532 544
1675 469 1933 529 Canon.
1972 468 2127 528 Soc,
2170 469 2309 544 Jas,

757 618 978 696 lebat,
1009 617 1177 680 licet
1205 617 1298 680 ab
1321 616 1558 697 aliquo
1581 625 1901 696 tempore
1934 617 2026 680 ad
2059 616 2367 680 ethicam
2398 614 2667 680 febrem
2714 615 3003 678 tendere
3042 614 3223 677 dice·

763 734 990 803 retur;
1023 723 1150 786 sed
1179 740 1342 786 cum
1373 724 1573 802 large
1613 739 1876 804 aquam
1912 723 2239 800 bibisset,
2282 741 2373 786 ex
2406 740 2491 785 eo
2524 739 2823 786 excessu
2846 721 3225 802 synthoma

759 832 862 895 illi
891 830 1185 908 accidit,
1219 848 1309 893 ex
1338 848 1477 910 quo
1506 831 1732 893 vitam
1761 830 1950 893 hanc
1970 828 2233 893 finivit:
2261 832 2475 910 paulo
2500 838 2667 893 ante
2689 829 3057 893 confessus
3081 826 3225 890 fue·

757 946 873 1002 rat
923 947 994 1002 et
1051 938 1739 1016 communicaverat,
1787 946 1860 1002 et
1908 948 2079 1001 tunc
2121 937 2509 1002 Extremae
2564 936 2942 1000 Unctionis
2989 951 3225 998 sacra»

763 1056 1075 1110 mentum
1105 1045 1412 1125 accepit,
1445 1045 1632 1125 quod
1657 1046 1959 1125 ipsemet
1980 1045 2401 1125 postulavit;
2429 1045 2549 1126 qui
2573 1044 2889 1107 studiose
2912 1042 3223 1120 vixerat,

755 1164 830 1218 et
861 1155 1250 1217 instructus
1281 1154 1355 1216 in
1383 1152 1700 1216 moribus
1729 1153 2123 1217 christiano
2153 1151 2480 1233 Principe
2508 1152 2778 1229 digniS,
2812 1151 2913 1213 ita
2942 1158 3011 1212 et
3042 1165 3225 1212 mor-

757 1275 926 1325 tuus
955 1271 1082 1324 est.
1116 1261 1195 1324 P.
1221 1259 1653 1324 Franciscus
1671 1309 1686 1338 ,
1719 1261 1841 1341 qui
1869 1271 2213 1324 autumno
2242 1260 2716 1341 praecedente
2738 1276 2828 1322 ex
2851 1256 3225 1336 Portugal·

763 1369 855 1432 lia
903 1376 1332 1446 recesserat,
1393 1378 1464 1430 et
1514 1385 1677 1431 cum
1727 1385 1812 1430 eo
1862 1366 2311 1430 familiariter
2352 1366 2439 1430 de
2483 1368 2695 1431 rebus
2736 1363 3223 1446 spiritualibus

757 1486 1041 1557 egerat,
1073 1475 1284 1540 valde
1313 1492 1476 1539 eum
1505 1475 2079 1550 commendabat3
2110 1485 2179 1538 et
2200 1474 2413 1538 avide
2440 1475 2533 1538 ab
2562 1491 2646 1537 eo
2676 1472 3024 1553 quasdam
3064 1487 3227 1533 con-

759 1584 1228 1647 siderationes
1257 1582 1572 1663 quotidie
1600 1599 1810 1645 mane
1840 1591 1911 1644 et
1938 1598 2239 1663 vespere
2269 1589 2503 1644 mente
2532 1579 3077 1659 pertractandas
3113 1593 3228 1639 ac-

761 1699 1077 1770 ceperat.

885 1796 1062 1861 1165.
1150 1795 1496 1876 Quamvis
1527 1805 1764 1858 autem
1792 1795 1980 1858 bono
2010 1795 2083 1858 in
2115 1803 2306 1858 statu
2336 1795 2428 1858 ad
2454 1795 2709 1858 melius
2737 1808 3039 1872 regnum
3064 1807 3227 1854 evo-

757 1914 966 1969 catus
995 1921 1036 1966 a
1068 1902 1377 1976 Domino
1408 1902 1848 1981 crederetur,
1883 1903 2009 1966 vix
2038 1902 2235 1967 credi
2254 1912 2499 1983 posset
2519 1910 2787 1982 quanto
2811 1899 3055 1964 dolore
3076 1899 3230 1979 ejus

759 2029 954 2076 mors
982 2021 1210 2076 totum
1236 2010 1407 2073 illud
1435 2027 1736 2090 regnum
1765 2010 2110 2090 affecerit,
2144 2028 2357 2092 quam
2389 2019 2628 2074 tamen
2657 2009 3021 2072 solabatur
3065 2024 3230 2087 spes

765 2127 1014 2199 partus
1060 2117 1410 2198 Principis
1458 2116 1810 2199 Joannae,
1853 2134 2069 2198 quam
2110 2117 2492 2197 gravidam
2528 2127 2854 2179 mortuus
2882 2113 3226 2193 Princeps

763 2225 1167 2305 reliquerat.
1201 2223 1357 2288 Rex
1386 2235 1624 2287 autem
1651 2232 1722 2287 et
1750 2223 2029 2304 Regina
2060 2232 2130 2287 et
2168 2223 2484 2288 Infantes
2525 2241 2617 2286 ac
2660 2222 2781 2286 alii
2825 2231 3225 2300 magnates,

760 2333 1093 2413 quamvis
1124 2349 1286 2395 cum
1314 2331 1526 2411 gravi
1555 2349 1802 2411 sensu,
1830 2331 2380 2411 magnanimiter
2404 2339 2675 2408 tamen,
2702 2330 2892 2392 hunc
2914 2329 3231 2392 dolorem

761 2439 1105 2518 tulerunt,
1139 2449 1216 2503 ut
1246 2439 1674 2502 christianos
1703 2439 2071 2518 Principes
2100 2439 2419 2514 decebat;
2446 2439 2768 2500 celarunt
2791 2436 3075 2516 quidem
3102 2436 3220 2497 ali-

759 2554 935 2627 quot
963 2547 1115 2610 dies
1142 2545 1522 2625 gravidam
1554 2545 1957 2626 Principem
1984 2544 2360 2627 Joannam;
2394 2545 2521 2607 sed
2551 2561 2715 2607 cum
2744 2543 2865 2606 diu
2906 2542 3229 2605 dissimu-

768 2653 900 2716 lari
927 2670 1045 2716 res
1073 2670 1217 2715 non
1246 2663 1488 2733 posset
1505 2702 1519 2731 ,
1555 2653 1827 2732 aliquot
1855 2652 2008 2715 dies
2032 2669 2121 2714 ex
2144 2669 2500 2725 moerore,
2525 2651 2645 2714 ubi
2668 2658 2967 2714 mortem
2991 2649 3230 2712 mariti

732 2761 1096 2840 ·rescivit,
1131 2760 1494 2836 decubuit;
1529 2761 1654 2822 sed
1682 2760 1887 2823 brevi
1916 2769 1986 2822 et
2027 2759 2341 2822 animum
2380 2767 2450 2822 et
2498 2759 2981 2821 valetudinem
3032 2773 3227 2820 recu-

767 2868 1079 2947 peravit,
1111 2878 1181 2931 et
1209 2883 1474 2945 magna
1505 2884 1668 2930 cum
1695 2866 2172 2930 sollicitudine
2199 2884 2325 2946 per
2354 2875 2581 2929 totum
2610 2881 2910 2944 regnum
2932 2864 3230 2944 publicis

763 2974 1395 3054 supplicationibus
1425 2973 1580 3037 Deo
1610 2973 2275 3052 commendabatur,
2305 2982 2374 3036 et
2400 2972 2803 3036 Cardinalis
2825 2972 3064 3036 Infans
3086 2972 3231 3052 (qui

729 3098 990 3162 ”nuper
1020 3099 1062 3144 a
1092 3080 1272 3146 Sede
1303 3082 1720 3163 Apostolica
1750 3081 2068 3162 Legatus
2097 3080 2331 3145 fuerat
2360 3081 2724 3144 institutus
2757 3080 2801 3158 ¹)
2830 3097 3009 3161 quas
3038 3089 3230 3160 pote·

760 3195 894 3267 rat,
923 3189 1194 3252 scilicet
1218 3198 1502 3252 centum
1523 3188 1798 3252 dierum
1821 3187 2317 3268 indulgentiaS,
2346 3188 2925 3268 quotiescumque
2946 3199 3232 3268 partum

771 3295 958 3358 hunc
987 3294 1298 3359 Domino
1329 3296 1945 3374 commendarent,
1980 3296 2362 3371 concessit,
2396 3305 2467 3358 et
2495 3295 2893 3359 institutum
2920 3305 3030 3358 est
3058 3295 3231 3357 utin

727 3411 918 3467 ·toto
948 3419 1172 3482 regno
1203 3403 1709 3467 confiterentur
1747 3411 1816 3466 et
1855 3403 2467 3466 communicarent
2506 3402 2882 3480 designata
2921 3402 3229 3480 quadam

759 3509 1236 3588 hebdomada,
1272 3519 1480 3590 prout
1508 3510 1578 3573 in
1602 3509 1931 3589 jubilaeis
1960 3509 2115 3572 fieri
2143 3510 2353 3584 solet3
2388 3518 2459 3573 et
2490 3526 2629 3589 qua
2654 3508 3011 3571 dominica
3044 3525 3228 3572 com-

761 3617 1228 3693 municarent,
1262 3634 1386 3679 eas
1414 3617 1897 3696 indulgentias
1927 3617 2315 3695 concessit,
2354 3633 2535 3696 quae
2563 3614 2833 3678 Romae
2864 3633 2949 3678 eo
2972 3614 3083 3678 die
3113 3615 3229 3678 ob-

759 3722 972 3787 tineri
999 3733 1354 3802 poterant.

886 3829 1061 3892 1166.
1149 3831 1535 3894 Exaudivit
1566 3838 1804 3894 autem
1833 3829 2078 3895 divina
2112 3829 2407 3893 Bonitas
2438 3829 2683 3893 afflicti
2709 3810 2917 3909 regni
2948 3846 3224 3908 preces,

757 3937 878 4000 cui
905 3937 1116 4001 valde
1148 3937 1484 4002 acerbum
1511 3937 1761 4002 fuisset
1785 3956 1946 4002 cum
1978 3937 2329 4002 Castellae
2351 3953 2578 4014 regno
2603 3938 2731 4000 sub
2758 3937 3007 4000 eodem
3027 3936 3230 4000 Prin—

755 4044 916 4124 cipe
947 4043 1320 4126 conjungi,
1354 4045 1547 4126 quod
1577 4046 1860 4110 demum
1890 4044 2157 4108 factum
2188 4054 2318 4124 est;
2351 4053 2420 4107 et
2450 4045 2732 4107 demum
2763 4045 2919 4124 ipso
2950 4045 3087 4122 die,
3113 4045 3235 4124 qui

759 4149 948 4214 Divo
977 4149 1399 4215 Sebastiano
1431 4169 1639 4215 sacer
1663 4163 1846 4231 erat,
1882 4151 2077 4214 facili
2104 4159 2316 4232 partu
2344 4151 2563 4214 filium
2592 4149 2932 4231 Princeps
2953 4150 3233 4233 Joanna

759 4260 1069 4338 peperit,
1103 4261 1220 4339 qui
1250 4256 1749 4338 SebastianuS,
1786 4259 1937 4341 ejus
1966 4258 2274 4322 nominis
2303 4259 2604 4339 primuS,
2639 4267 2940 4321 vocatus
2972 4267 3114 4336 est,
3162 4267 3233 4320 et

729 4383 1038 4429 ·summa
1087 4367 1358 4430 laetitia
1411 4377 1557 4429 tam
1601 4375 1905 4430 matrem
1942 4376 2011 4429 et
2059 4367 2238 4429 alios
2278 4373 2627 4445 cognatos
2666 4364 2723 4444 ²,
2765 4382 2978 4445 quam
3010 4374 3235 4428 toturn

842 4571 859 4600 ¹
917 4545 1052 4615 vide
1073 4583 1249 4626 supra,
1275 4583 1398 4626 pag.
1427 4570 1524 4624 520,
1547 4583 1596 4615 n.
1629 4571 1749 4616 1103.

834 4643 858 4674 ²
909 4642 969 4688 In
988 4655 1083 4688 ms.
1101 4651 1182 4688 est
1203 4648 1318 4688 tam
1331 4647 1594 4699 parentes
1615 4647 1668 4688 et
1687 4643 1826 4687 alios
1841 4646 2127 4698 parentes:
2142 4642 2232 4685 sed
2256 4642 2392 4686 male
2414 4653 2624 4687 versum
2644 4641 2858 4686 videtur
2878 4655 2942 4687 ex
2962 4644 3234 4698 hispanico

748 4725 818 4758 su
839 4715 1030 4759 madre
1045 4728 1083 4771 y
1105 4717 1296 4760 demas
1311 4716 1614 4770 parientem,
1635 4721 1728 4760 aut
1748 4715 2025 4759 lusitanico
2046 4724 2108 4757 sa
2132 4715 2247 4757 mai
2269 4725 2297 4758 e
2316 4724 2445 4758 scus
2470 4718 2749 4770 parentes.
