3742 5392
660 512 772 571 406
1557 512 1833 575 Cimon.
1878 516 2027 574 Soc.
2069 516 2207 589 JEs.

669 650 1165 738 tiones'exegit
1197 676 1407 739 quam
1439 659 1592 739 ejus
1619 672 2039 741 procurator
2074 656 2325 740 Burgis
2366 660 2518 741 ejus
2559 661 2843 724 nomine
2868 656 3129 724 obtule-

672 778 784 829 rat
808 780 876 830 et
905 766 990 829 de
1014 766 1366 830 Societate
1395 768 1815 848 requisierat
1843 766 1885 831 ¹.
1914 768 2159 831 Voluit
2182 769 2471 847 insuper
2492 778 2567 831 ut
2601 768 2884 849 quidam
2910 767 3129 848 ipsius

669 874 852 936 filius
903 874 1248 936 naturalis
1300 875 1371 936 in
1411 873 1728 954 Collegio
1769 874 2254 938 institueretur
2294 886 2361 937 et
2398 874 2773 951 habitaret,
2808 870 2937 954 qui
2956 892 3131 954 puer

669 980 904 1043 adhuc
929 988 1104 1043 erat.

787 1087 930 1151 876.
1018 1086 1280 1168 Spiritu
1323 1088 1628 1168 quodam
1665 1089 1848 1151 bono
1882 1089 2121 1152 omnia
2149 1107 2329 1168 quae
2360 1090 2662 1152 habebat
2692 1108 2767 1151 se
2798 1089 3130 1152 daturum

667 1195 762 1257 ad
791 1194 927 1258 Dei
954 1196 1296 1257 honorem
1329 1194 1742 1273 affirmabat,
1776 1195 1899 1259 sed
1930 1196 2044 1257 hic
2074 1196 2269 1258 cerni
2298 1195 2505 1258 facile
2537 1196 2761 1275 potuit
2796 1190 2980 1275 quod
3013 1195 3130 1258 do·

674 1319 842 1365 num
883 1301 1016 1365 Dei
1057 1319 1396 1379 magnum
1435 1313 1544 1364 est
1583 1301 1983 1381 hujusmodi
2018 1303 2301 1382 pietatis
2343 1302 2648 1381 insignia
2692 1319 2908 1382 opera
2949 1302 3129 1365 face-

675 1430 774 1488 re,
808 1418 877 1473 et
908 1410 996 1472 ad
1027 1410 1163 1471 hoc
1195 1409 1453 1472 donum
1488 1408 2003 1489 accipiendum,
2038 1410 2196 1472 aliis
2225 1409 2429 1472 bonis
2455 1408 2786 1488 operibus
2816 1408 3151 1487 homines,

673 1534 830 1579 sese
860 1517 1116 1580 debere
1147 1516 1552 1596 disponere:
1587 1516 1752 1595 quia
1785 1526 2021 1579 autern
2053 1516 2190 1578 hoc
2230 1533 2370 1577 non
2401 1514 2564 1579 fecit
2594 1516 2822 1577 bonus
2851 1515 2965 1578 hic
2998 1516 3131 1594 vir,

673 1624 1003 1703 quamvis
1051 1622 1276 1685 bonas
1318 1622 1816 1702 inspirationes
1867 1640 1909 1684 a
1954 1621 2261 1685 Domino
2307 1622 2684 1701 acciperet,
2732 1622 2944 1685 immo
2988 1620 3136 1701 jam

677 1747 963 1793 manum
1007 1730 1201 1810 operi
1233 1730 1683 1808 admoveret,
1718 1738 1786 1791 et
1816 1746 1931 1792 res
1962 1730 2033 1791 in
2081 1738 2229 1791 tota
2274 1729 2567 1791 civitate
2604 1729 2943 1808 burgensi
2981 1746 3136 1809 pro·

675 1837 990 1916 mulgata
1021 1846 1239 1910 esset,
1273 1845 1343 1897 et
1372 1852 1636 1915 magna
1674 1852 1838 1898 cum
1867 1834 2357 1899 aedificatione
2388 1836 2864 1916 acciperetur,
2898 1847 3137 1899 tamen

663 1942 942 2007 -destitit
983 1943 1070 2005 ab
1111 1944 1482 2023 incoeptis..
1528 1942 1684 2024 Jam
1720 1953 2153 2006 evocaverat
2185 1943 2539 2005 notarium
2568 1952 2645 2005 ut
2683 1938 3137 2005 donationem

685 2051 1035 2115 redituum
1087 2051 1458 2130 stipularet
1488 2096 1500 2125 ,
1556 2060 1622 2112 et
1676 2060 2110 2114 convenerat
2158 2067 2319 2113 cum
2370 2048 2725 2113 Societate
2774 2060 2849 2113 ut
2890 2050 3141 2113 domus

684 2161 803 2221 illa
848 2167 1125 2237 nostra,
1179 2174 1360 2236 quae
1398 2156 1658 2235 Burgis
1700 2168 1937 2237 empta
1977 2156 2142 2232 fuit,
2187 2157 2616 2221 venderetur
2660 2155 2749 2219 ad
2790 2154 3139 2220 redituum

679 2273 1160 2345 augmentum,
1191 2264 1519 2343 quamvis
1540 2263 1616 2326 P.
1653 2264 1937 2344 Gaspar
1965 2265 2411 2327 vendendam
2440 2282 2580 2326 non
2606 2280 2762 2326 esse
2794 2271 3137 2341 censeret,

677 2371 871 2452 quod
899 2372 970 2435 in
1001 2370 1571 2434 commodissimo
1602 2372 1756 2433 loco
1788 2369 1880 2432 ad
1910 2387 2337 2433 concursum
2367 2370 2727 2433 hominum
2760 2377 2981 2447 esset,
3017 2369 3143 2432 sed

679 2481 754 2542 in
805 2478 1092 2542 domum
1131 2476 1614 2558 professorum
1655 2488 2221 2553 converteretur;
2270 2477 2728 2540 nihilominus
2767 2494 2925 2539 cum
2965 2478 3143 2556 ipse·

682 2595 827 2650 met
863 2586 1189 2649 notarius
1227 2586 1300 2647 in
1331 2584 1514 2647 diem
1543 2593 1967 2664 'sequentem
2008 2583 2294 2661 differri,
2340 2584 2581 2647 nescio
2620 2601 2835 2664 quam
2863 2584 2951 2646 ob
2982 2599 3145 2645 cau-

679 2710 873 2771 sam,
908 2692 1327 2772 postularet,
1372 2708 1456 2754 eo
1496 2691 1836 2772 temporis
1875 2691 2250 2754 intervallo
2289 2688 2596 2770 majores
2624 2700 2925 2753 conatus
2953 2688 3145 2752 adhi-

687 2800 862 2864 bens
891 2807 1182 2861 satanas
1212 2817 1298 2861 ne
1329 2797 1444 2861 hic
1488 2798 1737 2861 salutis
1777 2816 1950 2861 suae
1990 2797 2442 2861 occasionem
2474 2816 2563 2860 ex
2602 2806 2749 2859 tam
2776 2796 3149 2877 praeclaro

687 2924 900 2985 opere
932 2906 1249 2983 haberet,
1284 2924 1440 2969 eum
1473 2904 1914 2985 expugnavit
1944 2905 2033 2967 ad
2064 2904 2469 2967 dilationem
2500 2903 3048 2982 diuturniorem;
3080 2914 3151 2966 et

687 3016 809 3093 ita,
843 3023 1068 3077 morte
1097 3013 1298 3075 brevi
1329 3011 1773 3089 succedente,
1807 3030 1941 3075 nec
1961 3011 2098 3074 hoc
2122 3011 2314 3091 pium
2336 3028 2536 3092 opuS,
2569 3028 2699 3073 nec
2722 3010 2905 3091 quod
2930 3009 3151 3073 frater

688 3121 1143 3201 suggerebat,
1179 3118 1508 3198 efficienS,
1543 3119 1731 3181 bona
1762 3135 1890 3181 sua
1922 3108 2339 3198 temporalia
2370 3117 2527 3181 aliis
2559 3117 2973 3197 usurpanda
2995 3116 3151 3181 reli-

685 3229 844 3309 quit
873 3228 1019 3311 ';·et
1049 3226 1503 3290 nihilominus
1533 3226 1849 3306 Collegio
1890 3234 2012 3289 aut
2040 3224 2301 3288 Domui
2340 3225 2690 3303 Burgensi
2733 3241 2874 3287 non
2906 3223 3151 3303 defuit,

689 3336 816 3415 qui
845 3352 1004 3399 eam
1035 3344 1491 3414 promoveret
1523 3344 1591 3395 et
1621 3343 1940 3412 augeret.
2658 3322 2664 3329 ’
2902 3334 2907 3337 ’

1262 3627 1388 3690 DE
1434 3627 1902 3692 COLLEGIO
1948 3626 2512 3693 COMPLUTEN
2516 3626 2597 3691 SI

816 3870 958 3934 877.
1049 3868 1362 3932 Absente
1405 3868 1480 3929 Ρ.
1527 3866 1915 3930 Francisco
1956 3866 2042 3929 de
2087 3865 2470 3929 Villanova
2514 3884 2557 3927 a
2598 3864 2914 3945 Collegio
2956 3865 3161 3930 Com-

785 4042 804 4073 ¹
863 4039 1196 4084 Conditiones
1227 4038 1324 4082 has
1352 4038 1420 4081 ab
1455 4037 1661 4080 Abbate
1684 4037 1746 4079 de
1771 4035 1923 4080 Salas
1962 4036 2156 4081 Romae
2192 4042 2513 4089 temperatas
2546 4036 2775 4090 explicat
2812 4035 3062 4080 Polaticus
3082 4037 3163 4081 lit·

703 4115 846 4169 teris,
877 4123 944 4157 ex
967 4123 1118 4161 com„
1137 4110 1278 4153 datis
1298 4110 1366 4153 ad
1389 4108 1702 4153 Canonicum
1727 4106 2060 4151 Benedictum
2081 4106 2363 4161 uguccioni
2384 4106 2439 4150 25
2463 4108 2687 4161 Augusti
2709 4108 2829 4152 155⁴.

779 4186 806 4217 ³
861 4185 938 4229 De
962 4184 1044 4228 his
1066 4185 1275 4237 longam
1305 4181 1513 4236 scripsit
1547 4181 1822 4235 epistolam
1853 4178 2108 4222 Polancus
2138 4179 2411 4221 Benedicto
2440 4178 2725 4233 Uguccioni
2763 4180 2813 4224 17
2846 4178 3164 4235 Septembris

706 4259 855 4313 hujus
877 4256 1000 4301 anni
1023 4256 1141 4309 1551,
1165 4255 1312 4309 cujus
1334 4264 1397 4296 en
1420 4260 1684 4307 postrema
1705 4254 1888 4296 verba:
1909 4250 2014 4293 “De
2036 4252 2089 4294 lo
2107 4262 2205 4305 que
2232 4253 2333 4293 aea
2355 4262 2657 4305 pasaremos
2676 4262 2773 4295 con
2793 4254 2842 4296 el
2866 4252 3033 4305 Abad,
3053 4256 3164 4297 avi-

702 4332 824 4375 sard
847 4332 878 4373 a.
898 4328 1050 4371 de.
1075 4326 1136 4371 de
1159 4337 1312 4369 mano
1333 4336 1398 4368 en
1419 4334 1587 4373 mano,
1609 4333 1707 4367 con
1726 4320 1873 4367 decit·
1892 4334 1990 4377 que
2012 4324 2062 4366 ei
2083 4324 2198 4366 esta
2220 4322 2324 4365 mal
2354 4333 2480 4366 sano
2502 4334 2535 4375 y
2556 4323 2692 4366 tiene
2724 4324 2801 4367 tal
2830 4324 2954 4367 vida
2985 4336 3101 4379 que,
3122 4327 3164 4369 si

704 4408 882 4455 presto
903 4412 968 4444 no
989 4400 1117 4443 hace
1141 4400 1300 4451 aigun
1319 4397 1455 4447 bien,
1479 4397 1526 4438 ia
1549 4401 1749 4438 muerte
1770 4405 1826 4437 es
1846 4394 1971 4438 facil
1992 4404 2112 4437 cosa
2134 4406 2231 4448 que
2253 4394 2299 4437 le
2318 4394 2478 4446 ataie,
2500 4406 2533 4451 y
2555 4395 2739 4448 quieta
2761 4394 3049 4447 Jesucristo
3070 4408 3166 4450 que

705 4486 769 4517 no
789 4485 878 4517 sca
899 4477 1097 4515 muerte
1119 4470 1182 4513 de
1202 4479 1394 4523 cuerpo
1409 4480 1440 4521 y
1463 4468 1524 4510 de
1547 4466 1736 4519 aalma,
1757 4466 1798 4509 si
1823 4469 1901 4509 asi
1924 4468 1969 4509 le
1992 4472 2129 4509 toma
2152 4466 2214 4509 de
2234 4471 2427 4519 presto.
2447 4465 2565 4509 Aca
2586 4469 2631 4509 le
2648 4466 2932 4522 ayudattios
2960 4470 3057 4511 con
3078 4470 3169 4512 dos

705 4546 864 4589 misas
888 4545 1020 4587 cada
1041 4544 1143 4592 dia,
1160 4552 1256 4595 que
1279 4552 1343 4583 no
1366 4552 1544 4583 vemos
1563 4546 1678 4583 otro
1699 4539 1868 4582 medio
1888 4539 1998 4582 sino
2020 4540 2290 4581 oraciones
2310 4549 2341 4592 y
2364 4540 2595 4581 movet-le
2611 4542 2644 4581 a
2658 4540 2853 4582 buenas
2864 4541 3020 4585 ebrus
3034 4552 3167 4596 para

706 4616 996 4670 disponer-le
1019 4617 1050 4657 a
1071 4611 1263 4657 recibir
1282 4611 1464 4667 gracia
1486 4610 1548 4654 de
1570 4609 1743 4654 Cristo
1765 4608 1990 4653 Nuestro
2014 4608 2177 4652 Seflor
2208 4619 2305 4651 con
2333 4619 2429 4663 que
2460 4620 2516 4652 se
2546 4610 2712 4653 salve.
2744 4608 2875 4654 Esto
2894 4620 2989 4665 por
3016 4612 3169 4656 avito

709 4689 771 4731 de
806 4687 956 4731 de.
987 4698 1021 4743 y
1056 4694 1250 4739 perque
1281 4694 1393 4727 mas
1423 4684 1470 4725 le
1504 4680 1832 4726 encomiende
1865 4684 1899 4724 a
1930 4680 2054 4724 Dios
2086 4678 2311 4724 Nuestro
2344 4678 2523 4733 Senot,
2558 4691 2691 4736 cuya
2726 4682 2913 4735 gracia
2942 4682 3165 4737 siempre

706 4769 890 4801 crezcn
914 4770 976 4800 en
998 4764 1238 4799 nuestras
1259 4754 1503 4803 animam„
3012 4758 3017 4763 ·
