3742 5392
742 417 818 474 34
1666 417 1917 476 CHRON.
1964 417 2115 476 Soc.
2157 419 2299 492 JES.

746 579 1054 627 nuenses
1095 580 1237 625 non
1275 564 1508 626 solum
1546 563 1830 626 audisse
1871 563 2165 626 libenter
2196 563 2318 626 sed
2352 563 2724 626 admisisse
2766 565 3211 642 videbantur;

745 680 816 734 et
844 671 942 733 ita
975 679 1139 733 ante
1165 668 1787 750 quadragesimam
1811 672 2057 732 larvae
2079 679 2148 733 et
2172 671 2311 733 alia
2342 668 2742 750 hujusmodi
2772 671 3034 733 omissa
3066 670 3219 734 fue-

741 787 931 840 runt.
970 777 1252 840 Accidit
1293 793 1433 838 uno
1464 777 1577 838 die
1607 777 1796 838 mille
1826 793 2116 855 aureOS,
2152 777 2290 840 alio
2328 777 2515 840 mille
2544 785 2615 839 et
2653 785 3039 854 trecentOS,
3075 778 3214 841 alio

745 885 884 947 duo
917 884 1132 948 millia
1163 883 1586 946 ducatorum
1619 883 1854 962 colligi
1884 884 1957 947 in
1996 882 2295 964 alicujus
2334 884 2804 948 commendati
2842 885 2940 964 pii
2980 884 3215 964 operis

741 991 1285 1055 subventionem
1321 989 1360 1049 ¹.
1930 984 1935 992 ’

867 1097 966 1161 47.
1057 1097 1236 1160 Cum
1285 1107 1524 1159 autem
1573 1096 1899 1159 absoluta
1950 1094 2525 1176 quadragesima,
2579 1098 2653 1160 in
2703 1115 2867 1177 qua,
2922 1109 3209 1177 praeter

745 1206 1028 1268 labores
1052 1203 1200 1284 jam
1230 1203 1493 1282 dict05,
1541 1201 1887 1282 jejunium
1936 1204 2153 1265 etiam
2203 1199 2693 1283 quotidianum
2744 1204 3205 1267 observatum

742 1311 979 1375 fuerat
1009 1330 1052 1374 a
1082 1309 1160 1374 P.
1194 1310 1506 1390 Laynez,
1538 1319 1834 1389 rogatus
1863 1309 1994 1372 fuit
2036 1328 2078 1371 a
2124 1310 2433 1374 Domino
2470 1310 2765 1374 Nicolao
2816 1310 3041 1386 Sauli,
3090 1310 3210 1375 So·

741 1419 1024 1482 cietatis
1055 1418 1308 1494 amic0‚
1345 1428 1420 1480 ut
1451 1418 1524 1480 in
1553 1417 1775 1496 ipsius
1807 1415 2129 1494 domum,
2175 1434 2357 1496 quae
2400 1419 2471 1480 in
2502 1418 3004 1481 amoenissimo
3046 1425 3213 1482 aere

741 1527 882 1588 sita
913 1535 1088 1598 erat,
1123 1523 1343 1586 animi
1372 1533 1440 1586 et
1471 1523 1725 1603 quietis
1757 1541 1975 1586 causa
2017 1540 2093 1585 se
2132 1523 2224 1586 ad
2262 1541 2531 1603 paucos
2572 1524 2721 1588 dies
2766 1525 3207 1602 transferret,

741 1643 846 1710 et,
893 1649 1054 1695 cum
1085 1631 1148 1694 ei
1179 1631 1655 1711 acquievisset
1685 1629 1760 1692 P.
1795 1630 2119 1710 Laynez,
2154 1632 2392 1693 statim
2422 1632 2494 1693 in
2524 1631 2682 1694 illos
2719 1649 2887 1695 suos
2931 1631 3211 1696 dolores

743 1740 1028 1802 iliorum
1081 1738 1364 1816 recidit,
1422 1745 1491 1799 et
1531 1746 1869 1816 expertus
1916 1745 2021 1799 est
2074 1745 2311 1800 aerem
2354 1738 2791 1802 subtiliorem
2843 1757 2927 1802 ac
2981 1740 3211 1819 purio-

743 1863 896 1909 rem
926 1862 1180 1926 parum
1210 1845 1344 1907 sibi
1376 1845 1759 1924 propitium
1789 1860 1970 1921 esse,
2006 1852 2076 1906 et
2108 1844 2204 1906 ita
2236 1845 2422 1924 apud
2447 1842 2516 1908 S.
2552 1842 2833 1924 Syrum,
2867 1847 3056 1926 quod
3088 1855 3211 1910 aer

743 1962 936 2016 esset
967 1951 1302 2027 crassior,
1337 1933 1586 2013 r'nelius
1615 1953 1880 2012 valere.

865 2059 965 2123 48.
1056 2060 1323 2123 Romae
1353 2058 1596 2137 magni
1628 2059 1963 2120 momenti
1993 2057 2477 2121 existimatum
2504 2058 2637 2122 fuit
2670 2078 2711 2122 a
2754 2060 2930 2123 viris
2969 2061 3208 2140 gravi-

744 2169 898 2247 buS,
933 2167 1121 2250 quod
1164 2165 1564 2246 respublica
1617 2165 2015 2228 Genuensis
2066 2166 2532 2229 constituerat
2582 2167 2669 2229 de
2719 2169 3207 2232 contractibus

743 2273 1240 2339 examinandis
1269 2284 1338 2336 et
1369 2273 1663 2336 arbitrio
1693 2271 1898 2336 Sedis
1928 2272 2387 2352 Apostolicae
2420 2272 2872 2353 subjiciendis
2899 2323 2913 2353 ,
2956 2286 3026 2338 et
3067 2284 3202 2338 sta-

744 2385 872 2447 tim
895 2382 1296 2448 Cardinalis
1318 2379 1505 2445 Stae.
1534 2380 1786 2443 Crucis
1815 2379 1838 2409 ¹
1863 2388 2274 2443 contractus
2306 2381 2603 2460 aliquos,
2636 2383 2753 2445 vel
2780 2382 3014 2462 potius
3038 2401 3201 2447 con-

741 2499 1101 2553 tractuum
1131 2487 1601 2564 difficultateS,
1636 2504 1813 2566 quas
1848 2504 1891 2549 a
1923 2486 2250 2564 theologo
2291 2485 2597 2566 quodam
2640 2489 2868 2568 perito
2914 2507 3199 2570 accepe-

742 2606 857 2661 rat
887 2596 1070 2677 apud
1103 2595 1500 2675 genuenses
1531 2595 1602 2656 in
1631 2611 1764 2656 usu
1797 2609 1977 2668 esse,
2014 2592 2105 2656 ad
2133 2592 2207 2655 P.
2254 2593 2542 2673 Laynez
2586 2595 2981 2658 transmisit
3020 2594 3066 2655 ⁵.
3099 2596 3204 2660 Ne

744 2714 984 2767 tamen
1035 2702 1327 2765 Genuae
1382 2717 1667 2763 manere
1718 2700 1832 2762 ille
1884 2708 2159 2778 posset,
2214 2700 2307 2762 ad
2354 2701 2492 2763 hoc
2538 2712 2608 2762 et
2648 2701 2738 2763 ad
2785 2701 3069 2781 collegii
3107 2703 3206 2766 in-

741 2810 1050 2874 choandi
1083 2808 1470 2887 negotium,
1503 2805 1848 2868 efficiebat
1879 2805 2277 2868 sollicitudo
2308 2804 2657 2870 Ducissae
2684 2805 2731 2886 ⁴,
2766 2826 2808 2870 a
2840 2825 3001 2888 qua,
3038 2825 3201 2872 cum

741 2921 1243 3000 impetrassent
1274 2912 1296 2944 ⁵
1326 2924 1398 2977 ut
1445 2913 1516 2976 in
1557 2912 2108 2993 quadragesima
2146 2910 2441 2976 Genuae
2490 2913 2581 2976 ad
2632 2916 3198 2979 concionandum

741 3042 1032 3089 manere
1061 3031 1333 3104 posset,
1367 3020 1732 3099 respondit
1762 3020 1883 3081 illa
1911 3036 2121 3098 posse
2165 3018 2552 3098 significari
2592 3019 3046 3101 Reipublicae
3085 3039 3205 3102 ge·

740 3133 994 3198 nuensi
1023 3130 1210 3211 quod
1241 3129 1326 3191 de
1356 3128 1568 3191 domo
1593 3135 1661 3188 et
1683 3126 1898 3189 rebus
1919 3126 2141 3205 ipsius
2164 3125 2513 3189 Ducissae
2536 3137 2775 3206 posset
2799 3129 3201 3208 respublica

739 3242 860 3305 illa
891 3240 1286 3319 disponere,
1316 3233 1887 3316 quandoquidem
1912 3234 2104 3296 illam
2125 3232 2407 3296 facilius
2431 3234 2841 3299 facultatem
2865 3235 3194 3318 dedisset,

735 3364 957 3430 quam
985 3343 1332 3408 retinendi
1363 3340 1631 3404 tamdiu
1661 3339 1735 3402 P.
1770 3340 2095 3418 Laynez;
2128 3349 2197 3402 et
2226 3349 2502 3402 tantum
2530 3342 2666 3404 hac
2691 3342 3094 3407 conditione
3124 3361 3201 3407 se

738 3457 812 3519 id
855 3453 1262 3534 permittere
1313 3459 1412 3528 ut,
1468 3447 1794 3510 absoluta
1847 3446 2420 3527 quadragesima,
2476 3448 2717 3510 statim
2767 3447 3202 3515 Florentiam

745 3634 833 3642 ,--

823 3735 838 3768 ¹
895 3731 1028 3776 Vide
1051 3739 1181 3782 quae
1205 3726 1264 3768 de
1288 3723 1633 3767 Genuensium
1654 3732 1781 3774 erga
1803 3731 2059 3776 pauperes
2081 3727 2133 3765 et
2154 3729 2399 3776 aegrotos
2420 3723 2739 3768 liberalitate
2762 3724 2984 3770 afferunt
3005 3727 3197 3781 passim

732 3813 995 3854 auctores,
1017 3797 1327 3854 praesertim
1351 3807 1410 3838 οε
1437 3793 1673 3846 Mamur»,
1699 3793 1905 3846 Genua,
1934 3793 2049 3836 sive
2083 3793 2311 3846 Reipub.
2348 3794 2646 3837 Genuensis
2679 3794 3093 3851 compendiaria
3114 3799 3205 3842 de·

735 3877 984 3932 scriptio.

817 3951 840 3983 Ω
893 3945 1170 3990 Marcellus
1192 3937 1426 3984 Cervini.

816 4022 838 4052 ³
895 4017 1058 4061 «Hace
1082 4011 1415 4057 comunicado
1435 4011 1486 4051 lo
1506 4009 1568 4052 de
1589 4009 1669 4051 las
1684 4017 1870 4051 usuras
1892 4017 1988 4050 con
2008 4008 2227 4060 algunos
2244 4008 2400 4052 delos
2417 4007 2733 4054 Cardenales
2754 4011 3067 4067 principales
3080 4026 3116 4068 y
3136 4025 3201 4058 en

735 4101 958 4139 estremo
981 4097 1166 4144 parece
1187 4095 1310 4128 cosa
1330 4084 1392 4125 de
1416 4081 1602 4124 mucha
1621 4079 1967 4135 imper-tancia
1990 4091 2053 4122 en
2074 4080 2120 4122 el
2141 4080 2317 4124 divino
2338 4081 2581 4126 servicio.
2602 4083 2739 4137 Aqui
2758 4087 2909 4128 envio
2932 4087 2963 4128 a
2980 4084 3045 4129 V.
3068 4085 3131 4130 R.
3145 4088 3201 4130 la

729 4167 882 4220 copia
903 4163 964 4205 de
994 4161 1214 4212 algunos
1243 4160 1541 4198 contractos
1575 4162 1670 4205 que
1705 4162 1762 4193 ae
1793 4161 1924 4193 usan
1959 4162 2022 4194 en
2056 4162 2143 4194 ese
2178 4153 2379 4205 pueblo,
2412 4164 2510 4207 que
2543 4165 2623 4198 me
2654 4155 2737 4198 dio
2766 4159 2817 4199 el
2848 4156 3107 4201 Cardenal
3136 4159 3199 4202 de

733 4237 898 4282 Santa
916 4235 949 4287 †
969 4241 1100 4286 para
1121 4227 1292 4272 inviar
1313 4229 1346 4268 a
1367 4224 1432 4266 V.
1457 4223 1530 4276 R.;
1554 4235 1586 4276 y
1606 4233 1700 4266 son
1721 4222 1781 4265 de
1803 4233 1907 4266 una
1927 4233 2149 4276 persona
2170 4223 2233 4266 de
2266 4225 2448 4269 mucho
2480 4227 2679 4270 credito
2710 4239 2781 4272 en
2802 4229 2927 4272 vida
2956 4242 2992 4286 y
3012 4230 3199 4282 letraS,

728 4319 865 4365 cuyo
887 4304 1098 4350 nombre
1120 4310 1190 4342 va
1211 4309 1274 4340 en
1293 4307 1361 4340 un
1379 4294 1634 4349 papelejo,
1657 4305 1690 4349 y
1713 4295 1955 4348 rasguele
1978 4293 2044 4336 V.
2068 4293 2127 4337 R.
2146 4305 2340 4349 porque
2365 4308 2431 4340 no
2451 4308 2505 4340 se
2526 4309 2669 4352 sepa,
2692 4311 2885 4354 porque
2919 4301 2969 4344 el
3004 4300 3199 4345 Carde-

730 4383 818 4425 nal
837 4374 1149 4422 'encomendo
1165 4381 1260 4425 que
1285 4380 1348 4411 no
1367 4379 1424 4411 se
1445 4365 1666 4420 aupiese.
1687 4365 2057 4420 Holgariamos
2077 4367 2139 4409 de
2162 4368 2406 4412 emender
2428 4381 2524 4424 que
2546 4382 2599 4413 se
2636 4373 2943 4428 concluyese
2964 4379 3077 4416 esto
3109 4375 3199 4417 an-

729 4461 812 4496 tes
832 4461 928 4504 que
949 4447 1012 4490 de
1031 4445 1120 4488 ahi
1142 4439 1370 4496 partiese
1391 4437 1458 4482 V.
1479 4437 1567 4488 R..
1590 4437 1634 4480 si
1657 4435 1781 4480 Dios
1803 4437 1945 4480 fuese
1967 4437 2219 4491 servido.„
2242 4438 2521 4492 Polancus,
2545 4452 2610 4484 ex
2640 4453 2791 4494 com„
2823 4442 2969 4489 Patri
3003 4442 3199 4496 Jacobo

727 4525 958 4578 Laynez,
977 4519 1005 4561 5
1023 4513 1224 4570 Aprilis
1247 4511 1369 4554 1554.

811 4594 836 4626 4
889 4587 1204 4635 Florentiae.
1223 4583 1272 4624 V
1279 4583 1357 4626 ide
1379 4593 1552 4636 supra.
1575 4592 1696 4636 pag.
1714 4581 1785 4634 33,
1807 4593 1855 4624 n.
1879 4581 1947 4634 45,
1973 4587 2024 4625 et
2044 4581 2205 4632 infra.
2229 4594 2275 4626 n,
2300 4583 2395 4628 233.

809 4665 830 4696 ⁵
889 4663 1202 4706 Genuenses.
