3742 5392
1616 447 1743 506 Aa.
1788 449 1930 506 1554
2944 449 3017 504 47

662 595 762 658 75.
852 595 1202 659 Postridie
1240 595 1457 674 igitur
1501 596 1891 659 Lauretum
1933 594 2465 676 pervenienteS‚
2510 613 2649 677 quo
2692 612 3015 675 praeces·

531 713 737 767 serat
764 703 1224 783 gubernator,
1260 704 1467 767 tertia
1499 703 1610 766 die
1652 703 2072 767 Decembris
2115 701 2131 734 ¹
2178 714 2502 766 amanter
2546 703 2825 781 excepti
2864 703 3011 766 sue-

543 821 707 874 runt
738 811 827 874 ab
857 827 942 874 eo
971 821 1039 872 et
1074 829 1115 873 a
1155 810 1648 873 sacerdotibus
1694 811 1849 891 ipso
1901 811 1973 873 in
2023 811 2351 890 ingressu
2401 811 2664 890 templi,
2718 811 2791 872 in
2842 827 3007 891 qu0‚

541 929 922 998 postquam
955 928 1312 996 orassent,
1347 918 1436 981 ab
1467 917 1733 980 eisdem
1763 918 2255 982 sacerdotibus
2284 927 2354 980 et
2384 917 2665 981 clericis
2710 917 3011 998 prandio

527 1027 825 1106 -excepti
867 1026 939 1088 in
978 1026 1292 1106 ipsorum
1333 1025 1714 1089 refectorio
1764 1024 2080 1103 fuerunt;
2136 1025 2387 1088 deinde
2438 1043 2481 1087 a
2532 1023 2843 1088 Domino
2874 1025 3013 1090 Ga-

539 1150 757 1213 sparo
809 1130 1302 1195 Gubernatore
1351 1132 1424 1195 in
1474 1133 1988 1196 habitationem
2037 1133 2302 1195 nostris
2348 1140 2676 1211 paratam
2726 1130 3011 1195 deducti

542 1240 862 1316 fuerunt,
905 1257 1088 1319 quae
1127 1257 1288 1303 cum
1328 1240 1564 1320 potius
1599 1239 1852 1303 decere
1898 1239 2256 1319 principes
2300 1248 2370 1302 et
2406 1242 2767 1319 praelatos
2795 1256 3007 1319 quam

543 1347 916 1426 religiosos
965 1346 1350 1425 videretur,
1405 1355 1565 1427 post
1616 1363 1833 1410 unum
1882 1347 1998 1409 vel
2047 1347 2347 1409 alterum
2396 1363 2741 1424 mensem,
2776 1348 3009 1410 locum

541 1454 982 1533 superiorem
1031 1453 1304 1532 domuS,
1358 1453 1431 1515 in
1482 1471 1620 1534 quo
1675 1453 1883 1517 modo
1934 1461 2347 1531 versantur,
2402 1455 2883 1533 postularunt,
2944 1463 3013 1516 et

539 1562 678 1624 illis
716 1560 846 1624 suit
893 1561 1333 1640 assignatuS,
1379 1561 1548 1642 quia
1586 1560 1885 1640 singulis
1936 1561 2219 1638 singula
2264 1560 2591 1623 cubicula
2632 1561 2789 1623 dari
2820 1570 3011 1640 pote-

537 1677 734 1742 rant;
771 1679 838 1730 et
869 1668 1011 1730 alia
1042 1669 1407 1748 complura
1437 1667 1512 1730 in
1540 1685 1747 1730 usum
1778 1669 2056 1730 culinae
2100 1675 2170 1730 et
2218 1665 2579 1730 refectorii
2609 1677 2679 1730 et
2709 1669 3012 1732 aliarum

539 1773 987 1838 officinarum
1035 1774 1392 1838 habebant
1439 1772 1486 1833 ³.
1541 1773 2031 1853 Significatum
2076 1784 2313 1836 tamen
2356 1772 2489 1837 fuit
2525 1775 2791 1838 nostris
2822 1776 3011 1856 quod

538 1882 707 1944 alibi
757 1881 1140 1960 collegium
1191 1881 1264 1944 iu
1313 1879 1778 1944 commodiori
1840 1898 1927 1944 ac
1978 1881 2361 1944 salubriori
2412 1883 2571 1944 loco
2626 1883 3007 1963 aliquando

541 1990 717 2069 ipsis
747 1997 935 2052 esset
961 1989 1434 2052 tribuendum.

660 2095 762 2158 76.
850 2094 1072 2159 Simul
1113 2105 1327 2176 atque
1376 2095 1602 2158 nostri
1651 2095 1891 2158 sedem
1940 2095 2271 2173 fixerunt,
2327 2105 2612 2176 praeter
2662 2113 2771 2175 ea,
2824 2114 3005 2177 quae

541 2203 908 2284 pertinent
957 2202 1048 2265 ad
1098 2203 1455 2282 privatam
1501 2210 1907 2265 nostrorum
1959 2203 2439 2282 disciplinam,
2493 2202 2746 2266 studiis
2794 2203 3009 2267 etiam

545 2309 1046 2373 humaniorum
1075 2310 1471 2371 litterarum
1515 2307 1927 2388 diligentem
1970 2325 2263 2388 operam
2310 2307 2598 2373 dabant.
2642 2309 3009 2388 praelege-

541 2418 802 2480 bantur
833 2416 1049 2480 etiam
1078 2416 1357 2495 aliquae
1383 2416 1728 2478 lectiones
1759 2415 1980 2492 (libris
2008 2433 2099 2478 ex
2128 2416 2302 2480 urbe
2332 2415 2609 2479 Veneta
2640 2417 2907 2494 allatis)
2940 2426 3009 2479 et

539 2523 824 2587 demum
853 2524 1081 2586 nostri
1109 2521 1132 2554 ⁸
1163 2523 1235 2586 in
1277 2522 1529 2586 litteris
1559 2521 2053 2603 proficiebant,
2108 2531 2177 2586 et
2228 2523 2301 2586 in
2347 2523 2604 2602 quibus
2642 2534 3001 2604 poterant,

539 2629 843 2710 Collegii
871 2629 1175 2694 Romani
1205 2629 1584 2694 formulam
1613 2631 2122 2711 sequebantur;
2170 2640 2240 2693 et
2281 2631 2379 2693 ita
2426 2631 2500 2693 in
2545 2630 3007 2694 concionibus

535 2737 949 2801 domesticis
978 2746 1046 2800 et
1069 2737 1510 2800 orationibus
1533 2735 1770 2799 latinis
1799 2735 2145 2799 habendis
2174 2754 2251 2800 se
2282 2737 2741 2816 exercebant;
2788 2737 3005 2817 publi·

525 2861 620 2907 -ce
649 2845 862 2907 etiam
893 2844 966 2906 in
995 2846 1232 2923 platea
1263 2853 1384 2906 aut
1411 2843 1592 2905 vicis
1612 2842 1932 2922 publicas
1954 2843 2488 2906 exhortationes
2506 2853 2759 2906 contra
2782 2845 3006 2907 circu-

540 2953 833 3028 latoreS,
883 2959 951 3013 et
991 2951 1170 3013 alias
1214 2949 1535 3030 privatas
1573 2949 2107 3012 exhortationes
2131 2949 2519 3026 habebant;
2552 2958 2623 3012 et
2661 2950 2735 3013 in
2777 2952 2999 3014 eccle·

535 3057 645 3120 sia
674 3058 888 3120 etiam
919 3056 994 3120 P.
1027 3055 1340 3138 Joannes
1370 3055 1798 3118 Laurentius
1840 3055 2221 3118 Patarinus
2250 3052 2272 3085 ⁴
2303 3073 2468 3120 cum
2510 3055 3001 3121 aedificatione

523 3164 712 3228 cleri
741 3173 812 3226 et
841 3163 1079 3244 populi
1111 3162 1519 3226 concionari
1551 3162 1806 3242 coepit.

655 3269 756 3332 77.
846 3269 1173 3349 Quinque
1202 3268 1611 3332 sacerdotes
1641 3265 1664 3298 ⁸
1707 3286 1871 3333 cum
1908 3286 2167 3332 novem
2220 3269 2377 3332 aliis
2427 3268 2765 3333 fratribus
2818 3272 3004 3334 inter

619 3475 636 3508 ¹
694 3475 867 3519 Voces
897 3475 995 3518 hae
1019 3476 1183 3518 tertia
1215 3475 1304 3518 dte
1330 3475 1647 3518 Decembris
1667 3475 1800 3518 inter
1821 3475 1987 3518 lineas
2008 3475 2216 3518 additae
2236 3483 2372 3519 sunt.
2395 3474 2710 3520 “Lauretum
2740 3475 2902 3531 igitur
2932 3478 3005 3521 in·

534 3547 704 3601 gressi
723 3559 899 3592 sumus
917 3548 946 3589 3
961 3547 1262 3590 Decembris
1282 3557 1416 3590 anno
1437 3546 1555 3600 1554,
1577 3547 1629 3590 in
1649 3547 1950 3591 universum
1971 3548 2032 3590 de
2051 3545 2313 3590 Societate
2337 3547 2401 3602 14,
2424 3559 2638 3602 quorum
2658 3547 2685 3590 7
2706 3549 2837 3591 ve18
2856 3557 3005 3593 erant

537 3618 865 3672 Sacerdotes,
880 3619 1070 3671 reliqui
1093 3617 1434 3673 coadjutores
1449 3625 1504 3660 et
1525 3619 1788 3670 studiosi...
1808 3618 2092 3663 Ouvamus
2112 3617 2410 3668 Maxanaus.
2429 3620 2462 3661 l.
2484 3629 2547 3672 c.,
2570 3617 2616 3672 §-
2638 3620 2681 3661 1.

619 3691 642 3720 ¹
697 3689 858 3743 “Quia
878 3701 1004 3733 vero
1025 3691 1101 3732 ita
1120 3697 1331 3742 repente
1351 3689 1525 3733 fuerat
1545 3690 1608 3732 de
1623 3689 1855 3744 collegio
1878 3691 1927 3733 in
1940 3689 2079 3734 Urbe
2100 3690 2441 3734 constitutum
2461 3694 2535 3740 (et
2556 3690 2677 3744 quia
2690 3691 2758 3734 ibi
2773 3696 2889 3734 erat
2905 3690 3006 3735 Gu-

536 3764 810 3814 bernator;
830 3772 928 3805 non
953 3761 1065 3804 ausi
1087 3761 1293 3804 fuerunt
1317 3761 1587 3814 [canonici]
1623 3773 1680 3804 se
1712 3765 2006 3816 opponere);
2040 3762 2092 3804 in
2127 3763 2303 3805 eodem
2326 3761 2553 3805 triclinio
2586 3773 2677 3805 seu
2712 3761 3003 3816 refectorio,

537 3843 716 3877 mensa
735 3833 933 3886 eadem,
955 3837 1202 3886 separata
1226 3838 1399 3875 tamen
1421 3835 1487 3876 ab
1509 3833 1650 3886 ipsis,
1667 3835 1814 3877 nobis
1833 3833 2079 3876 utendum
2102 3833 2197 3876 fuit
2219 3833 2285 3876 ad
2306 3833 2503 3886 aliquot
2520 3844 2741 3878 menses.
2766 3833 2863 3877 Sed
2881 3835 3005 3888 qula

537 3905 796 3958 utrisque,
818 3905 870 3948 id
892 3911 994 3956 est,
1017 3903 1290 3946 canonicis
1309 3911 1362 3948 et
1381 3905 1528 3949 nobis
1549 3905 1923 3948 Incommodum
1944 3912 1996 3948 et
2018 3905 2201 3948 durum
2222 3911 2339 3948 erat
2355 3937 2366 3958 ,
2388 3912 2496 3948 tam
2520 3905 2825 3958 importunis
2846 3905 3006 3959 preci·

539 3979 634 4020 bus
661 3975 886 4020 ursimus
924 3973 1341 4019 Gubernatorem
1355 4008 1366 4028 ,
1407 3982 1465 4019 ut
1504 3976 1648 4020 nobis
1688 3975 1973 4030 assignarit
2011 3987 2303 4030 supremam
2343 3977 2782 4030 contignationem
2803 3977 3004 4031 palatii,

539 4057 597 4092 ut
637 4047 690 4091 in
726 4057 788 4090 ea
826 4047 1138 4091 domicilium
1173 4055 1406 4090 nostrum
1440 4050 1826 4090 collocaremus.
1866 4047 2035 4091 Erant
2074 4047 2127 4090 in
2157 4059 2215 4090 eo
2250 4048 2446 4101 aliquot
2486 4049 2722 4092 cubicula
2754 4049 3007 4092 ministris

537 4119 806 4162 Ecclesiae
827 4119 1224 4163 accommodata
1238 4151 1248 4170 ,
1267 4119 1350 4172 qui
1374 4119 1499 4163 alibi
1519 4120 1756 4163 collocati
1777 4125 1914 4172 sunt,
1935 4126 1986 4163 et
2006 4119 2261 4173 paulatim
2280 4129 2408 4163 vero
2438 4117 2747 4164 sufficientia
2768 4121 3005 4165 cubicula

533 4203 598 4234 ac
619 4191 914 4234 necessaria
937 4191 1107 4234 omnia
1127 4190 1334 4234 fuerunt
1357 4189 1500 4234 nobis
1521 4199 1754 4244 parata...
1777 4189 1850 4234 ld.
1874 4191 2011 4242 ibid„
2034 4191 2075 4244 §-
2098 4191 2137 4234 2.

617 4263 640 4294 ³
695 4261 794 4305 Hic
817 4263 960 4316 prius
980 4261 1229 4316 scriptum
1251 4269 1368 4305 erat
1387 4263 1686 4317 adjuvante
1706 4262 1840 4305 coeti
1863 4263 2105 4316 Regnum,-
2134 4263 2225 4306 sed
2260 4263 2397 4306 linea
2430 4263 2746 4316 superducta
2778 4264 3003 4308 deletum

535 4341 643 4386 est;
663 4333 799 4377 sorte
821 4343 885 4377 ne
907 4333 1022 4388 quis
1041 4341 1243 4377 tantum
1264 4333 1420 4376 fuisse
1441 4338 1736 4377 nostrorum
1761 4335 1811 4378 in
1835 4334 2024 4378 litteris
2044 4334 2336 4389 profectum
2356 4333 2710 4388 existimaret,
2747 4343 2804 4378 ut
2834 4337 3005 4390 prodi·

535 4407 620 4458 gio
640 4411 732 4449 aut
754 4405 1004 4448 miraculo
1025 4405 1208 4448 similis
1227 4405 1407 4448 haberi
1428 4405 1654 4449 deberet.

615 4479 640 4510 ⁴
691 4477 890 4522 Vocem
911 4478 1045 4521 hanc
1065 4477 1366 4520 Patartnus
1385 4479 1750 4533 superscripsit
1771 4478 1882 4532 ipse
1903 4478 2177 4522 Polancus.

615 4549 640 4581 ⁸
693 4549 910 4604 Septem
932 4549 1018 4592 vel
1039 4551 1149 4592 octo
1169 4549 1486 4592 Sacerdotes
1505 4550 1786 4603 scripserat
1809 4547 2071 4593 Oliverlus
2090 4549 2391 4604 Manareus;
2413 4551 2502 4594 sed
2525 4551 2645 4594 dum
2661 4550 2791 4594 haec
2813 4561 2868 4594 se
2878 4552 3005 4594 ribe-

530 4622 652 4674 bat,
674 4622 828 4676 paulo
849 4621 1051 4665 scilicet
1079 4627 1200 4664 ante
1219 4632 1410 4665 annum
1433 4621 1551 4674 1599,
1574 4621 1818 4664 memoria
1851 4621 2119 4666 exciderat
2154 4631 2423 4676 numerus,
2456 4623 2675 4676 ideoque
2709 4622 2892 4666 dubius
2927 4623 3003 4666 ait

529 4695 744 4746 septem
763 4690 852 4735 vel
871 4693 1000 4736 octo.
1023 4689 1152 4734 Vide
1175 4691 1389 4735 editoris
1409 4692 1785 4746 praefationem
1805 4693 1873 4736 ad
1898 4691 2353 4736 commentarium
2384 4693 2615 4738 Manarei
2631 4725 2641 4746 ,
2660 4705 2783 4748 pag.
2805 4705 2876 4736 w.
