3742 5392
813 475 926 536 532
1731 477 1989 540 Cannu.
2030 479 2184 540 Soc.
2226 479 2367 553 Jns.

813 635 980 705 tate,
1012 626 1392 708 prudentia
1422 643 1509 690 ac
1535 625 1988 707 simplicitate
2020 645 2106 692 ac
2135 629 2425 709 reliquis
2452 629 2837 694 virtutibus
2864 630 3097 710 ipsum
3124 649 3283 712 pro-

811 734 1115 798 cessisse
1134 778 1159 819 ,ι
1185 743 1262 798 ut
1289 733 1655 798 videretur
1692 752 1736 796 a
1773 732 2083 798 Domino
2124 735 2395 799 electus
2432 753 2590 800 esse
2634 737 2727 800 ad
2766 738 2905 801 hoc
2942 755 3155 818 opuS,
3191 739 3283 802 ad

812 841 997 923 quod
1020 841 1098 904 P.
1123 841 1442 920 Ignatius
1465 858 1626 906 eum
1649 843 1965 920 miserat,
1994 851 2063 906 et
2086 844 2311 906 multa
2332 843 2535 906 brevi
2555 852 2873 925 tempore
2896 843 3280 908 Dominum

811 959 1184 1030 operatum
1213 967 1370 1012 esse
1397 967 1526 1030 per
1555 949 1781 1028 illum,
1815 949 2145 1030 quodque
2176 951 2474 1014 multum
2504 950 2903 1015 laborasset
2932 961 3001 1015 et
3044 953 3277 1017 aedifi·

809 1056 1112 1121 cationis
1149 1056 1530 1137 plurimum
1574 1074 1706 1120 suo
1747 1058 2074 1137 exemplo
2115 1066 2185 1120 et
2227 1058 2465 1121 verbis
2505 1059 2835 1122 omnibus
2878 1060 3085 1123 nobis
3128 1061 3279 1124 reli-

791 1165 1098 1244 ¹quisset.

933 1272 1110 1337 1134.
1196 1272 1586 1352 Egregium
1613 1272 1801 1336 idem
1829 1271 2063 1336 reddit
2089 1273 2572 1337 testimonium
2595 1275 2683 1336 de
2705 1273 2782 1337 P.
2810 1273 3082 1339 Mirone
3106 1275 3273 1339 Pro-

803 1379 1126 1458 vinciali,
1175 1380 1318 1460 qui,
1369 1387 1750 1459 postquam
1797 1379 2207 1460 aliquandiu
2250 1381 2325 1443 in
2370 1379 2692 1460 Collegio
2740 1381 2902 1461 fuit,
2956 1392 3036 1446 ut
3084 1383 3274 1463 apud

805 1483 880 1551 S.
909 1486 1307 1551 Antonium
1349 1503 1624 1550 merum
1652 1494 1838 1550 esset
1879 1485 2277 1566 Collegium
2296 1535 2311 1564 ,
2346 1487 2437 1550 ad
2465 1488 2752 1551 domum
2781 1488 3271 1554 Professorum

801 1593 926 1660 Sti.
960 1594 1188 1659 Rochi
1216 1593 1576 1673 migravit,
1609 1602 1681 1656 et
1710 1593 1985 1673 aliquos
2015 1594 2427 1657 sacerdotes
2456 1611 2543 1658 ac
2574 1595 2865 1674 fratreS,
2900 1597 3024 1677 qui
3054 1613 3238 1676 nego
3257 1631 3271 1642 -

801 1703 922 1766 tiis
950 1701 1477 1765 universalibus
1505 1699 1909 1779 SocietatiS,
1942 1701 2058 1763 vel
2082 1709 2539 1764 externorum
2568 1701 3130 1767 confessionibus
3154 1723 3271 1767 au—

800 1810 1075 1874 diendis
1106 1809 1490 1886 vacabant,
1526 1825 1769 1872 secum
1797 1808 2112 1887 deduxit,
2146 1816 2218 1871 et
2250 1817 2526 1872 tantum
2558 1811 2747 1889 apud
2776 1809 2847 1874 S.
2880 1809 3271 1875 Antonium

799 1936 923 1981 eos
955 1915 1319 1998 operarios
1349 1916 1672 1996 reliquit,
1706 1915 1824 1994 qui
1855 1931 2019 1978 cum
2048 1915 2495 1979 scholasticis
2526 1917 2811 1980 omnino
2842 1927 2912 1980 et
2940 1918 3012 1980 in
3044 1917 3265 1982 Colle-

795 2025 900 2106 gii
927 2025 1138 2088 rebus
1169 2022 1564 2103 occupandi
1592 2031 1818 2098 erant,
1853 2030 1923 2085 et
1954 2023 2240 2085 casibus
2271 2023 2747 2086 conscientiae
2777 2023 2949 2088 dare
2978 2043 3265 2106 operam

798 2141 920 2196 aut
961 2131 1373 2194 concionari
1414 2139 1483 2192 et
1527 2131 1766 2209 legere
1807 2129 2176 2193 debebant.
2226 2128 2571 2207 Quamvis
2610 2139 2848 2194 autem
2885 2134 3262 2212 pauciores

799 2239 1025 2304 relicti
1053 2247 1248 2317 sunt,
1283 2237 1374 2300 ad
1403 2255 1489 2301 ea
1517 2246 1786 2314 tamen,
1821 2253 2004 2316 quae
2032 2245 2395 2316 poterant,
2440 2237 2873 2316 praestanda
2900 2239 3077 2301 satis
3120 2241 3264 2302 ani—

796 2346 969 2411 mati
998 2354 1223 2409 erant.

919 2453 1094 2517 1135.
1181 2450 1516 2532 Suggerit
1546 2460 1784 2514 tamen
1813 2449 1891 2514 P.
1916 2450 2176 2527 Natali,
2204 2452 2323 2532 qui
2352 2450 2587 2515 adhuc
2610 2453 2856 2516 eratin
2882 2453 3257 2533 Hispania,

793 2560 1380 2643 olyssiponensis
1409 2558 1697 2637 Rector,
1731 2557 1922 2639 quod
1952 2560 2205 2621 saltem
2237 2560 2476 2638 plures
2504 2577 2595 2622 ex
2622 2558 2963 2623 fratribus
2990 2561 3259 2624 schola-

790 2670 990 2734 sticis
1018 2669 1092 2733 in
1120 2667 1437 2747 Collegio
1469 2664 1597 2730 Sti.
1629 2665 1925 2729 Antonii
1953 2666 2254 2745 relinqui
2285 2675 2679 2746 oporteret,
2715 2675 2791 2729 ut
2828 2666 3259 2746 defatigatos

787 2785 1292 2858 praeceptores
1321 2775 1801 2850 sublevarent,
1831 2789 1993 2836 cum
2018 2790 2200 2853 opus
2230 2783 2439 2852 esset,
2469 2782 2539 2836 et
2567 2773 2851 2836 interim
2873 2791 2951 2836 se
2975 2791 3257 2838 exerce·

787 2894 944 2947 rent
973 2884 1066 2947 ad
1095 2881 1652 2963 praelegendum
1674 2881 1748 2942 in
1777 2881 1898 2944 illo
1924 2880 2039 2942 vel
2069 2880 2225 2943 aliis
2251 2880 2568 2959 collegiis
2596 2879 2635 2957 ¹,
2670 2889 2739 2944 et
2762 2881 2834 2943 in
2865 2881 3022 2944 aliis
3044 2883 3261 2945 etiam

779 2992 994 3055 rebus
1024 2989 1418 3068 Collegium
1453 2987 1818 3067 juvarent,
1867 2997 1945 3050 ut
1984 2988 2057 3050 in
2100 2988 2402 3051 lectione
2444 3005 2763 3068 mensae,
2813 2990 2886 3053 in
2924 2990 3253 3053 sacristia

777 3099 1027 3163 diebus
1055 3098 1277 3175 festiS,
1311 3104 1380 3158 et
1409 3096 1514 3159 sic
1543 3096 1616 3158 in
1640 3095 1818 3172 aliis,
1854 3096 1969 3157 vel
1994 3095 2270 3175 aliquos
2291 3095 2600 3158 novitios
2624 3096 2716 3159 ad
2742 3097 2919 3158 haec
2942 3097 3253 3160 ministe-

777 3207 887 3271 ria
931 3204 1310 3268 mittendos
1349 3220 1504 3268 esse
1534 3202 1592 3280 ⁸,
1627 3219 1787 3265 cum
1829 3203 2079 3282 paucis
2108 3201 2131 3232 ³
2174 3201 2453 3266 difficile
2494 3212 2681 3266 esset
2714 3202 2917 3282 juxta
2958 3205 3252 3283 regulas

779 3314 1174 3393 Collegium
1204 3311 1373 3375 illud
1401 3311 1827 3374 instructum
1857 3310 2142 3386 habere,
2177 3318 2247 3372 et
2278 3327 2368 3372 ex
2396 3309 2611 3372 nimio
2642 3311 2885 3374 labore
2913 3311 2988 3374 in
3020 3313 3251 3391 aegri-

775 3421 1091 3484 tudinem
1119 3419 1512 3483 inciderent
1530 3464 1544 3493 ,
1579 3427 1648 3480 et
1677 3418 2214 3481 distractionem
2244 3417 2315 3480 in
2347 3417 2670 3480 oratione
2700 3427 3110 3498 paterentur
3130 3468 3144 3497 ,
3180 3427 3251 3481 et

774 3530 1066 3608 regulae
1095 3528 1326 3590 minus
1357 3524 1727 3589 observari
1755 3534 2048 3605 possent
2074 3521 2137 3602 ⁴;
2172 3540 2303 3587 nec
2334 3525 2741 3588 necessaria
2773 3526 2864 3589 ad
2906 3543 3031 3588 eos
3061 3528 3248 3589 alen·

767 3635 900 3699 dos
928 3634 1257 3699 defutura
1289 3651 1445 3696 esse
1475 3633 1548 3695 in
1577 3640 1776 3695 tanto
1805 3632 2065 3711 populo
2098 3641 2386 3712 tamque
2415 3647 2592 3710 erga
2623 3642 2909 3696 nostros
2939 3634 3242 3697 benevo-

769 3745 870 3814 lo:
904 3743 1029 3804 sed
1067 3739 1336 3820 majora
1381 3738 1694 3802 subsidia
1739 3737 2097 3818 speranda
2141 3755 2298 3801 esse
2343 3739 2408 3801 ei
2448 3738 2871 3803 videbantur
2916 3740 2975 3803 si
3019 3739 3241 3804 Colle-

766 3849 961 3930 gium
991 3848 1118 3913 Sti.
1152 3847 1450 3912 Antonii
1479 3865 1522 3910 a
1553 3847 2117 3911 Conimbricensi
2148 3856 2627 3927 separaretur.
2660 3847 2797 3911 Ubi
2826 3848 3012 3911 enim
3046 3848 3244 3911 intel-

762 3959 1024 4020 lectum
1053 3968 1241 4019 esset
1269 3955 1537 4019 reditus
1566 3971 1710 4017 non
1743 3955 2025 4033 habere,
2062 3972 2191 4017 nec
2216 3972 2258 4017 a
2281 3953 2848 4020 Conimbricensi
2872 3954 3239 4036 Olyssipo-

757 4081 977 4128 nense
1008 4064 1403 4144 Collegium
1433 4061 1783 4142 adjuvari,
1816 4064 2058 4142 plures
2088 4061 2279 4125 haud
2308 4062 2517 4125 dubie
2540 4062 2705 4126 huic
2737 4064 2937 4143 operi
2960 4064 3237 4144 prospi—

839 4380 854 4411 ί
915 4379 1050 4424 Vide
1070 4389 1246 4434 supra,
1269 4389 1390 4432 pag.
1410 4379 1506 4428 471,
1525 4390 1573 4420 n.
1599 4376 1719 4421 1003.

833 4454 856 4486 ἱ
910 4451 1217 4496 Praevaluit
1238 4451 1323 4494 hic
1344 4461 1454 4493 mos
1475 4450 1526 4492 in
1549 4449 1837 4504 Societate,
1859 4457 1916 4495 ut
1939 4451 1990 4494 in
2011 4451 2155 4504 locis,
2179 4451 2263 4494 ubi
2286 4459 2403 4496 erat
2423 4452 2744 4506 probationis
2767 4453 2946 4498 domus
2966 4459 3058 4498 aut
3078 4456 3232 4498 colle·

747 4525 892 4580 gium
910 4525 1062 4568 simul
1085 4534 1200 4566 cum
1231 4522 1583 4576 professorum
1605 4523 1769 4576 domo,
1792 4521 1860 4566 ad
1890 4522 2024 4566 hanc
2057 4522 2361 4577 quandoque
2392 4525 2702 4568 accederent
2734 4526 3036 4570 scholastici
3056 4533 3111 4570 et
3144 4538 3233 4570 no·

751 4597 866 4642 vitii
887 4603 944 4640 ut
965 4597 1017 4640 in
1036 4596 1190 4638 rebus
1207 4626 1216 4644 ,
1235 4594 1297 4636 de
1318 4592 1502 4648 quibus
1524 4593 1606 4637 hic
1629 4592 1684 4636 fit
1705 4605 1891 4648 sermo,
1914 4594 2045 4638 alios
2063 4594 2314 4649 Juvat-ent
2332 4605 2489 4649 seque
2514 4603 2835 4640 exercerent.

829 4668 852 4698 ⁸
907 4667 1017 4710 Hoc
1040 4674 1138 4718 est,
1161 4675 1276 4708 cum
1299 4666 1514 4718 exiguus
1535 4675 1728 4712 eorum.
1751 4665 1835 4719 qui
1857 4666 2136 4720 collegium
2157 4667 2243 4710 vel
2264 4665 2466 4710 dom'um
2490 4667 2717 4712 incolunt
2737 4699 2747 4720 ,
2764 4677 2845 4713 est
2866 4673 3139 4715 nnmeruS.

829 4741 853 4771 ⁴
906 4737 1044 4781 Vide
1063 4748 1249 4790 supra,
1274 4743 1311 4779 t.
1336 4745 1411 4788 m,
1433 4747 1552 4790 pag.
1574 4735 1644 4784 40.
1666 4746 1716 4780 n.
1735 4737 1806 4780 72.
