3742 5392
703 440 814 499 360
1620 436 1879 498 Canos.
1922 437 2075 497 Soc.
2118 438 2257 511 Jsss.

703 586 892 649 serio
924 584 1255 664 agebant,
1290 594 1365 648 ut
1395 584 1456 647 si
1486 601 1696 664 quem
1725 584 1941 648 alium
1980 601 2280 664 puerum
2308 584 2787 649 irreverenter
2816 583 3175 664 jurantem

705 690 1368 772 deprehendissent,
1433 708 1579 753 non
1635 691 1832 771 prius
1895 708 2055 754 eum
2117 690 2594 770 relinquerent
2642 708 2855 771 quarn
2906 701 3169 755 terram

701 798 1016 862 osculari
1056 807 1416 877 cogerent.

823 903 963 969 767.
1049 903 1234 968 Aliis
1263 904 1476 968 etiam
1507 904 1836 985 operibus
1865 905 2153 985 pietatis
2179 905 2367 969 idem
2396 904 2607 969 Pater
2636 907 2970 985 vacabat;
3005 925 3173 970 nam

702 1012 883 1075 inter
914 1013 1170 1075 multos
1199 1008 1624 1075 dissidentes
1647 1028 1900 1091 pacem
1924 1012 2321 1091 composuit
2344 1020 2415 1074 et
2436 1012 2593 1075 lites
2616 1014 2919 1091 sustulit,
2948 1023 3016 1077 et
3042 1014 3166 1077 mi-

700 1119 1043 1182 rabantur
1066 1135 1250 1196 eum,
1277 1135 1438 1182 cum
1464 1117 1708 1180 Abbas
1731 1125 1937 1196 esset,
1965 1118 2035 1181 in
2059 1118 2362 1181 ecclesia
2387 1118 2671 1182 assidue
2701 1116 3053 1200 [versari],
3076 1121 3173 1184 vi-

701 1226 824 1299 riS‚
865 1224 1278 1289 mulieribus
1307 1234 1377 1287 et
1405 1225 1645 1304 pueris
1685 1224 2077 1300 audiendiS‚
2112 1225 2232 1305 qui
2275 1224 2371 1289 ad
2410 1224 2931 1289 confessionem
2976 1244 3173 1290 acce·

702 1333 992 1409 debant;
1037 1340 1105 1395 et
1149 1333 1418 1397 nullum
1455 1331 1810 1395 Abbatem
1839 1332 2075 1396 visum
2122 1332 2217 1396 ibi
2266 1332 2484 1396 fuisse
2534 1333 3003 1413 affirmabant,
3047 1334 3169 1413 qui

697 1439 1186 1503 confessiones
1214 1439 1560 1519 audisset;
1594 1449 1664 1503 et
1695 1440 1828 1502 hoc
1869 1440 2102 1519 ipsum
2138 1440 2273 1503 sibi
2316 1440 2689 1519 displicere
2730 1439 2976 1503 Abbas
3021 1458 3164 1504 res·

701 1546 1078 1627 pondebat,
1105 1546 1294 1625 quod
1322 1546 1444 1609 alii
1472 1546 1771 1611 subditis
1799 1556 1870 1609 et
1898 1544 2062 1609 filiis
2090 1546 2239 1611 suis
2268 1556 2415 1609 tam
2442 1546 2853 1626 diligentem
2874 1564 3168 1627 operam

699 1671 913 1733 quam
943 1653 1314 1733 oportebat
1341 1671 1486 1717 non
1514 1652 2045 1734 impendissent.
2080 1652 2433 1717 Censebat
2462 1652 2649 1718 idem
2677 1653 2750 1717 in
2779 1670 3168 1733 puerorum

701 1761 1186 1841 orphanorum
1231 1760 1553 1839 collegiis
1595 1760 1832 1823 utilem
1885 1758 2095 1824 valde
2138 1776 2429 1840 operam
2480 1776 2689 1840 posse
2739 1758 3171 1825 Societatem

702 1876 1022 1932 nostram
1051 1867 1480 1947 impendere,
1522 1885 1646 1930 eos
1674 1867 1747 1930 in
1793 1866 2115 1929 oratione
2154 1875 2224 1929 et
2262 1867 2541 1930 ratione
2588 1864 3054 1931 confessionis
3098 1878 3169 1929 et

701 1974 1222 2051 communionis
1244 1973 1678 2051 instruend0,
1701 1974 2031 2054 quamvis
2052 1973 2454 2037 voluntarie
2470 1982 2539 2037 et
2561 1973 2713 2037 sine
2738 1974 3169 2053 obligatione

702 2081 774 2145 id
795 2081 994 2146 fieret
1029 2080 1070 2161 ¹;
1102 2090 1171 2144 et
1199 2080 1388 2161 quod
1416 2081 1530 2144 ille
1559 2080 1769 2144 Pater
1799 2080 2159 2161 peculiare
2187 2081 2530 2144 talentum
2558 2080 2648 2144 ad
2677 2080 2864 2143 hanc
2895 2081 3164 2145 institu-

697 2189 962 2251 tionem
991 2205 1376 2268 puerorum
1405 2188 1478 2251 in
1505 2187 1945 2266 Portugallia
1970 2187 2400 2266 ostenderat,
2426 2204 2861 2268 magnopere
2893 2205 2937 2250 a
2964 2187 3163 2268 Rege

697 2295 1178 2373 portugalliae
1215 2295 1467 2357 litteris
1508 2295 1897 2374 urgebatur
1946 2294 2039 2357 ad
2087 2294 2551 2373 collegiorum
2603 2292 3030 2374 hujusmodi,
3092 2296 3163 2359 in

695 2402 952 2482 quibus
981 2402 1181 2481 pueri
1212 2401 1785 2479 instituebantur,
1821 2417 2069 2464 curam
2099 2401 2475 2481 agendam.

812 2506 956 2573 768.
1041 2508 1131 2571 Et
1147 2509 1324 2571 haec
1338 2509 1426 2571 de
1442 2506 2331 2587 BarchinonensiCollegio
2346 2508 2486 2571 sint
2510 2510 2721 2587 dicta,
2747 2510 2867 2572 illo
2888 2517 3161 2574 tantum

698 2616 940 2680 addito
971 2616 1160 2697 quod
1185 2615 1257 2678 in
1287 2615 1771 2695 spiritualibus
1799 2614 2161 2679 exercitiis
2196 2615 2561 2679 tradendis
2590 2616 2909 2679 nonnihil
2941 2626 3047 2680 est
3070 2616 3161 2679 ab

695 2723 802 2786 eis
839 2723 1321 2802 elaboratum,
1367 2732 1436 2785 et
1476 2722 1606 2785 fuit
1634 2722 1752 2801 qui
1796 2739 1839 2783 a
1884 2722 2141 2801 viginti
2180 2722 2401 2785 leucis
2444 2720 2534 2784 ad
2578 2740 2663 2785 ea
2708 2723 3161 2803 suscipienda

696 2828 1224 2893 Barchinonam
1247 2830 1546 2892 veniret.

785 3142 804 3175 ἱ
859 3141 1052 3186 Renuit
1087 3147 1262 3186 tamen
1297 3140 1549 3193 Societas,
1569 3140 1883 3195 praesertim
1904 3140 1953 3183 in
1973 3136 2314 3194 Portugallia‚
2348 3146 2595 3194 quantum
2613 3141 2803 3194 potuit.
2823 3151 2879 3184 ae
2910 3140 2961 3185 ln
2980 3141 3043 3185 ils
3078 3152 3159 3185 or·

694 3213 1092 3269 phanotrophils
1120 3213 1425 3263 immiscere;
1455 3212 1608 3255 immo
1631 3217 1870 3255 curatum
1900 3216 1979 3255 est
2012 3222 2073 3253 ne
2108 3211 2227 3254 illuc
2260 3212 2422 3254 bonus
2456 3210 2541 3254 hle
2572 3210 2755 3255 Abbaa
2782 3212 2995 3265 rediret,
3024 3214 3159 3268 quod

694 3286 804 3340 ejus
833 3286 1059 3330 animum
1079 3284 1311 3329 nonnihil
1333 3284 1684 3327 exacerbavit.
1706 3283 1942 3326 “Acen-ca
1962 3282 2025 3326 de
2046 3283 2095 3326 lo
2126 3294 2225 3337 que
2246 3282 2443 3325 escribe
2465 3282 2619 3326 de.
2642 3293 2740 3337 que
2760 3294 2827 3327 no
2844 3288 3068 3338 procuro
3092 3296 3157 3329 en

696 3356 950 3411 Portugal
968 3367 1065 3411 que
1087 3358 1140 3401 la
1160 3355 1449 3410 Compafiia
1470 3363 1668 3399 tomase
1699 3364 1858 3408 cargo
1890 3355 1953 3397 de
1984 3355 2064 3398 las
2092 3364 2247 3397 casas
2282 3353 2344 3397 de
2378 3354 2527 3397 uiuos
2556 3353 2851 3407 huet-fanos.
2880 3354 2995 3401 sino
3024 3358 3159 3401 aoia·

693 3434 862 3473 mente
877 3439 979 3471 una
993 3427 1477 3482 superintendencia
1491 3439 1527 3483 y
1543 3425 1817 3470 autor-idad
1834 3425 1898 3469 de
1916 3426 2203 3479 visitas-los,
2224 3428 2325 3469 aea
2342 3436 2398 3468 ae
2415 3436 2539 3481 crey
2556 3436 2701 3469 como
2721 3426 2835 3471 dice
2853 3425 3028 3481 vind..
3042 3440 3159 3483 por-

695 3512 792 3555 que
808 3511 1011 3555 aunque
1035 3506 1194 3553 tenga
1213 3498 1398 3543 aficion
1418 3498 1710 3552 particular
1730 3500 1762 3541 a
1784 3497 1864 3541 las
1894 3498 2051 3542 obraa
2079 3497 2141 3541 de
2164 3497 2242 3541 los
2261 3497 2409 3540 nlnos
2438 3508 2535 3551 que
2556 3502 2705 3541 tanto
2736 3498 2943 3554 trabaJo
2970 3499 3021 3544 le
3050 3501 3156 3545 han

691 3571 909 3615 costado
928 3584 962 3629 y
985 3577 1131 3615 tanto
1151 3571 1373 3616 servicio
1394 3570 1569 3615 divino
1588 3581 1646 3613 ae
1666 3580 1854 3624 espera
1875 3570 2055 3623 dellas,
2080 3580 2145 3613 no
2166 3568 2378 3612 hubiese
2402 3568 2613 3613 tratado
2636 3570 2697 3613 de
2718 3581 2918 3625 gravat
2938 3573 2991 3615 la
3012 3571 3157 3618 Com-

699 3644 858 3697 pailia
878 3654 973 3687 con
995 3644 1070 3687 tal
1099 3653 1239 3697 peso,
1269 3652 1415 3686 como
1435 3653 1491 3685 es
1511 3652 1774 3696 governar
1796 3641 1932 3685 tales
1953 3652 2122 3695 casas,
2154 3640 2235 3684 sin
2264 3641 2314 3684 el
2344 3640 2773 3685 cousentlmiento
2810 3642 2965 3697 della,
2988 3654 3053 3687 en
3075 3656 3152 3689 es-

689 3714 858 3767 pecial
880 3714 1152 3758 tocandole
1175 3717 1206 3757 a
1226 3714 1381 3758 de.
1402 3724 1497 3768 por
1516 3724 1576 3758 su
1591 3721 1761 3768 parte,
1783 3716 1834 3758 io
1855 3726 1955 3769 que
1972 3715 2023 3757 al
2043 3724 2112 3757 un
2134 3712 2386 3756 mlembro
2402 3717 2525 3757 toea
2541 3712 2625 3755 del
2640 3713 2757 3758 bien
2779 3718 2809 3759 ὁ
2828 3717 2933 3760 mal
2950 3716 3011 3760 de
3030 3717 3153 3761 todo

690 3786 739 3828 el
759 3796 969 3840 cuer-po,
986 3799 1019 3841 y
1040 3787 1118 3830 los
1137 3792 1378 3830 nuestroa
1399 3786 1462 3829 de
1479 3786 1729 3841 portugal
1749 3787 1792 3830 si
1814 3788 1938 3840 algo
1958 3786 2059 3829 han
2078 3784 2270 3829 eset-ito
2292 3794 2355 3828 uo
2376 3784 2518 3827 seria
2535 3794 2630 3828 con
2650 3786 2791 3830 mala
2806 3786 3081 3842 intencion.
3099 3789 3153 3833 ni

689 3866 792 3900 aun
810 3860 866 3901 ae
885 3868 982 3912 que
1003 3858 1052 3901 lo
1071 3858 1248 3914 hayan
1269 3858 1431 3902 hecho
1453 3869 1514 3901 en
1535 3864 1650 3902 otro
1669 3858 1871 3902 aentido
1894 3868 1994 3912 que
2024 3858 2071 3900 el
2102 3867 2198 3910 que
2230 3858 2296 3899 ba
2327 3855 2517 3898 escrito
2540 3856 2721 3909 vind...
2758 3858 3033 3910 Polaticus.
3067 3872 3152 3904 ex·

687 3938 839 3977 com..
858 3929 1054 3973 Abbati
1075 3928 1233 3973 Petro
1253 3928 1567 3983 Domenech,
1589 3930 1640 3973 17
1659 3928 1781 3985 MaJi
1805 3929 1925 3973 ¹55⁴.
