3742 5392
1658 448 1785 506 Au.
1829 446 1972 505 1554
2949 444 3054 503 199

582 590 787 655 chael
826 590 1175 671 BotelluS‚
1225 594 1345 674 qui
1388 594 1656 675 aliquot
1702 592 2078 656 Messanae
2127 592 2508 656 conciones
2556 591 2833 667 habuit,
2891 609 3051 655 cum

580 698 931 778 frequenti
960 700 1347 778 auditori0‚
1386 711 1453 763 et
1486 701 1717 764 eidem
1746 716 1888 763 non
1917 697 2369 763 mediocriter
2399 698 2745 761 satisfecit
2781 696 2821 756 ¹.

700 806 844 870 431.
933 805 1117 886 Quia
1161 808 1509 888 agebatur
1552 808 1639 870 de
1690 807 1903 871 rebus
1951 804 2274 884 Africae,
2330 816 2405 869 ut
2434 805 2761 885 superius
2785 804 3054 869 dictum

587 922 696 977 est
724 913 778 992 ²,
814 914 1032 995 aliqui
1060 933 1151 978 ex
1180 916 1444 979 nostris
1488 914 1939 977 scholasticis
1977 913 2352 977 Messanae
2393 913 2726 976 arabicae
2765 912 3052 992 linguae

587 1038 878 1101 operam
908 1021 1251 1086 dederunt
1270 1072 1284 1101 ,
1318 1030 1395 1085 ut
1423 1023 1663 1102 legere
1694 1032 1765 1084 et
1792 1020 2104 1084 scribere
2133 1018 2522 1097 discerent,
2549 1019 2641 1084 ad
2664 1020 2851 1101 quod
2867 1019 3052 1100 juvit

584 1128 1035 1191 familiaritas
1063 1128 1317 1192 nobilis
1347 1128 1719 1209 cuiusdam
1748 1128 2074 1191 saraceni
2090 1126 2496 1206 jerbiensiS,
2523 1126 2643 1207 qui
2666 1142 2911 1190 curam
2935 1142 3053 1205 ge·

589 1234 791 1297 rebat
820 1234 941 1298 filii
983 1236 1175 1315 regis
1215 1233 1367 1315 ejus
1405 1236 1851 1317 provinciae,
1896 1251 2105 1315 quem
2145 1234 2220 1296 in
2258 1232 2500 1297 Sicilia
2545 1216 2825 1297 'versari
2867 1250 3056 1297 anno

587 1342 939 1423 superiori
980 1342 1244 1407 dictum
1288 1352 1427 1419 est,
1471 1360 1641 1406 nam
1681 1343 1795 1405 ille
1836 1342 2094 1405 nobilis
2137 1351 2207 1404 et
2252 1340 2617 1405 arabicam
2645 1349 2712 1403 et
2743 1340 3056 1404 italicam

587 1450 907 1529 linguam
938 1450 1241 1528 sciebat,
1276 1459 1345 1513 et
1374 1459 1751 1529 utramque
1784 1448 2096 1512 scribere
2123 1456 2448 1511 noverat.

704 1556 845 1619 432.
934 1556 1315 1621 Constituit
1346 1567 1581 1620 autem
1616 1554 1691 1619 P.
1725 1554 2194 1619 Provincialis
2223 1564 2300 1619 ut
2327 1572 2456 1618 sex
2485 1555 2572 1619 de
2601 1555 2864 1618 nostris
2887 1572 3050 1617 con-

589 1665 1044 1728 cionarentur
1072 1664 1370 1745 singulis
1400 1664 1775 1727 dominicis
1806 1680 1892 1725 ac
1924 1661 2121 1725 festis
2151 1661 2427 1740 diebus;
2462 1671 2531 1725 et
2570 1671 2855 1742 praeter
2903 1678 3052 1735 eOS,

587 1787 767 1850 quos
814 1772 1139 1852 superius
1190 1772 1750 1848 nominavimuS,
1803 1786 1988 1833 unus
2036 1768 2166 1831 fuit
2216 1768 2291 1831 P.
2347 1768 2696 1832 Martinus
2753 1767 2812 1848 ³,
2878 1770 3058 1831 alter

588 1880 886 1958 ipsemet
938 1878 1014 1943 P.
1074 1880 1416 1957 Annibal,
1461 1880 1582 1959 qui
1630 1879 1704 1942 in
1748 1876 2183 1941 monasterio
2224 1874 2294 1940 S.
2313 1875 2354 1919 ti
2380 1876 2594 1968 ⁸Eliae
2638 1876 2773 1940 hoc
2817 1892 3058 1939 mense

585 1984 773 2067 Julio
805 1986 1216 2050 concionari
1245 1987 1516 2066 coepit,
1548 2002 1682 2049 nec
1711 1982 2160 2048 mediocriter
2191 1983 2662 2062 auditoribuS‚
2705 1984 2826 2064 qui
2857 1984 3062 2048 multi

586 2104 823 2172 erant,
857 2093 1232 2171 satisfecit3
1268 2092 1393 2157 sed
1422 2102 1492 2155 et
1522 2091 1825 2171 injunxit
1856 2091 2087 2155 eidem
2116 2090 2191 2153 P.
2227 2090 2561 2154 Annibali
2612 2100 2724 2169 ut,
2774 2091 2847 2154 in
2889 2102 3056 2155 tem·

590 2201 709 2280 plo
738 2210 1017 2279 nostre,
1051 2199 1129 2264 B.
1164 2199 1367 2263 Pauli
1395 2200 1771 2263 lectionem
1800 2197 2408 2277 interpretandam
2445 2196 2818 2261 dominicis
2857 2206 2926 2260 et
2965 2197 3061 2260 fe-

587 2307 717 2371 stis
743 2305 989 2370 diebus
1016 2307 1437 2388 susciperet,
1473 2315 1541 2369 et
1568 2306 1670 2368 ita
1690 2306 1922 2385 prima
1945 2302 2324 2367 Dominica
2346 2304 2658 2383 Augusti
2679 2304 3057 2383 epistolam

590 2412 683 2477 ad
710 2414 1217 2496 philippenseS,
1251 2415 1459 2494 plena
1504 2411 1946 2477 auditoribus
1979 2409 2300 2474 Ecclesia
2336 2422 2584 2474 nostra
2615 2420 2683 2474 et
2723 2428 2886 2475 cum
2913 2428 3060 2474 ma-

586 2536 732 2599 gna
763 2520 1171 2585 auditorum
1212 2520 1603 2583 attentione
1647 2528 1717 2581 et
1746 2516 2258 2595 satisfactione,
2293 2533 2681 2597 aggressus
2710 2526 2779 2579 et
2810 2517 3064 2581 deinde

594 2638 1073 2708 prosequutus
1105 2636 1233 2691 est.

710 2733 850 2799 433.
939 2734 1340 2798 Renovatio
1383 2734 1784 2797 studiorum
1820 2733 1954 2796 sub
1995 2732 2207 2796 finem
2236 2730 2672 2813 Septembris
2710 2732 2902 2796 facta
2930 2743 3061 2811 est,

600 2840 941 2921 Pro-rege
968 2849 1341 2923 praesente
1381 2858 1545 2905 cum
1588 2840 1747 2903 aliis
1775 2840 2135 2920 primariis
2165 2840 2516 2903 nobilibus
2565 2856 2696 2919 pro
2721 2856 2950 2917 more,
2996 2850 3066 2903 et

594 2948 776 3012 duae
804 2950 1067 3012 latinae
1122 2950 1485 3012 orationes
1522 2956 1592 3011 et
1621 2964 1876 3011 versus
1925 2948 2171 3027 graeci
2212 2956 2280 3010 et
2310 2947 2534 3023 latini,
2580 2964 2742 3011 cum
2779 2944 3066 3026 dialogo

595 3055 902 3135 quodam
926 3055 1000 3118 in
1022 3054 1311 3119 modum
1333 3055 1535 3123 echo.
1560 3055 1845 3118 recitati
1875 3070 1917 3115 a
1947 3053 2109 3117 filiis
2137 3054 2476 3117 nobilium
2509 3054 3070 3118 messanensium

594 3160 811 3237 fuere,
842 3162 1030 3242 quod
1055 3163 1540 3241 spectaculum
1564 3178 1649 3224 eo
1673 3159 1846 3241 ipsis
1869 3162 2148 3239 gratius
2171 3170 2358 3223 erat:
2385 3170 2554 3224 tunc
2576 3161 2791 3225 etiam
2813 3159 2890 3224 P.
2909 3160 3070 3223 Hie-

603 3284 943 3348 ronymus
973 3267 1248 3332 Otellus
1276 3267 1351 3331 in
1381 3269 1773 3331 vernacula
1822 3268 2066 3347 lingua
2105 3268 2180 3329 in
2217 3268 2480 3331 scholis
2522 3265 2794 3331 feriatis
2823 3266 3072 3331 diebus

598 3376 835 3454 legere
866 3376 1348 3439 conscientiae
1380 3390 1593 3437 casus
1613 3373 1853 3453 jussus
1883 3385 2012 3453 est,
2047 3384 2331 3455 praeter
2360 3374 2736 3437 lectionem
2766 3375 3068 3453 psalmo-

596 3498 755 3544 rum
784 3481 1115 3561 DavidiS,
1150 3498 1366 3563 quam
1397 3480 1767 3544 dominicis
1816 3492 1888 3544 et
1930 3480 2130 3543 festis
2166 3480 2412 3544 diebus
2441 3482 2856 3562 praelegere
2901 3492 3070 3544 tunc

608 3588 824 3652 etiam
850 3588 1239 3652 inchoavit,

718 3694 859 3757 434.
946 3694 1196 3759 Incidit
1226 3694 1367 3759 hoc
1398 3694 1649 3758 eodem
1675 3693 1825 3758 fere
1855 3704 2172 3776 tempore
2205 3694 2282 3758 P.
2324 3694 2798 3759 Provincialis
2843 3692 2948 3776 [in
2981 3695 3072 3758 fe·

602 3800 847 3882 brem],
883 3819 1066 3883 quae
1096 3802 1304 3867 tertio
1334 3818 1613 3883 quoque
1637 3800 1751 3865 die
1773 3802 2211 3880 recurrebat;
2236 3802 2364 3865 sed
2387 3801 2612 3875 brevi,
2639 3801 2794 3865 Deo
2820 3800 3070 3881 juvan-

604 3918 705 3985 te,
741 3909 919 3972 liber
948 3909 1097 3972 fuit.

728 4014 869 4078 435.
958 4014 1220 4080 Retulit
1249 4015 1387 4079 hoc
1417 4013 1749 4079 Octobris
1777 4015 1978 4078 initio
2010 4013 2308 4078 Pro-rex
2337 4016 2599 4078 nostris
2622 3992 2698 4079 se
2729 4017 3001 4079 litteras
3033 4034 3076 4078 a

688 4324 704 4356 ¹
762 4324 890 4370 “Per
909 4328 1077 4382 quelle
1109 4328 1235 4372 ‹1112
1261 4332 1314 4372 et
1332 4326 1383 4371 21
1408 4332 1461 4370 et
1480 4326 1536 4371 2⁴
1565 4328 1614 4371 dl
1649 4326 1837 4381 Luglio
1869 4327 2237 4373 intendessimo
2259 4327 2378 4372 dell'
2402 4327 2644 4372 arrivata
2673 4338 2706 4371 a
2733 4326 2957 4371 Messina
2992 4328 3075 4371 del

606 4396 663 4439 P.
684 4394 1010 4442 Provinciale
1027 4430 1039 4453 ,
1060 4398 1113 4441 P.
1138 4398 1338 4443 Botello
1368 4404 1421 4442 et
1451 4397 1535 4442 del
1570 4408 1662 4441 suo
1693 4397 1968 4452 predicare
2001 4400 2054 4442 in
2083 4396 2346 4453 Messinm„
2364 4397 2618 4443 Polancus
2637 4430 2649 4451 .
2672 4409 2737 4442 ex
2758 4410 2907 4448 com„
2928 4398 3076 4443 Patri

606 4468 853 4513 Annibali
872 4478 907 4512 ει
925 4467 1209 4513 Coudretto
1222 4502 1233 4524 ,
1254 4468 1282 4513 2
1299 4468 1525 4524 Augusti
1560 4470 1679 4513 1554.

686 4539 709 4569 ²
765 4538 934 4594 Supra
952 4572 963 4594 ,
986 4551 1105 4595 pag.
1129 4542 1197 4593 15,
1215 4552 1265 4585 n.
1288 4542 1355 4585 15.

684 4610 707 4641 ὅ
766 4608 913 4655 Hunc
932 4613 1291 4658 existimamus
1310 4614 1466 4659 fuisse
1488 4613 1545 4659 P.
1566 4613 1850 4659 Martinam
1870 4612 2014 4657 Mare
2029 4646 2040 4668 ‚
2065 4614 2278 4667 gallum,
2299 4625 2453 4658 unum
2490 4624 2554 4657 ex
2575 4614 2752 4658 decem
2773 4616 2926 4659 sociis
2947 4614 3078 4658 Mes-

604 4692 789 4726 sanam
807 4693 941 4727 anno
966 4684 1071 4727 15³8
1088 4686 1155 4727 ab
1174 4684 1381 4739 Ignatio
1401 4686 1588 4732 missis.
1611 4685 1747 4730 Vide
1770 4686 2062 4735 Ασοῐιιηᾼ,
2085 4687 2119 4728 1.
2144 4696 2186 4727 c.
2211 4696 2321 4739 cap.
2342 4697 2376 4737 1,
2393 4698 2440 4729 n.
2463 4696 2534 4729 xi.
