3742 5392
1650 470 1777 529 Ax.
1825 471 1961 531 155⁴
2870 520 2875 523 .
2924 466 3027 525 361

967 1042 1096 1105 DE
1139 1041 1611 1107 COLLEGIO
1657 1038 2615 1106 CAESARAUGUSTANO

677 1469 819 1532 769.
905 1468 1063 1535 Hoc
1094 1487 1281 1534 anno
1310 1488 1424 1534 res
1457 1470 2173 1547 Caesaraugustanae
2195 1464 2485 1548 aliquod
2506 1465 3023 1529 incrementum

555 1585 1044 1658 susceperunt.
1075 1576 1449 1657 Agebatur
1480 1576 1566 1640 de
1597 1578 1735 1640 situ
1758 1576 2067 1657 quodam
2089 1591 2311 1657 prope
2334 1574 2759 1637 Carmelitas
2788 1590 3017 1637 emen-

556 1682 670 1763 do,
700 1684 820 1765 qui
850 1683 1167 1763 Collegio
1196 1684 1434 1749 futuro
1465 1682 1674 1748 valde
1701 1684 2282 1747 accommodatus
2324 1690 2501 1761 erat,
2546 1679 2737 1761 quod
2776 1680 2869 1743 ad
2896 1680 3015 1743 ha·

554 1791 964 1855 bitationem
1007 1800 1414 1855 nostrorum
1463 1792 1738 1869 attinet,
1781 1791 1907 1854 sed
1948 1808 2093 1853 non
2130 1788 2421 1869 perinde
2474 1788 2567 1851 ad
2615 1788 3014 1869 spiritualia

555 1898 943 1961 ministeria
989 1898 1592 1977 accommodatuS,
1627 1898 1814 1978 quod
1844 1898 1917 1961 in
1946 1906 2267 1959 extrema
2297 1904 2499 1975 parte
2537 1895 2849 1959 civitatis
2882 1904 3011 1959 est.

551 2002 692 2069 Sed
715 2022 876 2069 cum
902 2005 1002 2069 illi
1024 2006 1363 2085 religiosi,
1384 2014 1452 2069 et
1481 2006 1602 2086 qui
1624 2005 1725 2068 eis
1747 2002 2148 2082 studebant,
2172 2003 2629 2067 vehementer
2646 2003 3013 2067 civitatem

551 2121 804 2175 contra
824 2121 1107 2176 nostros
1138 2113 1602 2192 concitarent,
1637 2129 1767 2175 nec
1800 2111 2475 2175 murmurationibus
2504 2124 2573 2175 et
2614 2111 2823 2174 minis
2854 2128 3014 2191 par-

551 2228 816 2299 cerent;
855 2230 932 2283 ut
961 2237 1126 2300 an,
1161 2219 1398 2299 quoad
1427 2218 1580 2299 ejus
1618 2218 1769 2283 fieri
1806 2227 2069 2299 posset,
2112 2236 2275 2283 cum
2316 2217 2639 2282 omnibus
2677 2218 3009 2282 retinere·

547 2334 687 2404 tur,
719 2325 975 2389 civitas
1005 2325 1092 2389 de
1119 2326 1278 2389 aliis
1307 2325 1582 2390 duobus
1611 2326 1788 2389 locis
1813 2325 2247 2405 accipiendis
2276 2343 2404 2405 per
2435 2342 2603 2388 suos
2633 2327 3007 2404 magistra·

550 2443 665 2496 tus
695 2432 865 2513 egit;
899 2433 1024 2496 sed
1063 2434 1135 2495 in
1178 2450 1314 2496 uno
1355 2450 1444 2497 ex
1482 2434 1919 2497 monasterio
1958 2434 2401 2510 monialium,
2445 2433 2517 2496 in
2558 2432 2697 2495 alio
2729 2450 2819 2496 ex
2865 2450 3007 2496 mo-

549 2540 862 2603 nasterio
901 2539 1200 2603 fratrum
1241 2538 1366 2603 Sti.
1409 2539 1778 2604 Francisci
1816 2540 2049 2603 resisti
2092 2549 2421 2620 coeptum
2465 2549 2593 2619 est,
2639 2549 2710 2603 et
2748 2540 2846 2603 ita
2884 2557 3008 2602 no·

548 2646 716 2709 stris
744 2647 978 2710 visum
1009 2646 1140 2710 suit
1168 2647 1256 2709 ab
1289 2658 1588 2727 utroque
1617 2648 1774 2711 loeo
1805 2647 2195 2725 abstinere,
2226 2664 2317 2709 ne
2348 2646 2664 2710 charitas
2706 2658 2775 2709 et
2806 2646 3006 2728 quies

547 2752 964 2831 laederetur,
1017 2771 1181 2817 cum
1230 2755 1452 2829 multi,
1506 2762 1576 2817 et
1625 2754 2047 2835 praesertim
2088 2754 2427 2834 religiosi,
2479 2770 2744 2834 magna
2796 2754 3005 2833 signa

543 2860 766 2923 animi
797 2861 1008 2924 alieni
1037 2878 1080 2923 a
1109 2871 1357 2924 nostra
1380 2859 1755 2940 Societate,
1783 2869 1851 2924 et
1875 2861 1965 2924 ab
1987 2861 2237 2925 eadem
2257 2880 2347 2925 ne
2369 2862 2602 2925 dicam
2626 2861 3004 2924 abhorren-

543 2967 657 3046 tis,
691 2968 1163 3041 ostenderent.
1198 2967 1377 3032 Cum
1403 2967 1496 3031 ad
1525 2969 1742 3033 alium
1771 2970 1984 3033 situm
2013 2969 2497 3050 quaerendum
2516 2987 2593 3033 se
2616 2958 3005 3031 convertis-

539 3083 720 3154 sent,
755 3092 923 3137 ecce
951 3075 1266 3153 religiosi
1303 3074 1428 3139 Sti.
1467 3076 1847 3155 Augustini
1878 3076 2153 3140 fortiter
2197 3075 2577 3139 admodum
2615 3093 2693 3139 se
2734 3076 3001 3138 nostris

541 3189 907 3261 opponunt
941 3178 982 3243 ¹.

620 3424 637 3457 ¹
695 3423 855 3476 Juvat
887 3424 970 3470 hic
993 3423 1168 3469 Patris
1191 3426 1418 3469 Alvarez
1439 3429 1600 3471 verba
1619 3427 1914 3471 exscribere
1930 3460 1941 3479 ,
1963 3428 2083 3482 quia
2105 3429 2171 3472 ad
2194 3427 2535 3480 particularia
2556 3427 2810 3482 quaedam
2824 3459 2836 3480 ,
2867 3438 2999 3483 quae

539 3496 795 3541 Polancua
822 3508 922 3541 non
956 3498 1162 3551 attigit.
1192 3498 1486 3552 descendit,
1519 3504 1572 3543 et
1603 3500 1656 3543 in
1687 3499 1994 3553 quibusdam
2026 3510 2058 3543 a
2089 3498 2313 3543 Polanco
2343 3500 2638 3553 discrepare
2661 3498 2885 3542 videtur.
2908 3498 2997 3541 Ait

538 3568 698 3613 enim:
719 3569 870 3613 “Assl
889 3580 944 3612 se
966 3570 1230 3623 quedaron
1250 3571 1328 3613 los
1357 3578 1595 3614 nuestroa
1623 3581 1719 3624 por
1738 3574 1983 3615 entoncea
2002 3572 2165 3621 (anno
2189 3570 2337 3625 15⁴9„
2360 3572 2439 3615 los
2466 3572 2643 3614 cuales
2670 3571 2999 3626 juntamente

537 3650 632 3685 eon
653 3641 888 3694 aquenas
907 3650 1156 3695 personas
1175 3642 1489 3696 principales
1510 3654 1606 3697 que
1629 3642 1831 3697 dijimos
1849 3642 2016 3693 (inter
2050 3654 2179 3697 quas
2198 3649 2350 3686 erant
2379 3643 2435 3686 P.
2456 3641 2546 3686 Fr.
2567 3642 2795 3685 Thomas
2814 3640 2999 3696 Esqui-

536 3712 624 3755 vel
637 3744 648 3764 ,
675 3710 1128 3757 Dominicanorum
1159 3712 1325 3765 Prior,
1345 3713 1592 3759 Dominus
1611 3713 1638 3765 J
1645 3715 1835 3758 acobua
1857 3715 2181 3768 Augustinus
2200 3713 2283 3759 del
2305 3713 2522 3757 Castillo
2543 3721 2596 3757 et
2616 3712 2914 3759 Matthaeus
2935 3715 2997 3758 de

537 3783 842 3839 narn-anos),
864 3794 1202 3827 comenzaron
1222 3786 1254 3827 a
1283 3785 1444 3829 mirar
1477 3788 1574 3839 qud
1608 3786 1730 3830 sitio
1761 3787 1903 3830 seria
1927 3798 2039 3830 mas
2073 3786 2303 3839 comodo,
2326 3785 2447 3830 facil
2478 3785 2538 3828 de
2570 3785 2738 3829 havet
2768 3798 2801 3840 y
2820 3796 2998 3830 menos

534 3862 757 3900 costoso.
781 3854 1074 3900 Parecioies
1103 3867 1200 3909 que
1231 3858 1280 3899 io
1302 3868 1392 3900 era
1425 3868 1526 3901 una
1545 3867 1669 3901 casa
1697 3870 1732 3913 y
1753 3858 1959 3907 huetta.
1980 3868 2078 3911 que
2106 3865 2295 3903 eatava
2314 3868 2377 3901 en
2406 3859 2459 3902 la
2488 3856 2775 3901 Pax-rochia
2796 3858 2858 3901 de
2893 3858 2998 3902 San

535 3924 698 3970 Pablo
717 3938 782 3971 no
801 3928 948 3971 lexos
967 3928 1048 3971 del
1068 3927 1380 3972 Monasterlo
1404 3928 1465 3971 de
1485 3930 1564 3973 los
1584 3929 1689 3973 Pad
1698 3941 1780 3973 rea
1803 3928 2135 3983 Car-melitam
2156 3940 2280 3983 pero
2300 3930 2348 3973 el
2370 3930 2535 3973 dueno
2554 3941 2649 3984 por
2668 3929 2862 3985 ningun
2882 3941 2997 3985 pre·

530 3998 614 4042 cio
634 3999 686 4042 la
707 3998 888 4053 quei-ia
907 3998 1118 4043 vender.
1139 3998 1244 4043 Los
1273 3998 1494 4044 Senon-es
1514 4000 1738 4053 Jurados
1757 4002 1820 4046 de
1841 4001 2114 4056 Caragoca
2142 4012 2237 4057 por
2260 4004 2309 4045 la
2340 4002 2507 4045 buena
2527 4000 2734 4056 opinion
2761 4014 2797 4058 y
2816 4004 2997 4046 volun·

530 4069 623 4114 tad
645 4081 742 4125 que
774 4069 949 4114 tenian
972 4082 1004 4114 a
1033 4072 1112 4115 los
1141 4080 1380 4115 nuestros
1399 4085 1433 4127 y
1455 4084 1548 4125 por
1568 4074 1616 4116 el
1645 4074 1776 4117 buen
1797 4074 2035 4128 exemplo
2062 4086 2097 4130 y
2120 4074 2313 4118 buenos
2340 4073 2516 4118 oficios
2535 4084 2634 4128 que
2652 4074 2818 4118 delloa
2847 4074 2997 4118 todos

530 4142 612 4186 sin
631 4141 852 4185 lntereae
874 4142 1105 4187 recibian
1123 4154 1185 4187 en
1208 4144 1256 4187 10
1277 4144 1550 4199 espiritual
1568 4177 1578 4197 ‚
1602 4145 1834 4190 movidos
1853 4158 1947 4189 con
1976 4147 2131 4190 deseo
2151 4147 2213 4190 de
2244 4146 2604 4190 acomodarlos
2624 4156 2689 4189 en
2718 4147 2769 4189 10
2800 4152 2997 4201 tempo-

528 4214 638 4265 ral,
659 4227 694 4269 y
709 4214 969 4268 juzgando
990 4226 1086 4269 que
1107 4226 1201 4259 era
1231 4216 1346 4259 bien
1368 4227 1574 4269 comun,
1599 4218 1885 4261 mandaron
1916 4224 2089 4262 tassar
2115 4220 2169 4262 la
2188 4230 2313 4263 casa
2345 4231 2380 4275 y
2400 4229 2569 4273 pagar
2589 4219 2641 4262 al
2662 4218 2828 4262 duello
2856 4218 2995 4262 della

509 4286 578 4333 ‚el
598 4286 771 4339 precio
795 4288 827 4328 a
847 4292 1038 4330 cuenta
1057 4287 1120 4330 de
1141 4288 1193 4330 la
1214 4285 1516 4342 Compaffia.
1535 4288 1668 4333 Pero
1690 4291 1766 4334 los
1789 4289 2012 4345 Frayles
2034 4289 2347 4335 Carmeiitas
2374 4304 2409 4347 y
2429 4291 2507 4334 loa
2539 4290 2764 4345 clerigos
2795 4291 2858 4335 de
2890 4290 2994 4335 San

529 4356 694 4400 Pablo
723 4368 820 4411 que
852 4367 916 4400 no
941 4366 1206 4412 gustavan
1239 4358 1322 4403 del
1353 4360 1656 4413 vecindado,
1678 4371 1999 4415 procuraron
2032 4363 2217 4406 mucho
2251 4363 2471 4417 impedit
2502 4363 2710 4417 aqueua
2742 4368 2929 4407 venta:
2960 4376 2995 4420 y

527 4438 730 4483 &unque
755 4432 788 4472 a
809 4430 888 4473 los
907 4438 1147 4474 nuestros
1169 4432 1243 4474 les
1263 4431 1408 4485 fuera
1430 4432 1553 4476 facil
1576 4433 1626 4477 la
1647 4434 1953 4487 execucion,
1974 4445 2068 4488 por
2087 4441 2233 4478 estat
2252 4445 2316 4478 en
2337 4446 2432 4490 paz
2452 4446 2547 4479 con
2568 4436 2743 4490 todoa,
2764 4448 2799 4491 y
2820 4437 2996 4483 evitat·

521 4500 974 4545 contradicciones
988 4533 999 4553 ,
1019 4514 1052 4558 y
1077 4512 1188 4547 mas
1207 4503 1271 4546 de
1290 4515 1540 4558 personas
1559 4506 1915 4550 eclesiasticas
1929 4540 1940 4560 ,
1964 4504 2206 4561 pusieron
2239 4507 2317 4550 ios
2338 4508 2448 4563 ojos
2468 4519 2529 4551 en
2554 4515 2669 4552 otro
2697 4508 2818 4552 sitio
2838 4518 2993 4552 cerea

521 4570 612 4616 del
647 4572 887 4627 Hospital
922 4576 1164 4627 general.
1197 4588 1233 4632 y
1265 4576 1327 4620 de
1363 4575 1527 4621 Santa
1563 4576 1860 4631 Cathaiina,
1880 4578 2194 4623 Monasterio
2229 4580 2293 4623 de
2325 4579 2525 4635 Monjas
2556 4581 2619 4624 de
2654 4581 2705 4625 la
2738 4582 2897 4625 orden
2930 4582 2993 4625 de

531 4642 580 4687 S.
603 4642 903 4698 Franclaco,
922 4645 1006 4688 las
1036 4647 1215 4699 quales
1229 4648 1554 4703 juntnmente
1575 4660 1672 4693 con
1702 4651 1778 4694 los
1798 4650 1997 4695 Padres
2030 4652 2093 4695 de
2122 4662 2182 4695 au
2211 4650 2383 4696 orden
2412 4650 2644 4697 hicieron
2674 4660 2767 4697 tan
2794 4654 2993 4706 grande

521 4714 914 4759 contradiccion
929 4746 939 4769 ,
956 4726 1053 4769 que
1068 4716 1147 4761 los
1165 4726 1406 4763 nuestros
1423 4729 1518 4774 por
1533 4721 1580 4764 el
1601 4720 1782 4764 mismo
1805 4728 2031 4776 reapeto,
2048 4714 2259 4767 alzaron
2278 4735 2431 4769 mano
2450 4724 2511 4769 de
2532 4724 2739 4777 aqueua
2758 4734 2991 4779 compta.
