3742 5392
778 490 855 550 98
1703 488 1960 551 Canon.
2003 490 2152 551 Soc.
2197 492 2337 566 Jsss.

779 648 981 718 runt;
1030 639 1159 703 sed
1210 656 1374 702 cum
1422 639 1882 719 congregatis
1931 640 2168 703 multis
2213 637 2620 718 hujusmodi
2667 639 2904 704 viduis
2961 641 3255 704 nomine

781 746 1116 829 Episcopi
1153 746 1421 810 dictum
1458 754 1646 809 esset
1674 754 1751 809 ut
1779 763 1964 827 quae
2000 748 2266 811 nostris
2293 748 2556 811 vellent
2585 746 2930 825 confiteri,
2963 748 3250 827 signum

782 853 1067 934 aliquod
1097 853 1371 931 darent,
1404 853 1763 933 surgendo
1790 854 2094 931 scilicet,
2138 852 2366 933 major
2409 871 2658 918 eorum
2695 871 2865 934 pars
2907 856 3247 934 surrexit;

777 977 909 1025 nec
941 962 1170 1024 solum
1197 975 1381 1041 quae
1425 960 1623 1040 prius
1666 960 1912 1023 venire
1941 960 2190 1025 solitae
2227 960 2540 1035 fuerant,
2573 960 2699 1025 sed
2725 970 2798 1025 et
2826 961 3032 1041 aliae,
3065 978 3254 1042 quas.

776 1066 1087 1131 Domina
1134 1066 1551 1131 Constantia
1591 1066 1916 1148 exemplo
1957 1076 2030 1131 et
2075 1068 2299 1131 verbo
2337 1067 2670 1131 movebat
2713 1068 2900 1144 (aliis
2944 1067 3132 1131 enim
3169 1069 3252 1132 inc

774 1192 965 1238 novo
1003 1175 1305 1255 collegio
1348 1174 1710 1255 praefecta
1748 1175 1926 1253 erat)
1979 1174 2073 1238 ad
2111 1184 2396 1238 nostros
2443 1174 2786 1238 accedere
2833 1184 3242 1255 coeperunt.

776 1280 1007 1362 HuJ‘us
1053 1282 1335 1362 collegii
1370 1290 1637 1345 statuta
1676 1290 1747 1345 et
1794 1298 2108 1345 canones
2145 1280 2447 1345 Romam
2483 1281 2702 1345 missa
2739 1280 2958 1355 fuere;
3002 1283 3130 1345 sed
3169 1282 3244 1346 in

774 1390 877 1453 eis
918 1387 1361 1470 explicandis
1408 1406 1552 1452 non
1601 1388 2057 1452 immorabor:
2108 1397 2386 1452 tantum
2423 1387 2556 1453 hoc
2601 1388 2858 1467 dicam,
2909 1388 3099 1470 quod
3135 1390 3243 1452 bis

775 1504 1106 1577 coeptum
1134 1494 1369 1559 fuerat
1394 1494 1531 1559 hoc
1561 1512 1739 1577 opus
1768 1493 2108 1573 Mutinae,
2141 1504 2211 1558 et
2242 1505 2531 1575 propter
2559 1494 3038 1560 discussiones
3059 1496 3253 1559 inter·

778 1603 1067 1683 viduaS,
1120 1610 1303 1683 quae
1353 1604 1621 1667 electae
1672 1602 1985 1681 fuerant,
2039 1610 2110 1665 et
2159 1601 2349 1683 quod
2397 1601 2736 1665 sacerdos
2777 1601 3066 1682 quidam
3105 1603 3243 1666 illis

776 1707 1181 1791 praefectus
1210 1708 1624 1773 satisfacere
1656 1709 1983 1773 omnibus
2020 1726 2164 1773 non
2191 1718 2470 1789 poterat
2489 1756 2504 1787 ,
2538 1708 2956 1789 dissipatum
2982 1707 3244 1789 fuerat·,

772 1827 865 1896 et,
899 1825 977 1881 ut
1004 1815 1275 1881 firmius
1304 1817 1496 1897 pium
1526 1832 1704 1895 opus
1742 1815 2315 1893 constitueretur,
2361 1816 2626 1879 nostris
2671 1814 3250 1879 commendatum

771 1934 902 2003 est;
937 1924 1266 2003 quamvis
1294 1923 1508 1986 aliam
1538 1939 1785 1986 curam
1823 1938 1969 1985 non
1997 1931 2425 2003 acceperunt
2446 1971 2460 1999 ,
2493 1923 2630 1986 nisi
2669 1934 2745 1986 ut
2784 1922 3238 1986 confessioni-

772 2032 903 2095 bus
930 2040 1001 2095 et
1030 2030 1348 2095 consiilis
1374 2047 1499 2094 eas
1520 2028 1855 2111 juvarent
1885 2028 1927 2093 ¹.

898 2137 1034 2201 182.
1119 2137 1413 2202 Aestate
1436 2135 1585 2217 jam
1623 2135 2088 2215 fervescente,
2132 2137 2382 2200 messis
2423 2137 2809 2218 spiritualis
2850 2136 2924 2199 in
2965 2136 3238 2200 confes·

774 2245 1093 2309 sionibus
1130 2243 1499 2308 audiendis
1535 2242 1761 2308 crevit
1797 2253 2091 2323 propter
2129 2244 2653 2323 aegrotantium
2691 2241 3233 2321 multitudinem,

770 2352 1027 2433 quibus
1053 2351 1282 2414 nostri
1311 2351 1585 2430 adesse,
1616 2358 1688 2413 et
1727 2349 2210 2413 confessiones
2247 2367 2496 2413 eorum
2535 2350 2781 2414 audire
2819 2349 3234 2413 debuerunt.

770 2458 848 2522 In
896 2456 1099 2521 festis
1147 2457 1362 2521 etiam
1402 2456 1860 2521 Pentecostes
1907 2464 1978 2519 et
2022 2456 2552 2537 Assumptionis
2589 2456 2667 2521 B.
2721 2455 3045 2535 Virginis
3093 2474 3236 2521 ma·

766 2582 915 2645 gna
952 2564 1327 2628 multitudo
1376 2562 1902 2627 confessionum
1951 2562 2372 2643 huiusmodi,
2415 2564 2597 2628 inter
2636 2582 2817 2645 quas
2865 2566 3248 2643 generales

768 2673 1173 2752 complures
1198 2670 1508 2745 fuerunt,
1537 2680 1820 2735 nostros
1847 2670 2170 2734 detinuit.

890 2779 1025 2843 183.
1116 2778 1321 2843 Unus
1348 2787 1417 2842 et
1447 2779 1625 2841 alter
1665 2779 1879 2842 etiam
1917 2779 2056 2841 hac
2099 2787 2372 2843 aestate
2411 2778 2504 2841 ad
2547 2777 2974 2843 Societatem
3005 2796 3080 2843 se
3117 2779 3242 2841 ad·

767 2887 950 2950 mitti
980 2886 1387 2966 postulavit3
1422 2886 1549 2949 sed
1576 2884 1819 2948 docuit
1846 2886 2287 2965 experientia
2315 2904 2406 2949 ex
2437 2886 2570 2965 his,
2613 2886 2735 2965 qui
2772 2887 3232 2949 admitteban-

764 3002 901 3071 tur,
948 2991 1226 3055 difficile
1255 2992 1530 3073 aliquos
1569 2992 1983 3055 conservati
2027 3008 2236 3071 posse
2264 2992 2338 3055 in
2379 2993 2792 3072 collegiolis;
2840 3010 3002 3055 curn
3043 2993 3242 3055 enim

766 3100 1045 3163 radices
1077 3100 1149 3163 in
1178 3099 1441 3179 pietate
1468 3108 1538 3163 et
1567 3099 2110 3163 mortificatione
2139 3100 2266 3162 vix
2295 3108 2583 3179 possent
2634 3116 2849 3179 agere
2899 3099 3081 3163 inter
3120 3116 3242 3162 oc—

763 3199 1179 3285 cupationes
1216 3206 1491 3269 externi
1533 3206 1929 3284 ministerii,
1984 3207 2452 3269 tentationum
2492 3216 2909 3286 tempestate
2953 3207 3226 3285 oborta,

760 3330 910 3377 non
939 3312 1221 3377 difficile
1248 3313 1791 3393 superabantur;
1822 3322 1894 3375 et
1924 3312 2022 3375 ita
2053 3312 2307 3392 aliquis
2337 3331 2428 3376 ex
2460 3311 2788 3377 admissis
2816 3314 3133 3377 recessit.

888 3420 1021 3483 184.
1108 3418 1290 3484 Octo
1318 3438 1410 3483 ex
1439 3420 1701 3483 nostris
1728 3418 2043 3483 Mutinae
2073 3420 2546 3483 versabantur
2576 3437 2590 3498 ;
2625 3429 2772 3483 tres
2802 3430 3069 3497 autem,
3104 3422 3238 3484 sci-

757 3527 955 3603 licet,
1006 3526 1349 3606 Magister
1391 3525 1723 3589 Andreas
1753 3524 2276 3607 Bonainsegna,
2306 3526 2648 3607 Magister
2676 3526 2988 3609 Joannes
3015 3526 3238 3590 Fran-

760 3634 1013 3710 ciscus,
1042 3650 1127 3696 ac
1166 3632 1508 3712 Magister
1546 3632 1955 3696 Ludovicus
1987 3632 2463 3713 ColoniensiS,
2515 3636 2605 3696 ab
2645 3632 3001 3713 Episcopo
3027 3633 3230 3698 Muti·

757 3742 961 3804 nensi
992 3739 1088 3803 ad
1116 3756 1365 3803 sacros
1392 3739 1675 3803 ordines
1704 3740 2011 3819 benigne
2041 3742 2348 3820 promoti
2387 3741 2701 3805 fuerunt.

883 3846 1016 3911 185.
1109 3846 1287 3911 Cum
1318 3847 1534 3926 aliqui
1572 3847 1984 3910 sacerdotes
2021 3849 2298 3911 externi
2345 3848 2820 3928 intelligerent
2860 3850 3235 3913 scholasti-

810 4092 827 4124 ·
884 4088 991 4133 “La
1014 4088 1393 4133 confrater-nita
1412 4088 1547 4132 delle
1564 4086 1782 4141 vedove,
1802 4088 2044 4133 ordinata
2063 4100 2158 4143 per
2177 4088 2214 4133 11
2231 4089 2490 4141 Vescovo.
2511 4090 2554 4134 oi
2575 4090 2707 4135 deve
2729 4090 2912 4135 credet
2929 4092 3054 4135 sara
3074 4092 3232 4133 molto

752 4164 881 4207 bene
902 4160 1162 4210 ordinata.
1182 4166 1235 4204 et
1256 4159 1299 4203 si
1326 4159 1459 4203 deve
1480 4160 1677 4203 havere
1698 4160 2054 4203 consolatione
2075 4160 2272 4214 grande
2297 4160 2348 4205 dl
2373 4166 2511 4205 tutte
2543 4162 2590 4205 le
2611 4162 2870 4207 occasioni
2890 4162 2986 4206 che
3005 4172 3240 4205 nascono

750 4234 803 4277 di
824 4232 1173 4287 qualsivosslin
1194 4231 1364 4277 banda
1384 4231 1433 4275 d·
1450 4232 1623 4275 aiutar
1638 4232 1675 4276 il
1694 4232 1871 4275 divino
1891 4232 2110 4277 servitio
2129 4239 2182 4289 et
2201 4234 2330 4277 bene
2352 4233 2484 4277 delle
2507 4234 2700 4277 anime.
2723 4233 2771 4277 E
2801 4245 2926 4278 vero
2945 4234 3041 4277 che
3061 4241 3240 4279 accet-

754 4314 839 4349 tar
860 4304 911 4349 in
932 4304 1212 4351 obedienza
1230 4304 1387 4349 simili
1406 4315 1437 4349 o
1456 4305 1595 4348 altre
1615 4303 1779 4348 donne
1800 4314 1900 4347 non
1921 4306 1950 4347 e
1965 4314 2229 4359 permesso
2250 4315 2283 4348 a
2303 4304 2390 4349 noi
2411 4315 2504 4359 per
2521 4307 2572 4349 la
2590 4306 2958 4351 constitutione
2979 4306 3030 4350 di
3051 4315 3232 4351 nostra

754 4376 1104 4432 eompagnia,
1128 4376 1324 4421 benche
1354 4376 1668 4420 consensu-le
1698 4375 1902 4430 quando
1923 4386 2183 4419 verr-anno
2202 4383 2256 4421 et
2289 4376 2634 4430 eonseguarle
2655 4384 2708 4421 et
2725 4377 2951 4421 aintarle
2981 4379 3120 4421 nella
3140 4379 3230 4422 via

750 4448 1026 4503 spirituale
1058 4450 1085 4491 e
1108 4458 1232 4491 cosa
1264 4446 1420 4491 solita
1452 4446 1544 4491 alli
1574 4446 1757 4491 nostri.
1777 4445 1843 4489 Se
1876 4458 1976 4491 non
2006 4457 2300 4499 venessero,
2332 4457 2430 4502 pur
2463 4448 2559 4492 che
2581 4447 2787 4493 vadano
2819 4448 2883 4491 ad
2915 4449 3056 4499 altri.
3081 4456 3240 4493 tanto

752 4520 957 4575 megum
983 4520 1078 4563 che
1114 4521 1382 4563 avanzara
1402 4518 1489 4573 piu
1510 4526 1683 4573 tempo
1715 4529 1809 4573 per
1826 4519 2078 4573 :pendere
2113 4518 2164 4563 in
2185 4520 2320 4564 altre
2350 4530 2470 4563 cose
2501 4522 2585 4563 nel
2605 4520 2780 4564 divino
2807 4520 3043 4574 servitio,
3067 4532 3165 4564 non
3185 4521 3227 4564 si

750 4592 1040 4637 mancando
1064 4603 1095 4637 ι
1116 4592 1303 4647 quelle.
1324 4592 1369 4633 A
1393 4591 1517 4634 tutti
1540 4590 1668 4635 siuti
1690 4598 1741 4635 et
1763 4590 1972 4635 indrizzi
1997 4593 2047 4635 la
2068 4592 2245 4636 divina
2265 4590 2526 4645 sapienta,
2549 4594 2693 4637 accio
2713 4604 2912 4646 sempr-e
2935 4593 3230 4637 camminia·

748 4677 830 4711 mo
850 4676 945 4720 per
966 4667 1017 4710 1ι
1039 4666 1127 4710 via
1148 4665 1197 4708 di
1220 4676 1313 4710 suo
1336 4664 1575 4718 maggior
1596 4664 1858 4708 servitio.“
1879 4662 2101 4715 Joannes
2123 4662 2388 4719 Philippus
2411 4664 2568 4715 νηοὶ,
2593 4676 2660 4708 ex
2689 4677 2834 4717 com..
2867 4666 3014 4726 Patri
3044 4666 3231 4719 joanni

748 4732 1055 4790 Lau‘rentio,
1080 4738 1131 4782 19
1150 4736 1269 4781 Maii
1294 4736 1415 4781 155⁴.
