3742 5392
698 482 813 541 652
1620 481 1876 542 Canon.
1917 479 2072 541 Soc.
2113 481 2254 554 Jns.

822 626 999 691 1395.
1085 628 1177 691 Et
1206 629 1535 708 quamvis
1560 627 2060 692 Ferdinandus
2087 627 2386 691 Mendez
2415 626 2755 693 Societati
2783 638 3074 693 nostrae
3095 647 3180 693 se

699 744 770 806 in
814 735 1031 798 corde
1066 752 1197 798 suo
1247 734 1643 812 addixerat,
1678 736 2087 799 saeculares
2138 744 2378 798 tamen
2419 744 2658 799 vestes
2689 752 2831 799 non
2863 735 3170 816 reliquit,

696 842 956 921 partim
1004 851 1083 906 ut
1134 851 1399 922 posset,
1452 859 1635 923 quae
1674 842 1811 922 ipsi
1850 840 2290 905 debebantur
2333 859 2376 904 a
2414 842 2676 920 multiS,
2720 859 3176 923 recuperare,

696 949 958 1028 partim
1006 956 1085 1012 ut
1131 950 1487 1029 legatione
1535 948 1899 1029 Pro-regis
1942 948 2182 1012 Indiae
2227 949 2672 1014 commodius
2729 947 3168 1029 fungeretur,

698 1056 958 1135 partim
987 1056 1178 1136 quod
1216 1055 1309 1119 ad
1338 1053 1679 1135 majorem
1714 1053 2212 1136 japonensium
2252 1054 2818 1119 aedificationem
2857 1056 3172 1120 futurum

698 1162 1071 1226 videbatur
1100 1164 1185 1241 si,
1218 1173 1599 1244 postquam
1642 1163 1733 1226 ab
1770 1164 1873 1226 eis
1902 1163 2238 1241 cognitus
2265 1172 2456 1226 esset
2493 1180 2656 1226 cum
2695 1164 3024 1243 pretiosis
3054 1180 3170 1227 ve·

700 1270 925 1333 stibus
952 1287 1040 1333 ac
1079 1270 1371 1348 divitiis,
1414 1271 1653 1333 omnia
1695 1270 2023 1334 viderent
2052 1280 2346 1350 propter
2387 1269 2750 1334 Christum
2777 1271 3181 1350 relinquere

702 1394 791 1441 ac
831 1386 1306 1456 contemnere,
1351 1386 1429 1441 ut
1466 1378 1817 1458 exemp10,
1862 1394 2046 1457 quae
2086 1375 2250 1440 fidei
2293 1387 2582 1440 nostrae
2625 1385 2812 1455 sunt,
2855 1377 2959 1440 eis
2988 1394 3176 1441 corn-

704 1485 1096 1548 mendaret.
1150 1482 1397 1565 Itaque
1436 1484 1573 1547 sibi
1612 1486 1747 1565 ipsi
1784 1494 2026 1548 vestes
2062 1485 2416 1564 pretiosas
2464 1486 2773 1564 paravit,
2825 1502 3003 1565 quas
3053 1501 3171 1564 po-

700 1602 853 1654 stea
896 1591 1084 1655 dono
1121 1590 1295 1653 dare
1336 1590 1517 1670 Regi
1554 1590 1788 1670 Bungi
1826 1591 2272 1654 decreverat.
2309 1590 2490 1655 Cum
2526 1590 2639 1654 vir
2671 1591 2790 1654 hic
2831 1590 2999 1654 olim
3027 1608 3180 1654 ver-

702 1706 984 1761 saretur
1025 1698 1143 1760 illa
1186 1698 1259 1759 in
1302 1698 1619 1776 regione,
1661 1696 2096 1777 japonenses
2135 1697 2467 1760 dicebant
2513 1715 2679 1762 eum
2707 1698 2994 1761 beatum
3021 1715 3180 1761 esse

700 1815 770 1868 et
801 1804 1227 1883 cognatione
1258 1822 1423 1867 cum
1452 1803 1608 1868 Deo
1641 1803 1801 1884 conj
1812 1814 2126 1882 unctum,
2161 1804 2283 1885 qui
2321 1804 2614 1867 divitias
2653 1805 2721 1868 ei
2749 1806 3008 1868 multas
3037 1807 3176 1867 lar·

709 1914 903 1992 gitus
930 1912 1185 1991 fuerat,
1217 1921 1289 1974 et
1324 1928 1411 1975 eo
1449 1913 1681 1991 magis
1720 1920 2053 1992 suscepta
2084 1920 2336 1991 sponte
2366 1923 2790 1992 paupertaS,
2823 1929 3040 1975 causa
3069 1929 3176 1975 re-

707 2019 1015 2099 ligionis,
1050 2018 1525 2082 aedificationi
1552 2018 1793 2082 futura
1824 2019 2222 2082 videbatur.

834 2126 1009 2189 1396.
1098 2126 1331 2206 Elegit
1368 2126 1379 2155 ¹
1416 2126 1713 2190 comites
1741 2126 2018 2190 itineris
2047 2126 2158 2189 sui
2199 2125 2276 2189 P.
2311 2125 2710 2207 Gasparem
2755 2126 3082 2190 Villelam
3108 2136 3180 2190 et

709 2235 969 2298 fratres
1020 2233 1480 2298 Melchiorem
1524 2244 1593 2297 et
1632 2234 2026 2297 Antonium
2063 2232 2280 2312 Diaz‚
2321 2233 2766 2298 Ludovicum
2793 2233 3004 2298 Frois
3041 2234 3182 2312 (vel

710 2342 773 2404 si
814 2342 1031 2404 latine
1082 2341 1655 2421 interpretamur,
1708 2340 1980 2416 Flores)
2035 2350 2104 2404 et
2154 2338 2597 2420 Stephanum
2643 2341 2730 2404 de
2769 2339 2986 2419 Goez,
3033 2341 3180 2421 qui-

705 2450 837 2511 bus
882 2458 951 2510 et
994 2465 1226 2511 novus
1262 2448 1487 2511 frater
1536 2446 2030 2511 Ferdinandus
2071 2446 2368 2511 Mendez
2423 2449 2758 2527 accessit;
2815 2457 2883 2511 et
2933 2449 3178 2511 habuit

708 2572 953 2619 eorum
994 2555 1367 2632 delectum,
1410 2556 1529 2635 qui
1571 2565 1641 2618 et
1680 2555 1946 2619 virtute
1977 2564 2045 2618 et
2075 2556 2364 2635 ingenio
2393 2555 2486 2619 ad
2525 2554 3022 2636 japonensium
3050 2556 3176 2618 lin-

704 2680 921 2743 guam
962 2648 1470 2726 addiscendam
1508 2678 1682 2742 prae
1723 2661 2027 2725 caeteris
2065 2672 2433 2742 praestare
2463 2661 2911 2726 videbantur.
2957 2662 3168 2742 Quin-

651 2795 663 2807 =
702 2788 836 2851 que
866 2770 1081 2833 etiam
1111 2784 1371 2848 pueros
1400 2786 1491 2831 ex
1520 2768 1863 2848 orphanis
1893 2768 2130 2847 elegit,
2161 2779 2240 2831 ut
2270 2768 2516 2831 divina
2540 2768 2768 2832 officia
2793 2770 3180 2832 solemnius

702 2894 949 2939 eorum
998 2893 1215 2956 opera
1267 2875 1820 2949 celebrarentur,
1866 2885 1938 2938 et
1973 2885 2072 2953 ut,
2117 2875 2550 2938 addiscendo
2595 2876 2914 2955 linguam
2953 2875 3175 2955 illam,

704 2983 1169 3062 interpretum
1210 2980 1441 3045 officio
1481 2981 1976 3061 fungerentur,
2019 2998 2111 3043 ex
2161 2981 2413 3062 quibus
2463 2982 2627 3059 du0,
2680 2982 2952 3045 scilicet
3003 2980 3169 3045 Gul-

705 3089 981 3153 lielmus
1008 3098 1079 3152 et
1105 3088 1411 3167 Regiera
1444 3106 1533 3152 ex
1572 3088 2013 3168 Portugallia
2053 3099 2433 3165 venerant,
2477 3107 2520 3151 a
2561 3089 2636 3153 P.
2683 3088 2894 3153 Petro
2924 3088 3183 3153 Dome-

714 3197 899 3259 nech
926 3196 1231 3259 instituti
1260 3198 1306 3260 “.

799 3303 973 3367 1397.
1065 3304 1160 3367 Ut
1214 3312 1454 3366 autem
1520 3319 1679 3366 cum
1752 3319 2017 3382 magna
2075 3303 2445 3366 alacritate
2514 3303 2730 3365 animi
2787 3313 2856 3366 et
2907 3303 3176 3367 laetitia

709 3410 783 3473 P.
819 3410 1276 3473 Melchiorem
1306 3410 1805 3488 sequebantur,
1839 3410 1940 3471 ita
1971 3409 2222 3489 reliqui
2253 3418 2400 3472 t'am
2429 3428 2520 3473 ex
2549 3410 2814 3473 nostris
2844 3427 3058 3490 quam
3091 3427 3182 3472 ex

709 3517 1071 3595 orphanis,
1092 3518 1213 3597 qui
1236 3517 1837 3595 relinquebantur,
1852 3515 2177 3594 graviter
2198 3516 2268 3579 id
2293 3516 2636 3595 ferebant,
2663 3516 2852 3597 quod
2873 3517 3183 3596 orphani

709 3633 856 3686 tam
908 3624 1145 3686 multis
1185 3623 1527 3703 lacrymis
1572 3624 2043 3700 testabantur,
2075 3631 2155 3685 ut
2192 3623 2284 3699 ad
2325 3640 2448 3685 eos
2498 3624 2862 3703 pacandos
2915 3624 3169 3703 promi·

705 3730 877 3792 serit
926 3729 1003 3792 P.
1056 3729 1423 3808 Melchior,
1471 3736 1542 3792 et
1589 3747 1804 3792 manu
1858 3746 1988 3791 sua
2029 3729 2510 3809 subscriptum
2552 3730 2936 3810 reliquerit,
2989 3730 3179 3810 quod

708 3853 871 3899 cum
901 3836 1021 3899 alii
1050 3838 1276 3899 nostri
1306 3836 1379 3900 in
1415 3836 1763 3918 Japonem
1805 3846 2044 3899 essent
2085 3837 2427 3910 mittendi,
2468 3837 2684 3900 etiam
2727 3854 2818 3899 ex
2863 3837 3038 3916 ipsis
3067 3853 3182 3899 or·

709 3942 965 4023 phanis
996 3943 1290 4006 comites
1322 3943 1457 4006 illis
1486 3954 1724 4006 essent
1755 3941 2210 4023 adjungendi:
2245 3954 2392 4007 tres
2423 3945 2638 4007 etiam
2669 3943 2768 4007 illi
2791 3944 2984 4007 servi
3010 3943 3180 4007 Fer·

712 4050 1005 4114 dinandi
1034 4049 1351 4127 Mendez‚
1386 4052 1471 4113 de
1502 4050 1760 4130 quibus
1792 4050 2120 4129 superius
2162 4052 2472 4125 memini,
2517 4052 2832 4131 reliquos
2863 4050 3184 4115 comitati

710 4166 898 4235 sunt3
932 4156 1122 4220 dedit
1154 4158 1368 4220 etiam
1399 4158 1635 4238 pueris
1666 4158 2008 4237 orphanis
2039 4156 2338 4219 Pro-rex
2368 4158 2788 4221 dalmaticas
2821 4174 2982 4221 cum
3023 4158 3184 4221 aliis

712 4265 1031 4328 vestibus
1054 4281 1145 4327 ex
1170 4280 1385 4326 aurea
1416 4265 1555 4326 tela
1581 4264 1950 4341 confectiS,
1987 4273 2063 4327 ut
2104 4265 2178 4327 in
2217 4265 2762 4327 solemnioribus
2803 4264 3002 4327 festis
3052 4281 3186 4328 suo

712 4382 966 4433 ornatu
996 4370 1533 4434 venerationem
1557 4370 1781 4433 divini
1812 4372 2042 4434 cultus
2073 4382 2439 4449 augerent.

802 4574 819 4606 ²
876 4574 1035 4617 Pater
1056 4572 1309 4617 Melchlor
1332 4574 1561 4627 Nugnez.

795 4647 818 4678 Ω
872 4644 1005 4688 Vide
1028 4656 1161 4699 quae
1181 4646 1389 4699 saepius
1410 4646 1461 4689 in
1484 4646 1579 4689 hoc
1622 4645 1879 4690 Chronico
1914 4647 1976 4689 de
2015 4646 2069 4689 P.
2106 4646 2261 4689 Petro
2297 4644 2592 4689 Domenech
2615 4647 2826 4700 ejusque
2845 4646 3190 4699 orphanotro-

714 4718 855 4773 phiis
874 4716 1015 4760 dicta
1036 4724 1173 4771 sunt,
1197 4718 1513 4771 praesertim
1536 4729 1699 4772 supra
1726 4719 1776 4761 in
1796 4719 1896 4763 hoc
1917 4719 2006 4762 vol
2030 4752 2040 4769 ,
2063 4728 2184 4772 pag.
2204 4716 2302 4767 560,
2323 4728 2354 4759 n
2398 4718 2516 4761 1207.

3681 5048 3692 5271 ss—-q—-ss
