3742 5392
699 508 810 567 328
1394 538 1418 556 ·
1621 512 1877 572 Canon.
1918 512 2071 573 Soc.
2110 514 2251 588 Jns.

703 657 958 719 amicis
987 658 1468 738 compluribus
1496 660 1830 740 expedire
1858 660 2235 724 videbatur
2260 709 2274 738 ,
2309 660 2402 724 ad
2434 660 2862 740 captandam
2904 659 3175 723 Docto-

705 780 862 827 rum
894 763 1400 829 parisiensium
1445 768 2062 847 benevolentiam,
2099 777 2176 832 ut
2216 768 2692 847 theologicum
2736 784 3023 830 cursum
3064 766 3163 830 in-

703 872 1153 951 grederetur,
1209 872 1435 937 donec
1485 873 1789 955 gradum
1840 876 2149 955 aliquem
2196 884 2384 939 esset
2432 882 2946 955 consequutus;
2997 890 3163 936 nam

705 980 867 1041 licet
898 989 1174 1043 tantum
1205 980 1294 1043 ad
1325 980 1959 1045 bachalaureatum
1989 992 2355 1061 promotus
2394 980 2675 1059 fuisset,
2715 979 2831 1060 Jus
2870 980 2961 1043 ad
3002 997 3157 1043 con·

703 1086 1135 1150 cionandum
1163 1088 1378 1150 etiam
1408 1086 1702 1151 Parisiis
1728 1097 2015 1168 partum
2040 1090 2144 1153 illi
2172 1099 2392 1168 esset;
2418 1089 2545 1152 sed
2566 1088 2701 1151 has
2722 1086 3163 1151 deliberatio·

704 1209 834 1256 nes
892 1194 1176 1275 abrupit
1235 1195 1569 1276 Episcopi
1625 1195 2160 1260 Claramontani
2210 1195 2399 1276 justa
2458 1196 2841 1277 postulatio
2898 1205 2969 1259 et
3016 1192 3179 1275 eJus

708 1301 1057 1365 dioecesis
1100 1303 1488 1382 spiritualis
1527 1304 1951 1383 necessitaS,
1996 1314 2286 1385 propter
2332 1320 2549 1385 quam
2598 1302 2919 1367 eumdem
2972 1302 3163 1382 Mag.

706 1406 1094 1472 Robertum
1121 1426 1284 1473 cum
1314 1410 1390 1473 P.
1425 1410 1863 1491 Hieronymo
1894 1411 2183 1490 Bassi0,
2214 1412 2332 1491 qui
2363 1411 2853 1491 philosophiae
2882 1427 3167 1474 cursum

704 1515 1020 1580 nondum
1053 1517 1495 1596 absolverat,
1527 1536 1772 1581 secum
1800 1520 1875 1582 in
1904 1536 2107 1582 suam
2136 1519 2521 1581 dioecesim
2550 1518 2812 1581 ducere
2850 1518 3177 1599 optabat,

704 1638 871 1686 curn
901 1622 1208 1687 facultas
1235 1624 1742 1703 concionandi,
1783 1642 1967 1706 quae
2008 1625 2273 1689 nostris
2310 1625 2606 1689 Parisiis
2634 1624 3063 1703 negabatur,
3097 1624 3181 1686 in

707 1730 1076 1793 Auvernia
1107 1730 1511 1811 offerretur,
1545 1734 1757 1796 immo
1788 1750 1949 1796 cum
1978 1750 2240 1812 magno
2272 1731 2623 1795 desiderio
2646 1740 2716 1795 et
2736 1731 3076 1811 Episcopi
3103 1739 3171 1793 et

707 1840 1162 1918 populorum,
1197 1856 1447 1904 eorum
1481 1856 1698 1921 opera
1729 1849 2184 1920 expeteretur
2216 1842 2258 1899 ¹.

826 1944 966 2008 702.
1055 1944 1426 2025 Urgebant
1455 1946 1738 2010 interim
1777 1949 2004 2011 nostri
2040 1947 2549 2028 Theologicam
2578 1947 3024 2010 Facultatem
3052 1962 3169 2026 pa·

712 2052 1082 2115 risiensem
1119 2064 1197 2116 ut
1236 2053 1324 2117 de
1355 2055 1580 2117 rebus
1633 2052 2013 2119 Societatis
2060 2063 2347 2117 nostrae
2398 2053 2684 2117 tandem
2733 2051 3174 2131 decerneret;

705 2157 852 2237 jam
894 2158 1084 2222 enim
1125 2161 1246 2240 qui
1284 2162 1605 2241 deputati
1643 2161 1926 2225 fuerant
1966 2160 2055 2225 ad
2095 2162 2370 2225 litteras
2416 2160 2871 2240 Apostolicas
2909 2159 3174 2222 exami-

712 2264 1024 2344 nandaS,
1060 2266 1290 2330 officio
1321 2285 1451 2331 suo
1480 2285 1560 2331 se
1587 2268 1870 2332 functos
1894 2267 2375 2345 affirmabant;
2401 2267 2527 2330 sed
2548 2267 2957 2346 generalem
2976 2266 3177 2328 theo-

712 2371 1038 2451 logorum
1090 2373 1440 2454 synodum
1501 2373 1967 2456 [cogendam]
2026 2391 2112 2438 ac
2169 2374 2761 2455 promulgandam
2819 2373 3173 2436 communi

718 2496 1070 2544 consensu
1100 2482 1524 2545 sententiam
1553 2482 1905 2546 dicebant.
1939 2480 2079 2545 Sed
2117 2482 2399 2546 interim
2437 2489 2583 2543 tam
2620 2479 2861 2544 multis
2900 2479 3177 2559 lingua-

720 2604 875 2651 rum
909 2588 1067 2651 telis
1093 2589 1322 2651 nostri
1361 2588 1949 2653 confodiebantur
1988 2606 2074 2652 ac
2119 2586 2443 2651 Societas
2481 2588 2638 2667 ipsa
2680 2586 3184 2667 proscindeba-

725 2704 870 2772 tur,
904 2696 1021 2757 vel
1054 2695 1142 2758 ob
1175 2696 1407 2775 ipsum
1451 2712 1710 2759 nomen
1747 2695 2123 2760 Societatis
2158 2695 2363 2777 Jesu,
2413 2705 2489 2758 ut
2526 2698 2680 2758 sive
2721 2694 3174 2774 Episcopum,

716 2800 871 2864 sive
893 2800 952 2863 F
955 2803 1339 2865 acultatem
1360 2800 1894 2882 Theologicam,
1924 2802 2075 2865 sive
2098 2800 2460 2881 Senatum,
2488 2802 2641 2864 sive
2672 2802 3031 2881 populum,
3058 2810 3179 2863 aut

720 2908 936 2971 etiam
985 2908 1212 2988 ipsam
1261 2908 1818 2972 Universitatem
1862 2919 2298 2990 spectarent,
2352 2924 2689 2997 magnam
2739 2908 3180 2971 exercendae

727 3014 1108 3093 patientiae
1139 3016 1590 3079 occasionem
1614 3015 2105 3096 undecumque
2136 3016 2481 3079 haberent
2508 3025 2581 3077 et
2608 3014 3021 3094 suspicandi
3042 3031 3186 3094 quo

615 3108 628 3121 ⁸
723 3122 1009 3184 tandem
1043 3122 1440 3199 decretum,
1473 3123 1664 3202 quod
1709 3124 2257 3208 expectabatur,
2311 3139 2697 3185 evasurum
2748 3130 2956 3185 esset.
2998 3121 3121 3184 Illa
3162 3120 3183 3149 ³

725 3237 961 3292 autem
1019 3228 1250 3308 prima
1299 3229 1411 3292 die
1455 3230 1720 3293 mensis
1762 3228 2210 3309 DecembriS,
2258 3239 2421 3309 post
2460 3228 2756 3291 Missam
2794 3226 2881 3292 de
2922 3226 3183 3307 Spiritu

726 3332 947 3398 Santo
976 3335 1404 3405 celebratam
1443 3336 1516 3399 in
1558 3335 1875 3416 Collegio
1914 3335 2301 3413 Sorbonae,
2346 3336 2707 3399 decretum
2745 3334 2915 3398 illud
2943 3334 3181 3410 edidit,

727 3440 926 3521 cujus
956 3453 1159 3506 tenor
1189 3442 1304 3505 hic
1335 3453 1442 3506 est
1469 3462 1482 3505 :

850 3547 990 3613 703.
1085 3548 1326 3613 “Haec
1353 3567 1543 3613 nova
1573 3549 1896 3614 Societas
1932 3549 2289 3613 insolitam
2332 3549 2637 3613 nominis
2675 3550 2845 3632 Jesu
2888 3550 3197 3629 appella-

729 3655 996 3720 tionem
1027 3656 1479 3736 peculiariter
1509 3657 1642 3719 sibi
1673 3656 2065 3719 vendicans
2088 3704 2103 3733 ,
2136 3665 2281 3719 tam
2312 3656 2607 3719 licenter
2636 3666 2703 3719 et
2732 3655 2885 3719 sine
2912 3656 3191 3719 delectu

730 3762 1076 3842 quaslibet
1107 3780 1485 3844 personas,
1519 3764 2031 3843 quantumlibet
2069 3762 2511 3825 facinorosas
2562 3770 2631 3825 et
2673 3762 3079 3841 illegitimas
3122 3773 3195 3825 et

731 3868 1036 3933 infames
1055 3918 1070 3948 ,
1105 3870 1485 3934 admittens
1501 3920 1518 3950 ,
1544 3871 1810 3934 nullam
1832 3887 1876 3932 a
1901 3869 2385 3933 saecularibus
2406 3870 2896 3933 sacerdotibus
2921 3870 3201 3933 habens

735 3975 1209 4040 differentiam
1240 3978 1310 4040 in
1341 3978 1586 4063 habitu
1615 3978 1989 4055 exteriori,
2023 3987 2173 4040 tum
2206 3987 2531 4056 tonsura,
2566 3986 2712 4041 tum
2750 3977 2946 4041 horis
2983 3993 3190 4040 cano-

738 4084 920 4147 nicis
950 4084 1284 4164 privatim
1326 4084 1642 4147 dicendis
1681 4094 1805 4147 aut
1843 4084 2121 4165 publice
2167 4084 2239 4146 in
2278 4084 2537 4165 templo
2576 4083 3075 4161 decantandis;
3122 4085 3193 4147 in

736 4192 1088 4270 claustris,
1125 4192 1436 4271 silentiO,
1471 4191 1544 4255 in
1574 4192 1848 4255 delectu
1894 4192 2214 4254 ciborum
2256 4200 2326 4253 et
2356 4190 2658 4270 dierum,
2702 4191 2774 4254 in
2803 4189 3088 4272 jejnniis
3128 4201 3201 4255 et

815 4469 832 4502 ¹
890 4469 979 4513 “L’
999 4470 1142 4514 altra
1161 4471 1427 4524 questione
1447 4480 1604 4523 sopra
1621 4470 1654 4512 1·
1673 4476 1885 4513 entrare
1908 4469 1988 4513 nel
2008 4479 2157 4511 corso
2177 4468 2227 4511 di
2249 4467 2533 4521 Theologia
2552 4466 2700 4512 Mtro.
2715 4468 2960 4521 Roberto,
2976 4480 3101 4524 pare
3121 4470 3204 4513 sla

733 4542 904 4586 solnta
935 4552 1030 4585 eon
1065 4542 1326 4585 mandarat
1347 4542 1520 4591 ἴασι-εις
1539 4551 1636 4596 pur
1657 4552 1754 4583 non
1785 4544 1814 4585 e
1834 4540 2147 4594 ripugnante
2168 4539 2254 4583 ⁸11²
2275 4540 2515 4583 instituto
2537 4545 2716 4584 nostro
2746 4546 2927 4585 entrar
2948 4542 3032 4584 nel
3052 4551 3199 4585 cono

735 4613 786 4656 di
806 4612 1108 4667 Theologia,
1129 4615 1190 4655 ne
1213 4614 1376 4655 anche
1397 4612 1588 4667 pigllar
1611 4612 1736 4655 tutti
1757 4612 1828 4665 gu
1851 4612 2020 4665 gradi:
2043 4622 2169 4654 vero
2190 4614 2217 4655 e
2241 4612 2335 4655 che
2366 4611 2417 4654 la
2437 4612 2670 4666 prattlca
2689 4612 2739 4655 dl
2762 4618 2943 4666 questo
2964 4613 3125 4666 pende
3148 4613 3204 4657 di.

733 4684 894 4728 nolte
913 4683 1350 4736 circumstantia„
1370 4684 1625 4727 Polancus
1641 4716 1652 4733 .
1675 4694 1742 4727 ex
1761 4694 1913 4733 com„
1933 4683 2079 4727 Patri
2102 4683 2385 4727 paschasio
2408 4682 2582 4733 Broet.
2608 4684 2659 4726 15
2677 4683 2981 4727 Decembris
3000 4684 3120 4729 155⁴.

823 4756 845 4787 ¹
898 4755 990 4799 Me.
1012 4755 1169 4799 habet
1191 4754 1363 4809 quen
1381 4766 1550 4799 sermo
1571 4764 1746 4799 tamen
1766 4760 1847 4798 est
1866 4754 1929 4798 de
1962 4753 2267 4807 Theologica
2290 4754 2590 4798 Facultate.
