3742 5392
25 3438 129 3457 ‘q‘-

1594 483 1721 541 AN.
1772 482 1910 540 1554
2883 482 2988 541 113

512 628 730 691 valde
761 637 950 707 sunt;
983 646 1153 693 nam
1173 638 1675 710 praeterquam
1703 630 1894 711 quod
1923 630 2080 693 aliis
2110 630 2374 693 scholis
2402 630 2553 711 ipse
2583 630 2986 711 praefectus

522 745 699 815 erat,
735 736 810 797 in
842 736 1071 815 prima
1100 737 1361 799 latinas
1390 744 1459 799 et
1486 752 1790 816 graecas
1820 735 2097 799 litteras
2127 752 2213 799 ac
2243 736 2673 800 rhetoricam
2704 736 2988 799 tradere

524 842 793 906 erudite
810 844 1067 923 coepit,
1086 851 1156 905 et
1178 842 1598 923 quibusdam
1622 843 2062 907 orationibus
2085 844 2488 907 auditorum
2513 844 2788 907 animos
2802 844 2988 907 exci-

406 928 415 936 ⁶
484 1033 489 1037 .
522 950 705 1012 tavit
739 948 781 1009 ¹.
816 950 896 1013 In
924 950 1377 1013 inferioribus
1404 951 1785 1030 classibus,
1819 951 1986 1031 quia
2015 948 2532 1031 Despauterius
2570 951 2991 1031 explodeba-

516 1068 663 1133 tur,
696 1073 931 1136 pauca
971 1056 1322 1137 quaedam
1364 1064 1433 1120 et
1474 1058 1884 1121 necessaria
1913 1066 2329 1138 praecepta,
2372 1076 2461 1120 ex
2487 1058 2989 1137 grammatico-

528 1182 686 1227 rum
718 1162 1075 1227 thesauris
1105 1161 1553 1245 deprompta,
1588 1164 1910 1227 oratione
1941 1165 2173 1227 soluta
2203 1163 2531 1243 confecit,
2579 1181 2762 1244 quae
2790 1180 2992 1244 prae-

528 1280 855 1350 ceptores
885 1271 1032 1334 suis
1062 1269 1427 1350 discipulis
1458 1269 1809 1334 dictarent
1839 1279 1910 1334 et
1937 1270 2038 1334 illi
2067 1271 2141 1334 in
2173 1288 2344 1335 suos
2375 1270 2994 1335 commentariolos

526 1377 900 1441 referrent.

649 1484 790 1548 217.
878 1484 959 1547 In
986 1485 1451 1547 renovatione
1494 1492 1732 1549 autem
1771 1483 2169 1548 studiorum
2209 1485 2473 1548 multae
2516 1493 2587 1547 et
2629 1485 2995 1564 elegantes

524 1592 895 1654 orationes
925 1590 1152 1672 pridie
1178 1609 1407 1653 nonas
1436 1590 1862 1655 Novembris
1892 1591 2198 1669 habitae,
2230 1607 2493 1671 magna
2524 1590 2862 1672 cujusque
2887 1609 2994 1654 or·

522 1697 719 1761 -dinis
745 1698 1177 1779 frequentia,
1208 1698 1495 1762 fuerunt
1533 1706 1603 1761 et
1642 1698 1944 1762 feliciter
1985 1699 2160 1761 satis
2199 1707 2609 1778 peroratae;
2640 1707 2710 1762 et
2754 1716 2992 1778 quam-

534 1806 675 1885 viS,
710 1806 981 1886 pariete
1022 1805 1328 1886 quodam
1366 1804 1675 1885 dejectO,
1720 1824 1811 1868 ex
1850 1806 2128 1869 duobus
2163 1806 2561 1886 gymnasiis
2598 1823 2818 1869 unum
2853 1822 2996 1868 am-

532 1914 731 1994 plum
780 1913 1264 1991 confecerant,
1314 1930 1455 1975 non
1494 1913 1721 1993 potuit
1762 1922 2003 1977 tamen
2041 1911 2557 1978 multitudinem
2595 1913 2998 1977 auditorum

539 2038 819 2101 capere.
858 2018 1279 2083 Oratoribus
1300 2020 1633 2099 permixti
1655 2028 1859 2083 erant
1881 2027 2154 2101 poetae,
2183 2019 2301 2100 qui
2323 2037 2454 2083 sua
2475 2020 2998 2100 pronunciatio·

538 2146 633 2191 ne
663 2137 731 2189 et
770 2136 983 2189 cantu
1025 2126 1383 2190 auditores
1422 2127 1631 2190 valde
1672 2127 2136 2215 delectarunt.
2183 2128 2461 2207 Egloga
2500 2126 2752 2191 deinde
2791 2145 2998 2207 quae-

534 2234 713 2297 -dam
742 2234 835 2297 ad
865 2233 1410 2297 admirationem
1438 2250 1659 2313 usque
1696 2235 1874 2297 bene
1921 2234 2217 2297 recitata
2261 2251 2304 2296 a
2339 2234 2579 2313 pueris
2621 2234 2775 2298 fuit.
2815 2234 2998 2297 Ade-

534 2352 699 2404 rant
757 2341 959 2403 multi
1014 2340 1337 2403 canonici
1396 2340 1825 2403 cathedralis
1881 2340 2264 2418 ecclesiae,
2325 2349 2395 2403 et
2443 2358 2536 2403 ex
2590 2339 3000 2404 doctoribus

526 2448 758 2527 aliqui
784 2464 1092 2527 magnae
1121 2448 1569 2510 auctoritatis
1590 2496 1604 2525 ,
1638 2456 1707 2510 et
1734 2447 2010 2511 nobiles
2040 2449 2440 2527 complures
2481 2464 2566 2511 ac
2606 2457 2998 2526 senatoreS,

524 2555 679 2635 -qui,
716 2554 1040 2618 omnibus
1067 2552 1501 2634 perjucunde
1520 2554 1821 2633 auditiS,
1854 2572 1934 2618 se
1963 2555 2160 2635 prius
2189 2553 2619 2619 Societatem
2649 2572 2871 2635 usque
2912 2554 3003 2618 ad

534 2662 733 2724 illum
765 2661 951 2724 diem
990 2679 1134 2725 non
1172 2662 1601 2740 cognovisse
1645 2660 2128 2741 affirmabant,
2171 2671 2240 2725 et
2279 2678 2564 2725 omnem
2600 2678 2806 2725 suam
2843 2680 3003 2743 ope·

540 2784 697 2831 ram
729 2778 1049 2832 amanter
1082 2767 1495 2831 offerebant.

656 2874 798 2938 218.
888 2874 1285 2955 Episcopus
1302 2883 1540 2939 autem
1558 2875 1629 2938 in
1644 2875 2137 2939 benevolentia
2150 2876 2537 2955 crescebat,
2553 2876 2672 2955 qui
2687 2874 2764 2939 P.
2783 2876 3004 2941 Fran-

524 2983 730 3046 cisco
782 2980 1085 3061 injunxit
1130 2992 1208 3045 ut
1258 2982 1495 3045 omnia
1542 2983 1976 3046 monasteria
2025 2982 2218 3045 urbis
2259 3000 2388 3047 suo
2427 2983 2711 3049 nomine
2749 2984 3004 3048 invise-

538 3100 671 3169 ret,
709 3091 782 3153 in
814 3090 1065 3169 quibus
1095 3090 1561 3153 concionatus
1588 3097 1719 3169 est,
1754 3097 1821 3152 et
1851 3098 1930 3152 ut
1958 3098 2260 3153 testatur
2287 3089 2478 3169 Mag.
2504 3090 2936 3156 Franciscus
2956 3090 3000 3169 ²,

541 3198 663 3277 qui
692 3214 931 3261 comes
954 3197 1020 3259 ei
1049 3196 1210 3274 fuit,
1243 3198 1533 3277 egregie
1564 3196 1701 3260 hoc
1731 3197 2202 3261 concionandi
2233 3216 2523 3262 munere
2549 3198 3002 3278 fungebatur,

529 3304 722 3368 adeo
750 3313 829 3366 ut
860 3312 1183 3367 censeret
1208 3304 1324 3367 ille
1353 3305 1442 3367 ab
1472 3304 1631 3367 aliis
1655 3304 2236 3385 occupationibus
2257 3304 2334 3369 Ρ.
2360 3304 2824 3370 Franciscum
2848 3324 3003 3370 esse

536 3409 986 3475 liberandum
1006 3458 1021 3489 ,
1055 3419 1131 3473 ut
1161 3412 1505 3473 talentum
1534 3410 1937 3489 egregium,
1971 3411 2159 3489 quod
2191 3428 2234 3474 a
2261 3411 2569 3475 Domino
2601 3424 3002 3493 acceperat,

541 3517 829 3580 liberius
858 3528 927 3579 et
956 3517 1274 3580 crebrius
1296 3516 1381 3580 ad
1418 3518 1801 3581 multorum
1823 3517 2200 3580 utilitatem
2223 3527 2589 3581 exerceret
2611 3516 2657 3583 ³.
2675 3518 3004 3601 Rogante

540 3623 792 3688 eodem
820 3624 1177 3705 Episcopo
1199 3674 1213 3702 ,
1248 3623 1629 3687 dioecesim
1659 3623 1970 3687 invisere
2003 3622 2241 3687 debuit
2270 3626 2480 3689 simul
2524 3643 2686 3689 cum
2713 3626 2902 3707 ipSO,
2937 3638 3006 3691 et

537 3731 819 3812 aliquas
848 3732 921 3795 in
952 3749 1037 3793 ea
1064 3730 1483 3794 lustratione
1512 3730 1898 3794 conciones
1927 3729 2173 3793 habuit
2197 3748 2443 3796 coram
2465 3732 2620 3812 ipso
2643 3742 2714 3797 et
2740 3751 3004 3814 magna

534 3838 783 3919 populi
830 3837 1265 3916 frequentia,
1319 3837 1572 3918 quibus
1620 3835 1799 3900 adeo
1849 3838 2240 3901 commovit
2289 3846 2438 3901 turn
2487 3848 2810 3904 caeteros
2855 3850 3004 3905 tum

536 3943 999 4025 Episcopum,
1032 3952 1111 4007 ut
1139 3944 1204 4007 ei
1232 3943 1667 4023 persuaserit
1694 3943 1884 4023 quod
1913 3944 2036 4006 alii
2065 3944 2605 4010 concionatores
2643 3965 3005 4028 nunquam

540 4055 941 4131 potuerant.
977 4050 1402 4115 Conferebat
1432 4058 1667 4114 autem
1696 4066 1860 4114 cum
1890 4068 1974 4114 eo
2006 4060 2075 4113 et
2104 4050 2178 4115 in
2219 4053 2592 4117 consilium
2631 4054 3008 4119 adhibebat

530 4176 701 4221 eum
730 4167 1073 4222 amanter.
1100 4156 1191 4221 Et
1220 4156 1501 4220 demum
1524 4166 1671 4220 tam
1692 4158 1982 4221 scholae
2007 4174 2220 4239 quam
2250 4159 2433 4224 aliae
2459 4177 2576 4224 res
2606 4162 3010 4241 spirituales

624 4448 641 4479 ¹
697 4448 783 4492 “ei
818 4448 985 4493 siamo
1016 4447 1291 4502 ranegrati
1324 4447 1463 4491 della
1502 4446 1827 4491 rinovatione
1860 4446 1924 4489 de
1951 4446 2026 4500 gu
2040 4446 2202 4492 studii
2235 4459 2264 4491 e
2285 4447 2424 4493 della
2442 4449 2804 4495 satisfactione
2823 4450 2920 4495 che
2939 4452 3006 4495 ha

536 4518 610 4561 V.
629 4518 691 4563 R.
722 4519 805 4563 del
842 4518 997 4564 Mtro.
1016 4518 1311 4565 Francesco
1343 4518 1593 4571 Bordon.„
1631 4518 1900 4573 Polaticus,
1933 4528 2000 4561 ex
2032 4530 2186 4571 com„
2216 4518 2364 4564 Patri
2399 4519 2682 4567 Francisco
2720 4521 2936 4577 Palmlo,
2961 4524 3010 4565 17

626 4604 679 4637 v.
826 4620 841 4636 .

540 4592 649 4695 No*
700 4592 1173 4719 ffl.F1-anciecus
1192 4662 1416 4708 Bortlon.

626 4736 651 4767 ³
704 4736 837 4781 Vide
857 4748 1033 4792 supra,
1061 4748 1183 4791 pag.
1206 4736 1299 4789 109,
1320 4748 1369 4779 n.
1390 4736 1485 4779 209.

832 4825 908 4885 T.
940 4844 1019 4883 lv.
2693 4832 2727 4886 8
