3742 5392
1605 491 1730 548 ΑΝ.
1775 489 1915 548 1554
2937 484 3006 544 15

528 637 716 718 Quia
739 647 981 702 tamen
1006 637 1159 718 ipse
1190 634 1610 699 Patriarcha
1655 653 1744 698 ex
1773 634 2117 711 Tituan0,
2167 631 2427 712 oppido
2471 629 2792 708 Africae,
2837 647 3002 693 ev0÷

529 745 804 808 candus
831 744 963 806 suit
998 742 1036 822 ¹,
1068 761 1233 806 cum
1261 743 1348 806 de
1377 743 1590 806 rebus
1618 740 2100 820 Portugalliae
2126 749 2404 819 agetur,
2438 738 2627 819 quod
2648 746 2997 818 superest,

534 852 675 916 dici
702 852 982 933 poterit.
1017 850 1246 914 Roma
1275 861 1515 914 tamen
1545 850 1745 914 missi
1775 848 2061 912 fuerunt
2090 847 2227 910 duo
2258 847 2595 926 Episcopi
2624 846 2747 925 qui
2778 844 3003 909 Coad·

523 957 801 1037 jutores
825 957 1286 1022 patriarchae
1305 967 1373 1021 et
1390 973 1844 1020 successores
1864 954 2086 1019 futuri
2107 963 2336 1030 erant;
2356 953 2430 1017 hi
2450 953 2734 1016 fuerunt
2757 950 2831 1014 P.
2858 951 3004 1015 An·

539 1067 748 1130 dreas
779 1065 867 1130 de
897 1064 1172 1129 Oviedo
1217 1074 1285 1128 et
1328 1063 1406 1126 Ρ.
1458 1063 1799 1128 Melchior
1852 1062 2192 1140 Carnero,
2246 1073 2324 1125 ut
2380 1062 2589 1142 paulo
2635 1070 2798 1123 ante
2828 1059 3004 1123 dixi-

537 1191 696 1248 mus
724 1172 772 1250 ⁸,
807 1189 969 1237 cum
999 1173 1158 1236 aliis
1197 1172 1620 1251 quibusdam
1658 1170 1889 1234 Roma
1926 1169 2158 1233 missi:
2204 1169 2470 1232 caeteri
2509 1185 2599 1230 ex
2635 1165 3005 1231 Lusitania
3092 1204 3097 1210 -

532 1282 717 1345 bona
749 1298 840 1343 ex
870 1287 1074 1360 parte
1103 1288 1266 1342 sunt
1296 1277 1640 1358 adjuncti;
1675 1286 1745 1341 et
1774 1295 1969 1340 nova
1999 1275 2415 1353 Provincia,
2452 1293 2539 1338 ac
2577 1291 2809 1338 novus
2839 1273 3003 1336 Pro-

529 1387 864 1450 vincialis
885 1387 958 1449 in
970 1386 1353 1466 Aethiopia
1370 1385 1733 1449 institutus
1753 1384 1907 1463 fuit,
1935 1392 2004 1447 et
2026 1383 2118 1446 ad
2137 1383 2211 1446 id
2237 1383 2639 1446 nominatus
2662 1380 2737 1443 P.
2757 1380 2816 1443 T
2820 1381 3006 1444 ibur-

535 1495 673 1558 tius
703 1494 794 1558 de
827 1492 1177 1573 QuadrOS.
1210 1493 1374 1558 Fuit
1403 1493 1617 1556 etiam
1645 1491 2018 1555 instructio
2052 1509 2095 1554 a
2124 1489 2198 1553 P.
2247 1489 2524 1569 Ignatio
2566 1489 2658 1552 ad
2698 1487 3005 1551 Patriar-

529 1601 712 1664 chae
753 1600 1095 1664 auxilium
1135 1600 1362 1664 Roma
1413 1601 1654 1678 missa,
1709 1616 1891 1679 quae
1934 1614 2391 1678 magnopere,
2444 1605 2521 1660 ut
2568 1595 2797 1660 nostri
2834 1594 3003 1660 scri-

537 1716 855 1788 pserunt,
887 1706 1069 1786 Regi
1094 1706 1572 1788 Portugalliae
1601 1705 1869 1787 placuit
1900 1703 1947 1768 ³.
2102 1769 2109 1778 ,

664 1814 758 1878 15.
851 1812 1226 1895 Agebatur
1262 1815 1479 1877 etiam
1522 1814 1657 1877 hoc
1698 1830 1887 1876 anno
1928 1811 2013 1874 de
2056 1811 2321 1875 nostris
2366 1811 2440 1875 in
2488 1809 2811 1875 Africam
2852 1811 3005 1875 mit·

540 1921 802 2001 tendis;
835 1939 1001 1985 nam
1026 1931 1315 2002 praeter
1342 1921 1436 1999 id,
1471 1919 1660 2001 quod
1683 1918 2033 2000 superiori
2058 1935 2247 1982 anno
2269 1919 2638 1982 retulimus
2660 1915 2686 1948 ⁴
2708 1917 2795 1980 de
2818 1919 3007 2000 prin·

529 2027 688 2109 cipe
733 2026 1214 2107 Gelvensium,
1265 2027 1564 2107 Xequen
1612 2035 1877 2090 vocant
1906 2025 2112 2107 (quae
2162 2026 2476 2106 dignitas
2522 2027 2723 2106 regia
2773 2025 3008 2088 minor

536 2135 720 2198 inter
747 2152 1136 2199 saracenos
1163 2135 1315 2214 est),
1351 2135 1473 2215 qui
1499 2133 1920 2213 Imperatori
1950 2132 2207 2197 Carolo
2236 2150 2313 2196 se
2353 2114 2655 2196 subdere
2692 2134 3005 2211 volebat,

533 2250 607 2304 et
634 2241 725 2305 ad
755 2242 829 2305 id
857 2241 1040 2304 duos
1068 2240 1248 2305 filios
1279 2241 1562 2304 obsides
1593 2241 1664 2304 in
1695 2238 2015 2303 Siciliam
2047 2240 2363 2319 miserat,
2396 2249 2467 2303 et
2496 2256 2759 2319 arcem,
2795 2257 3009 2321 quam

537 2348 867 2425 habebat,
899 2347 1128 2412 eidem
1157 2348 1440 2412 tradere
1463 2357 1535 2410 et
1564 2348 1778 2410 aliam
1799 2346 2179 2410 aedificare
2206 2347 2510 2426 volebat;
2539 2356 2614 2410 at
2638 2365 2731 2412 ex
2753 2347 3009 2412 Goleta

537 2473 759 2536 prope
787 2455 1162 2534 Tunetum,
1217 2457 1334 2518 vel
1392 2455 1450 2517 T
1446 2472 1661 2533 unes,
1704 2465 1780 2517 ut
1823 2462 2111 2533 vocant,
2166 2452 2569 2533 praefectus
2619 2452 2772 2534 ejus
2809 2471 3009 2535 prae·

533 2562 698 2626 sidii
725 2559 750 2592 ⁸
797 2563 1074 2642 aliquos
1117 2561 1204 2624 de
1244 2561 1598 2626 Societate
1646 2561 1738 2624 ad
1787 2577 1863 2623 se
1914 2560 2097 2623 mitti
2146 2561 2469 2640 urgebat,
2518 2570 2589 2624 et
2629 2561 2891 2625 ibidem
2940 2571 3013 2626 et

535 2665 793 2733 Tuneti
830 2669 1140 2732 fructum
1172 2671 1458 2734 uberem
1487 2667 1762 2749 sperari
1800 2685 2011 2749 posse
2050 2666 2470 2731 affirmabat.
2514 2669 2608 2733 Ut
2640 2678 2879 2733 autem
2908 2669 3006 2732 fa·

535 2776 742 2840 cilius
791 2777 1005 2840 rebus
1033 2774 1325 2841 Africae
1369 2775 1641 2838 consuli
1670 2782 1945 2855 posset,
1980 2774 2051 2837 in
2090 2773 2331 2838 Sicilia
2374 2776 2721 2854 agebatur
2754 2775 2843 2838 de
2871 2778 3010 2840 col-

537 2883 726 2963 legio
758 2883 1086 2963 quodam,
1130 2884 1248 2946 ubi
1283 2883 1529 2964 lingua
1567 2883 1859 2946 arabica
1889 2883 2401 2960 addisceretur,
2446 2892 2516 2946 et
2556 2884 2775 2965 aliqui
2805 2885 3008 2964 pueri

537 2989 842 3054 africani
903 2990 1476 3069 instituerentur,
1529 2989 1649 3053 ubi
1699 2991 1902 3053 locus
1950 2989 2207 3070 aliquis
2260 2989 2632 3054 distinctus
2682 2999 2871 3054 esset
2918 2990 3012 3053 ad

537 3113 788 3160 eorum
818 3115 1046 3177 usum,
1079 3098 1201 3177 qui
1229 3097 1323 3160 ad
1351 3096 1562 3160 fidem
1590 3105 2213 3176 converterentur,
2254 3105 2334 3160 ut
2372 3097 2466 3160 ad
2504 3097 2791 3161 modum
2828 3107 3013 3161 cate-

538 3204 1055 3268 chumenorum
1083 3205 1156 3267 in
1196 3203 1358 3268 fidei
1394 3203 1875 3268 fundamentis
1923 3203 2481 3267 instituerentur.
2523 3203 2769 3284 Aliqui
2796 3205 3015 3269 etiam

539 3327 634 3374 ex
661 3311 924 3374 nostris
952 3311 1024 3374 in
1054 3311 1371 3390 Collegio
1403 3308 1842 3374 Messanensi
1873 3310 1947 3374 in
1976 3311 2219 3389 lingua
2244 3311 2537 3374 arabica
2555 3310 2706 3390 Jam
2729 3329 3011 3374 exerce-

538 3417 832 3497 bantur,
867 3427 967 3497 et,
1001 3418 1062 3481 si
1094 3435 1209 3481 res
1237 3433 1696 3498 progressum
1727 3417 2129 3496 habuisset,
2162 3416 2443 3481 Melitae
2472 3417 2871 3497 Collegium
2894 3418 3011 3481 ad-

539 3525 724 3588 mitti
750 3541 962 3604 posse
991 3524 1400 3604 videbatur,
1436 3524 1626 3605 quod
1646 3524 2044 3603 Episcopus
2073 3521 2224 3603 ejus
2254 3522 2534 3588 Insulae
2564 3523 2798 3604 (quus
2822 3524 3011 3588 inco-

542 3632 632 3695 lis
660 3631 950 3695 arabica
977 3632 1222 3711 lingua
1252 3633 1641 3694 vernacula
1672 3630 1850 3708 est),
1882 3639 1956 3693 ut
1990 3631 2267 3694 admitti
2294 3641 2535 3710 posset
2582 3629 2932 3713 [urgebat]
2964 3629 3010 3691 ⁰.

542 3951 701 3999 esset,
723 3952 775 3990 et
796 3956 914 3990 cnm
931 3956 1032 4000 quo
1049 3950 1261 4000 possent
1281 3944 1516 3988 conferre
1535 3949 1589 3988 et
1610 3943 1881 3988 consilium
1902 3944 2301 3988 communicare.
2322 3943 2469 3988 Unde
2486 3949 2537 3988 et
2555 3943 2675 3988 hinc
2692 3949 2873 3989 natum
2889 3952 3016 4000 puto

545 4021 728 4061 votnm
747 4017 982 4071 simplex,
1003 4017 1138 4072 quod
1158 4015 1378 4070 professi
1401 4015 1546 4060 facta
1567 4016 1887 4070 professione
1909 4015 2169 4062 emittunt.
2190 4015 2324 4070 quod
2342 4017 2657 4061 tenebuntur
2670 4017 2869 4070 audire,
2891 4029 3018 4061 casn

542 4099 647 4144 quo
666 4095 1072 4143 promoveantur
1090 4089 1158 4133 sd
1186 4088 1490 4143 dignitates,
1524 4089 1794 4132 consilium
1828 4088 1955 4140 elus,
1993 4088 2077 4141 qui
2115 4088 2252 4132 adsit
2290 4088 2351 4131 de
2388 4087 2697 4142 Societate...
2732 4087 3019 4134 Ouvmuus

545 4159 846 4214 limnaeus,
876 4159 956 4204 De
975 4161 1137 4204 rebus
1157 4159 1444 4204 Societatis
1470 4161 1605 4214 Jesu
1629 4159 2081 4210 Commentarius,
2100 4171 2146 4203 e.
2168 4171 2285 4212 vm,
2304 4159 2336 4214 S
2355 4159 2426 4204 23.

631 4230 650 4264 ¹
705 4229 846 4275 Vere
864 4231 1160 4276 evocandus
1179 4243 1280 4276 non
1301 4232 1411 4286 fuit;
1434 4243 1570 4284 nam,
1592 4231 1657 4275 ad
1678 4231 2009 4286 captivorum
2042 4232 2254 4282 neg-otia
2284 4231 2544 4285 curanda,
2573 4238 2759 4286 sponte
2796 4233 2905 4288 ipse
2939 4232 3020 4277 Ti-

543 4311 706 4348 tuano
726 4302 1090 4359 Ulyssiponsm
1110 4304 1263 4358 hujus
1281 4304 1404 4348 anni
1424 4303 1571 4348 initio
1591 4309 1828 4357 venerat,
1846 4313 1899 4348 et
1916 4304 2185 4358 quominus
2202 4303 2256 4348 in
2269 4303 2509 4348 Africam
2523 4305 2721 4348 rediret
2742 4304 3023 4360 impeditus

548 4374 896 4431 Ulyssiponae
912 4374 1196 4418 subsistere
1215 4387 1340 4420 conc
1349 4383 1432 4419 tus
1453 4383 1548 4420 est.
1570 4375 1702 4419 Vide
1725 4374 1971 4420 Litterae
1992 4374 2467 4428 QuadrimestreS,
2486 4381 2525 4420 t.
2546 4385 2603 4430 n,
2625 4386 2745 4432 pag.
2760 4377 2857 4423 586.

631 4445 654 4476 ²
709 4445 896 4500 Supra,
919 4457 974 4491 n.
996 4445 1040 4499 7,
1062 4457 1188 4500 pag.
1211 4445 1254 4491 8.

631 4518 654 4550 ὅ
708 4517 1128 4562 Instructionem
1149 4518 1283 4562 hanc
1305 4519 1467 4568 dabit.
1489 4517 1600 4562 Deo
1620 4520 1847 4572 volente,
1869 4518 2023 4562 Nova.
2044 4517 2218 4562 Series
2238 4519 2540 4564 litterarum
2554 4518 2735 4567 Sancti
2756 4522 2967 4577 Ignatii.

635 4593 660 4624 Α
714 4589 901 4644 snpra,
926 4594 962 4633 t.
983 4599 1060 4641 m,
1078 4601 1200 4645 pag.
1219 4591 1314 4645 229,
1338 4602 1388 4634 n.
1407 4591 1506 4634 505.

638 4659 662 4693 ⁸
713 4660 964 4706 Dominus
986 4661 1283 4716 Alphonsus
1302 4662 1437 4708 dela
1458 4662 1652 4708 Cueva.
1674 4663 1806 4707 Vide
1829 4663 1984 4717 infra,
2006 4673 2055 4708 n.
2080 4663 2179 4707 396.

640 4729 664 4763 ⁶
719 4731 905 4788 Supra,
928 4738 968 4778 t.
989 4743 1067 4788 m,
1087 4744 1209 4789 pag.
1229 4734 1325 4789 228,
1347 4746 1397 4778 n.
1417 4734 1517 4780 503.
