3742 5392
666 491 774 549 494
1586 490 1844 551 Canon.
1889 489 2041 549 Soc.
2081 491 2220 563 jes.

669 638 894 702 dacus
942 635 1031 700 de
1079 637 1412 700 Corduba
1462 635 1641 700 dixit·
1682 635 1760 700 P.
1799 635 2039 699 Natali
2076 653 2155 698 se
2194 635 2331 715 ipsi
2366 635 2701 700 'daturum
2733 635 3135 717 h‘uJusmodi

671 748 862 823 loca,
893 754 972 809 ut
1001 744 1284 809 Romae
1299 745 1612 825 imprimi
1639 743 1955 808 secundo
1999 760 2419 808 curaremus
2456 744 2707 807 eadem
2746 744 3129 825 Exercitia,

671 870 756 915 ea
785 855 943 915 loca
973 853 1472 916 concinnando
1503 853 1621 916 vel
1650 851 2082 916 declarando
2103 901 2118 931 ,
2149 851 2223 914 in
2254 868 2435 931 quae
2463 850 2725 916 fratres
2756 853 2869 916 vel
2900 854 3135 933 quivis

672 958 854 1022 alius
882 959 1277 1039 impingere
1315 975 1526 1039 posse
1560 959 2013 1036 videbantur,
2058 975 2192 1021 nec
2234 958 2375 1022 alia
2415 975 2493 1021 re
2542 975 2721 1039 opus
2770 959 2957 1037 fore;
3010 963 3136 1024 sed

671 1066 749 1130 P.
781 1065 1057 1130 Natalis
1086 1066 1264 1130 dixit
1294 1067 1491 1146 prius
1533 1083 1611 1130 se
1653 1064 1957 1130 Romam
1998 1075 2380 1129 venturum
2420 1076 2495 1128 ut
2534 1063 2741 1146 hujus
2778 1067 2886 1130 rei
2922 1069 3137 1131 ratio·

671 1190 836 1238 nem
865 1175 1064 1255 prius
1092 1172 1169 1236 P.
1201 1173 1480 1252 Ignatio
1510 1173 1877 1250 redderet;
1911 1182 1981 1236 et
2011 1172 2390 1236 videbatur
2419 1170 2647 1235 eidem
2689 1173 3136 1238 dissimulan-

675 1282 842 1346 dum
870 1297 1028 1344 esse
1050 1332 1065 1361 ,
1097 1298 1230 1344 nec
1259 1283 1416 1345 loca
1454 1281 1576 1344 illa
1612 1288 1860 1360 notata
1899 1278 2204 1360 petenda
2228 1326 2242 1355 ,
2290 1273 2379 1344 ne
2427 1291 2858 1358 cogerentur
2908 1283 3133 1345 nostri

675 1390 780 1453 eis
830 1389 1259 1471 respondere
1297 1397 1368 1452 et
1409 1388 1482 1452 id
1530 1388 1770 1451 facere
1819 1387 2007 1468 quod
2038 1386 2264 1451 Dnus.
2312 1386 2639 1451 Didacus
2678 1388 2765 1451 de
2804 1387 3136 1453 Corduba

675 1496 954 1560 dicebat
1014 1494 1054 1559 ¹.
1115 1495 1359 1559 Nostri
1412 1503 1654 1558 tamen
1701 1494 1850 1575 jam
1907 1492 2311 1568 huiusmodi
2366 1495 2867 1559 annotationes
2923 1496 3139 1559 habe-

677 1604 871 1666 bant.
1513 1625 1518 1630 ·

801 1709 977 1774 1044.
1066 1709 1244 1774 Cum
1274 1709 1348 1772 P.
1383 1707 1659 1774 Natalis
1698 1708 1789 1772 ad
1830 1709 2345 1790 profectionem
2385 1711 2455 1772 in
2498 1711 2773 1774 Italiam
2812 1728 2889 1773 se
2934 1729 3137 1791 para·

676 1827 786 1881 ret
812 1817 836 1848 '
869 1866 884 1897 ,
927 1829 998 1881 et
1037 1817 1354 1897 Collegia
1395 1817 1772 1880 Valentiae
1810 1827 1881 1879 et
1926 1815 2253 1880 Gandiae
2295 1818 2689 1896 invisisset,
2737 1820 3137 1898 alloquutus

678 1934 787 1988 est
807 1943 971 1989 cum
1000 1924 1076 1988 P.
1110 1925 1432 2005 Baptista
1471 1924 1558 1988 de
1597 1923 1864 1988 Barma
1910 1922 2461 2003 Segurbiensem
2510 1925 2962 2006 Episcopum,
3016 1927 3137 2006 qui

677 2032 1124 2095 necessarios
1151 2042 1477 2112 sumptus
1514 2032 1607 2095 ad
1645 2032 2159 2095 absolvendam
2202 2033 2579 2096 ecclesiam
2615 2032 3139 2097 Barchinonen-

677 2155 862 2214 sem.
891 2151 966 2202 ut
990 2139 1317 2217 superius
1342 2139 1705 2218 tetigimus
1729 2140 1775 2217 ⁸,
1809 2139 2083 2212 obtulit,
2112 2148 2183 2203 et
2211 2139 2771 2220 quadringentos
2800 2141 2915 2203 vel
2942 2141 3149 2220 quin-

676 2255 934 2326 gentos
963 2263 1220 2310 aureos
1251 2247 1468 2310 annui
1498 2247 1797 2324 redituS,
1834 2264 2014 2327 quos
2042 2247 2382 2324 habebat,
2418 2248 2486 2310 in
2518 2263 2647 2310 sua
2690 2247 3004 2311 dioecesi
3046 2251 3149 2311 al—

679 2354 1128 2418 barecinensi
1157 2353 1213 2432 ⁴,
1248 2354 1340 2418 ad
1368 2354 1666 2433 Collegii
1705 2353 2367 2433 Caesaraugustam
2397 2354 2866 2434 dotationem3
2898 2365 2967 2418 et
2996 2373 3139 2419 mo-

635 2447 638 2452 ’
678 2461 830 2525 nuit
858 2471 935 2525 ut
963 2462 1055 2525 ad
1089 2460 1496 2541 Pro-regem
1525 2462 1548 2496 ⁸
1577 2462 1970 2524 scriberent
2011 2462 2307 2537 (scilicet
2336 2461 2427 2524 ad
2458 2459 2805 2526 Comitem
2829 2461 3139 2527 Meliten·

677 2569 864 2647 sem)
894 2579 970 2632 ut
999 2570 1286 2633 domum
1317 2570 1468 2650 ipse
1508 2570 1953 2649 prospiceret
1981 2567 2341 2648 Collegio;
2374 2585 2453 2632 se
2482 2579 2721 2632 autem
2751 2569 3021 2633 reditus
3048 2572 3143 2632 ei-

676 2675 839 2740 dem
870 2686 1431 2756 prospecturum.

803 2783 982 2846 1045.
1068 2782 1178 2846 De
1205 2785 1451 2863 galero
1479 2784 1694 2846 rubro
1728 2783 2021 2847 timebat
2052 2783 2241 2862 quod
2270 2782 2342 2846 P.
2374 2783 2434 2846 F
2436 2784 2804 2847 ranciscus
2830 2784 3003 2848 illud
3024 2785 3141 2848 ad·

679 2890 956 2954 mittere
986 2900 1362 2971 cogeretur
1393 2891 1507 2954 vel
1537 2889 1628 2954 ad
1657 2890 1728 2953 id
1759 2889 2236 2954 adduceretur
2265 2887 2320 2969 ⁶,
2356 2890 2480 2953 sed
2510 2890 2713 2954 aliter
2744 2892 2956 2970 longe
2985 2908 3143 2954 eve·

679 2998 812 3074 nit;
865 3014 1032 3062 nam
1082 3000 1367 3062 curavit
1409 2999 1709 3078 ipsemet
1750 2999 1827 3062 P.
1874 2999 2305 3062 Franciscus
2352 3009 2429 3062 ut
2477 2998 2818 3078 Princeps
2864 2997 3141 3081 Joanna

677 3105 1020 3169 scriberet
1047 3123 1137 3169 ne
1171 3106 1472 3185 amplius
1501 3123 1585 3168 ea
1620 3105 1704 3168 de
1735 3123 1812 3168 re
1842 3105 2181 3186 Princeps
2210 3105 2579 3185 Philippus
2608 3115 2879 3186 ageret,
2906 3107 3021 3169 vel
3052 3107 3143 3168 ab

757 3375 774 3407 ¹
832 3374 1063 3418 “Cuanto
1083 3377 1116 3416 a
1137 3375 1214 3419 los
1233 3373 1520 3430 EJercicios
1541 3373 1648 3418 alla
1671 3386 1770 3418 ven
1793 3375 1856 3417 V.
1882 3373 1942 3416 R.
1964 3375 2008 3416 si
2028 3376 2147 3417 sera
2166 3375 2284 3417 bien
2306 3374 2485 3426 seguin-
2503 3375 2553 3418 el
2572 3373 2781 3428 conseJo
2802 3375 2865 3418 de
2888 3375 3001 3418 Don
3022 3375 3141 3418 Die-

675 3456 743 3500 go
761 3446 824 3491 de
845 3445 1084 3490 cordoba
1103 3450 1134 3491 o
1153 3456 1235 3498 no.
1265 3453 1455 3490 cuanto
1488 3447 1540 3489 al
1569 3447 1940 3500 estamparlos.
1958 3457 2057 3500 que
2088 3445 2312 3490 Nuestro
2346 3445 2513 3488 Padre
2543 3456 2609 3489 no
2638 3446 2706 3489 lin
2744 3446 2960 3500 querido
2980 3447 3146 3490 baeer

677 3529 799 3562 cuso
819 3519 969 3563 desta
987 3529 1110 3562 cosa
1153 3517 1206 3562 Si
1223 3519 1438 3572 Juzgase
1458 3517 1524 3562 V.
1551 3517 1610 3562 R.
1631 3529 1728 3573 qne
1749 3519 2002 3562 conviene
2026 3520 2431 3562 resolutamente
2454 3519 2615 3562 baeer
2633 3520 2825 3564 aloeunn
2846 3517 3141 3570 diligencia.

676 3593 776 3634 acii
793 3601 887 3634 nos
907 3591 1054 3634 aviae
1075 3603 1108 3646 y
1126 3601 1182 3634 se
1205 3590 1382 3644 barm„
1405 3589 1675 3642 Poiancus,
1697 3600 1765 3632 ex
1783 3600 1936 3641 com„
1956 3589 2101 3632 Patri
2125 3587 2442 3644 Hieronymo
2468 3589 2649 3640 Nadnl.
2670 3589 2719 3632 21
2743 3588 2881 3642 Junii
2906 3590 3023 3634 1554.

758 3662 782 3693 ¹
839 3664 1080 3706 Pervenit
1102 3662 1337 3706 Genuam
1357 3661 1416 3705 P.
1435 3661 1638 3706 Natali,-
1656 3661 1838 3717 primis
1859 3661 2051 3705 mensis
2071 3660 2310 3705 Octobris
2331 3661 2511 3704 diebus
2531 3659 2685 3704 (Vide
2716 3671 2872 3714 supra
2895 3693 2906 3714 ,
2928 3673 3049 3715 pag·-
3072 3663 3149 3713 41.

675 3747 725 3780 n.
743 3735 817 3787 61)
837 3741 888 3778 et
909 3737 1088 3789 paucis
1106 3743 1229 3779 ante
1249 3735 1386 3778 :nam
1403 3734 1631 3789 eJusdem
1653 3733 1842 3778 mensis
1865 3732 2082 3776 Romam
2104 3733 2322 3788 appulit.
2342 3731 2431 3776 lta
2452 3744 2517 3776 ex
2539 3731 2753 3776 Polanci
2770 3763 2783 3787 ‚
2806 3743 2873 3775 ex
2892 3743 3039 3779 com..
3060 3733 3145 3777 lit-

676 3807 804 3850 teris
823 3807 888 3850 nd
917 3811 964 3849 ν’.
989 3805 1322 3850 Franciscum
1348 3805 1538 3860 Burgi·
1561 3806 1616 3850 29
1641 3805 1903 3850 Octobris.

755 3877 778 3907 ³
829 3877 964 3920 Vide
983 3889 1142 3931 supra
1157 3909 1170 3930 ,
1192 3889 1310 3932 pag.
1331 3878 1429 3928 312,
1453 3889 1500 3920 n.
1520 3877 1617 3928 730.
1639 3885 1692 3921 et
1712 3887 1834 3931 pag.
1854 3877 1953 3926 351.
1976 3889 2024 3920 n.
2046 3877 2144 3919 756.

754 3948 779 3981 4
835 3948 966 3992 Vlde
985 3960 1146 4004 supra
1159 3983 1169 3994 .
1191 3961 1311 4004 pag.
1327 3950 1424 3998 371.
1445 3961 1494 3992 n.
1515 3949 1612 4000 793.
1635 3956 1688 3993 et
1707 3950 1911 4002 corrige
1930 3957 2103 3992 annot.
2120 3948 2163 3998 2:
2180 3959 2278 3991 non
2296 3948 2433 3991 enim
2449 3956 2531 3992 est
2545 3950 2873 3993 scribendum
2890 3957 3016 4004 pag.
3034 3950 3141 3994 367

677 4022 770 4066 sed
801 4021 924 4066 368.

758 4093 781 4127 ⁸
840 4094 1164 4145 Arnoeonlne.

755 4165 782 4200 θ
832 4167 1007 4210 Timor
1031 4167 1128 4218 liic,
1151 4177 1212 4210 ne
1237 4165 1284 4209 Ρ.
1307 4165 1620 4210 Franciscus
1655 4165 1846 4218 norgia
1869 4165 2215 4208 adimeretur
2248 4163 2456 4208 tandem
2486 4171 2543 4208 nt
2573 4165 2877 4209 admitteret
2910 4167 3147 4218 galerum

675 4240 913 4292 rubrum,
935 4249 1033 4282 non
1058 4240 1108 4282 in
1143 4237 1390 4292 ffl-pania
1409 4238 1573 4281 solum
1593 4237 1684 4280 sed
1705 4237 1864 4280 etiam
1902 4235 2092 4280 Romae
2124 4236 2443 4290 praevaluit.
2470 4235 2595 4280 “Del
2622 4236 2671 4278 P.
2699 4235 2977 4281 Francisco
3008 4237 3149 4280 anda

677 4311 860 4355 mucho
881 4322 1052 4354 rumor
1073 4321 1167 4364 por
1187 4315 1286 4353 aea
1304 4321 1403 4364 que
1423 4310 1470 4352 le
1493 4309 1596 4352 han
1617 4308 1677 4351 de
1699 4308 1859 4352 lucer
1875 4306 2133 4352 Cardenal
2152 4319 2188 4364 y
2208 4319 2305 4361 qne
2329 4309 2377 4351 el
2400 4315 2587 4362 acepta
2608 4309 2659 4352 el
2676 4307 2887 4362 Capeno.
2910 4307 2988 4352 La
3012 4319 3149 4352 men·

678 4390 727 4427 te
746 4383 809 4426 de
832 4385 882 4426 la
903 4381 1189 4436 Campania
1209 4392 1304 4436 por
1323 4389 1468 4423 estas
1487 4389 1691 4433 partes.
1713 4391 1746 4422 a
1767 4380 1940 4432 capite
1973 4380 2129 4422 hasta
2162 4379 2311 4422 todos
2342 4381 2421 4422 los
2452 4380 2630 4422 demas
2647 4411 2659 4432 ,
2692 4391 2747 4423 es
2776 4391 2876 4434 que
2908 4379 2952 4423 si
2974 4390 3039 4423 no
3069 4389 3148 4422 re·

675 4453 804 4498 siste
825 4462 1014 4498 cuanto
1045 4454 1208 4508 puede
1223 4486 1236 4507 ‚
1262 4453 1409 4496 fuera
1429 4451 1493 4496 de
1523 4451 1717 4505 pec-ado
1739 4452 1931 4494 mortni
1948 4483 1959 4503 ‚
1978 4450 2111 4494 hace
2132 4461 2251 4506 muy
2273 4453 2377 4494 mal
2410 4463 2443 4506 y
2464 4450 2711 4507 destruye
2732 4459 2921 4494 cuanto
2952 4451 3023 4495 ha
3044 4449 3149 4494 edi-

678 4526 842 4571 ficado
871 4537 932 4569 en
957 4527 1104 4580 dejnr
1133 4526 1180 4569 el
1214 4525 1398 4569 estoldo
1430 4537 1464 4580 y
1487 4535 1552 4567 en
1585 4523 1826 4576 predicar
1845 4535 1879 4578 y
1900 4533 1964 4566 en
1999 4522 2117 4566 todo
2139 4523 2187 4565 el
2221 4522 2443 4577 ejemplo
2462 4533 2561 4578 que
2594 4524 2645 4566 al
2680 4523 2869 4566 mundo
2898 4523 2967 4566 ha
2987 4521 3145 4566 dado.

679 4597 863 4642 Pin-nso
893 4609 996 4641 esci
1011 4599 1098 4641 ibi·
1113 4599 1160 4639 le
1181 4608 1282 4640 una
1305 4598 1440 4638 letra
1463 4607 1555 4638 con
1578 4596 1628 4638 el
1649 4595 1892 4647 pumero,
1914 4605 1976 4636 en
1998 4605 2095 4648 que
2118 4594 2167 4636 le
2188 4593 2310 4648 diga
2334 4595 2382 4636 lo
2404 4605 2501 4648 qne
2530 4593 2698 4637 siento
2724 4607 2759 4650 y
2780 4594 2981 4637 sienten
3002 4593 3153 4637 todos

677 4679 797 4724 mny
819 4670 881 4713 de
905 4681 1074 4712 verns.
1097 4669 1164 4712 V.
1191 4667 1250 4712 R.
1271 4679 1364 4721 por
1391 4669 1500 4710 alla
1535 4677 1600 4710 no
1623 4666 1756 4709 dudo
1787 4666 1920 4709 hara
1950 4668 1995 4708 cl
2019 4665 2167 4709 oficio
2196 4666 2359 4720 mejor
2380 4677 2477 4721 que
2502 4666 2760 4720 pudici-e...
2780 4665 3063 4712 Polaticus.
3084 4676 3150 4708 ex

679 4751 830 4790 com..
852 4739 996 4785 Patri
1021 4739 1340 4796 Hieronymo
1363 4739 1548 4788 Natini,
1575 4738 1626 4780 15
1645 4737 1767 4792 Maji
1791 4739 1916 4781 1554.
