3742 5392
1631 477 1757 534 Ax.
1804 476 1940 534 1554
2922 474 3033 533 309

567 641 735 703 spes
765 623 1088 703 quidam,
1124 623 1238 685 ubi
1269 622 1495 685 nostri
1527 622 2006 698 divertebant,
2041 622 2465 701 accepisset,
2500 638 2663 683 cum
2693 621 2917 683 nostri
2958 621 3030 683 id

563 731 1108 808 intellexissent,
1163 730 1254 791 ad
1306 729 1655 809 hospitale
1708 745 1873 791 cum
1923 729 2302 791 multorum
2361 726 2851 790 aedificatione
2907 728 3027 789 mi·

561 846 828 900 serunt.

684 942 830 1007 658.
913 942 1223 1005 Tornaci
1278 944 1544 1021 aliquot
1587 944 1943 1005 lutherani
1989 943 2061 1005 in
2110 942 2432 1005 custodia
2476 942 2755 1021 publica
2797 950 3026 1017 erant,

565 1066 745 1131 quos
774 1047 906 1113 ΡΡ.
941 1050 1352 1113 Bernardus
1381 1060 1449 1112 et
1479 1047 1860 1129 Quintinus
1894 1050 2325 1123 inviserunt‚
2362 1036 2431 1110 e't
2476 1064 2657 1111 unus
2697 1064 2943 1110 eorum
2988 1066 3029 1109 a

566 1156 782 1236 Dno.,
816 1173 1063 1220 eorum
1093 1172 1344 1234 opera,
1379 1155 1470 1218 ad
1501 1154 1928 1218 catholicam
1968 1154 2175 1218 fidem
2221 1171 2613 1217 conversus
2652 1164 2790 1225 est,
2835 1164 3027 1217 ante-

565 1281 778 1344 quam
808 1272 1020 1343 caput
1050 1264 1114 1325 ei
1147 1262 1716 1340 abscinderetur;
1750 1264 1961 1339 alter,
1996 1264 2191 1325 nulla
2222 1262 2499 1325 ratione
2525 1262 2899 1339 emollituS,
2934 1262 3031 1323 vi·

563 1387 700 1432 vus
728 1370 800 1432 in
831 1386 960 1432 sua
990 1370 1464 1431 obstinatione
1495 1369 1905 1431 combustus
1928 1368 2058 1431 fuit
2086 1368 2125 1427 ¹.
2150 1368 2425 1431 Civitas
2470 1376 2705 1430 autern
2735 1377 3027 1447 propter

563 1477 842 1539 labores
860 1525 874 1553 ,
910 1494 1087 1556 quos
1116 1476 1341 1539 nostri
1369 1488 1821 1555 sumpserant
1851 1492 2015 1538 cum
2039 1476 2172 1551 eiS,
2200 1474 2549 1555 quaedam
2574 1491 2866 1537 munera
2907 1475 3026 1538 ho-

563 1584 852 1645 noraria
884 1582 906 1613 ²
936 1584 1200 1645 nostris
1231 1582 1602 1660 offe1·ebat;
1648 1591 1718 1645 et
1759 1600 1923 1645 cum
1952 1582 2178 1644 nostri
2224 1599 2367 1645 non
2398 1582 2882 1655 admisissent,
2936 1580 3028 1643 ad

564 1707 827 1753 novam
846 1689 1130 1752 domum
1155 1699 1474 1752 nostram
1499 1688 1965 1769 magistratus
1988 1700 2467 1766 accesserunt,
2487 1696 2557 1751 et
2580 1688 3029 1751 consulentes

563 1795 650 1859 de
682 1796 840 1859 aliis
871 1796 1294 1873 lutheranis,
1330 1797 1450 1876 qui
1479 1797 1551 1859 in
1584 1795 1907 1859 custodia
1948 1796 2473 1873 detinebantur,
2522 1805 2591 1857 et
2632 1812 2792 1857 cum
2831 1794 3025 1857 intel-

564 1904 902 1966 lexissent
931 1913 1216 1967 nostros
1245 1904 1420 1966 nihil
1447 1920 1578 1983 pro
1609 1903 1756 1966 suis
1801 1903 2208 1966 ministeriis
2253 1903 2579 1981 accipere
2622 1910 2692 1965 et
2728 1902 3024 1965 libenter

567 2010 659 2074 ad
711 2027 1077 2074 carcerem
1127 2012 1384 2089 iturOS,
1427 2020 1496 2073 et
1536 2009 1876 2091 quidquid
1914 2019 2205 2090 possent
2245 2009 2336 2072 ad
2374 2009 2511 2072 Dei
2563 2010 2905 2072 honorem
2956 2018 3027 2072 et

563 2134 842 2194 eorum,
876 2117 996 2195 qui
1025 2116 1551 2196 detinebantur,
1578 2117 1923 2180 auxilium
1950 2115 2301 2194 facturos,
2335 2133 2496 2179 cum
2540 2132 2800 2196 magna
2846 2115 3027 2178 aedi-

563 2224 892 2287 ficatione
925 2236 966 2287 a
995 2225 1259 2287 nostris
1287 2232 1762 2287 recesserunt.

681 2330 824 2392 659.
912 2330 1253 2394 Canonici
1294 2340 1784 2409 tornacenseS,
1840 2348 2003 2393 cum
2054 2348 2130 2393 se
2174 2330 2249 2392 Ρ.
2295 2329 2673 2409 Quintinus
2724 2330 2815 2392 ad
2857 2332 3023 2393 resi-

571 2438 884 2500 dentiam
913 2437 1314 2501 faciendam
1342 2446 1904 2518 praesentasset,
1949 2437 2280 2500 dicebant
2317 2438 2469 2500 sine
2500 2436 2855 2501 pontificis
2894 2438 3025 2499 dis-

573 2544 988 2625 pensatione
1031 2544 1101 2607 id
1150 2562 1292 2606 non
1344 2562 1552 2624 posse
1591 2544 1745 2607 fieri
1787 2561 1949 2607 cum
2000 2545 2445 2624 paupertatis
2482 2552 2731 2606 votum
2778 2542 2853 2605 P.
2909 2543 3024 2605 ille

567 2651 953 2729 emisisset;
987 2650 1111 2713 sed
1132 2651 1495 2730 respondit
1519 2652 1622 2713 eis
1646 2669 1722 2713 se
1745 2650 2259 2731 professionem
2282 2667 2425 2712 non
2449 2650 2792 2726 emisisse,
2821 2649 3025 2729 juxta

563 2756 766 2837 cujus
825 2758 1372 2820 constitutiones
1436 2758 1623 2820 bona
1691 2757 1983 2820 retineri
2048 2774 2257 2837 posse
2326 2774 2547 2837 usque
2605 2756 2697 2819 ad
2762 2756 3025 2835 proles-

567 2865 861 2928 sionem.

685 2970 827 3032 660.
916 2970 1138 3033 Erant
1167 2970 1475 3034 Tornaci
1503 2980 1650 3033 tam
1678 2972 1883 3034 multi
1914 2971 2279 3049 haeretici,
2322 2980 2396 3033 ut
2428 2971 2591 3033 boni
2619 2970 2833 3033 etiam
2863 2986 3029 3050 quo-

567 3078 947 3141 dammodo
973 3078 1374 3141 dubitarent
1389 3078 1557 3157 quid
1579 3078 1871 3142 credere
1891 3078 2251 3142 deberent,
2270 3078 2518 3157 Coepit
2532 3094 2705 3157 ergo
2723 3076 2796 3140 P.
2819 3076 3031 3155 Quin-

567 3184 757 3247 tinus
784 3183 1157 3247 dominicis
1185 3183 1454 3248 diebus'
1473 3194 1635 3264 post
1675 3184 2041 3248 meridiem
2074 3186 2412 3248 articulos
2440 3184 2599 3247 fidei
2638 3185 3035 3247 catholicae

649 3424 664 3455 ¹
723 3423 1009 3478 “Quelques
1035 3424 1292 3476 obstines,
1315 3434 1511 3466 comme
1540 3424 1586 3466 le
1619 3434 1890 3477 remarque
1913 3422 2101 3467 Cousin
2131 3422 2405 3477 (Hastoi're
2440 3424 2505 3471 de
2546 3422 2943 3479 Tournaa',16‘.‘0,
2966 3436 3037 3475 tv,

567 3506 654 3550 pp.
676 3496 772 3549 297,
789 3494 905 3549 299),
926 3496 1192 3548 aymoient
1211 3495 1383 3539 mieux
1412 3501 1552 3537 estre
1584 3502 1816 3551 martyrs
1836 3496 1903 3538 du
1925 3494 2095 3539 diable
2117 3506 2213 3548 que
2237 3495 2299 3538 de
2322 3495 2519 3549 quitter
2548 3498 2688 3539 leurs
2708 3507 2932 3541 erreurs.
2954 3496 3038 3541 Un

567 3566 836 3610 meschant
859 3566 1146 3620 heretique,
1166 3576 1220 3609 se
1243 3572 1490 3609 trouvant
1529 3567 1577 3609 le
1594 3566 1713 3621 jour
1733 3566 1795 3608 de
1819 3565 1946 3610 Noel
1963 3599 1974 3620 ,
1995 3567 2101 3610 l’an
2128 3566 2246 3620 155⁴,
2268 3578 2331 3609 en
2352 3568 2405 3610 la
2436 3570 2668 3621 paroisse
2691 3566 2849 3612 Notre
2872 3568 3039 3611 Dame

566 3636 627 3679 de
649 3634 910 3691 Tournay,
933 3636 1162 3680 art-acha
1183 3638 1230 3679 le
1251 3634 1400 3679 Saint
1435 3634 1738 3679 sacrement
1761 3636 1851 3678 des
1887 3635 2055 3679 mains
2075 3636 2143 3679 du
2164 3640 2287 3679 cure
2310 3637 2597 3692 celebrant,
2631 3644 2682 3681 et
2713 3639 2951 3682 eslevant
2986 3639 3039 3681 la

565 3706 735 3751 sainte
774 3707 944 3752 hostie
976 3711 1256 3751 consacree
1288 3713 1366 3761 et,
1399 3710 1553 3762 apres
1575 3708 1760 3752 l’avolr
1779 3707 2050 3759 dechiree,
2070 3709 2121 3751 la
2136 3708 2276 3763 Jetta
2307 3720 2405 3764 par
2426 3716 2569 3753 terre
2598 3716 2650 3753 et
2687 3711 2740 3753 la
2760 3709 2901 3753 sonia
2934 3720 3037 3752 aux

567 3778 712 3833 pieds
729 3790 862 3822 avec
883 3780 1049 3833 grand
1071 3780 1315 3823 scandale
1338 3788 1389 3822 et
1412 3780 1633 3823 horrent
1653 3779 1720 3823 du
1748 3780 1985 3834 penple.„
2006 3778 2080 3823 Le
2105 3781 2443 3825 malheurenx
2466 3782 2724 3836 sacrilege
2761 3782 2916 3835 expia
2949 3792 3041 3825 sur

564 3851 614 3893 le
647 3850 841 3894 bucher
873 3857 1012 3894 cette
1033 3852 1262 3895 horrible
1297 3851 1628 3905 profanation
1653 3861 1776 3894 sans
1808 3862 1905 3904 que
1936 3853 1983 3893 le
2006 3852 2063 3893 P.
2087 3852 2309 3904 Quentin
2339 3856 2427 3896 eut
2464 3853 2629 3897 reussi
2666 3856 2697 3897 a
2718 3854 2764 3896 le
2798 3863 3041 3896 ramener

569 3925 602 3965 a
631 3923 684 3965 la
713 3922 782 3965 soi
812 3922 1128 3977 catholique.
1166 3922 1469 3976 Dementes,
1506 3925 1540 3966 l.
1574 3934 1632 3975 c.,
1667 3934 1787 3977 pag.
1819 3922 1903 3965 312
1937 3932 1989 3965 et
2030 3922 2125 3967 313.
2154 3924 2224 3967 Et
2255 3924 2306 3968 in
2336 3925 2401 3969 iis
2430 3925 2773 3979 respondente
2802 3932 2977 3968 annot.
2998 3926 3041 3975 1,

568 4004 688 4048 pag.
707 3992 805 4037 313:
828 3992 1215 4047 “Wesembeke,
1238 3992 1546 4044 Memoires,
1566 4006 1612 4048 p.
1639 3994 1710 4047 ⁷8,
1733 4005 1935 4039 nomme
1950 4028 1962 4049 ,
1984 4004 2132 4038 outre
2155 3996 2332 4039 Pierre
2356 3996 2561 4053 Bmsly,
2585 4004 2637 4039 et
2659 3997 2916 4052 plusieurs
2948 4007 3035 4039 au-

569 4070 703 4115 tres,
725 4066 972 4107 executes
1007 4067 1040 4107 a
1059 4064 1284 4109 Tournai
1317 4075 1380 4108 en
1404 4064 1535 4113 1545.
1553 4064 1689 4107 deux
1711 4064 2037 4119 heretiques,
2070 4064 2350 4109 Godefroid
2381 4066 2567 4110 Hamel
2598 4072 2649 4110 et
2678 4066 2902 4110 Thomas
2924 4066 3039 4109 Cal·

569 4136 760 4188 bergen
778 4168 789 4187 ,
809 4138 1072 4189 executes,
1093 4136 1141 4178 le
1175 4136 1398 4190 premier
1420 4146 1485 4178 en
1511 4135 1635 4189 1552,
1659 4137 1846 4178 l’autre
1883 4147 1946 4178 en
1980 4136 2099 4181 1554.
2134 4136 2203 4180 Ce
2233 4145 2348 4180 sont
2378 4139 2772 4191 probablcment
2807 4141 2883 4182 les
2904 4139 3038 4182 deux

571 4208 820 4259 auxquels
842 4206 1032 4249 Cousin
1052 4206 1150 4250 fait
1171 4206 1391 4251 allusion
1412 4208 1510 4258 (iv,
1529 4206 1625 4259 297,
1647 4206 1762 4257 299).
1787 4206 2057 4259 Charlart,
2087 4210 2227 4251 alors
2249 4219 2435 4251 encore
2466 4210 2719 4253 chanoine
2738 4211 2771 4253 a
2792 4208 3038 4261 Tournai,

567 4274 621 4320 fit
644 4277 900 4320 d'inutiles
919 4277 1098 4320 efforts
1129 4288 1260 4333 pour
1281 4288 1456 4321 mener
1477 4280 1524 4321 le
1558 4280 1782 4332 premier
1804 4281 1835 4322 a
1865 4278 1918 4322 la
1956 4278 2025 4322 foi
2066 4280 2389 4333 catholique3
2414 4281 2449 4323 il
2472 4288 2675 4324 mourut
2714 4281 3036 4335 impenitent,

569 4348 616 4391 le
631 4347 688 4390 23
700 4348 869 4402 juillet
895 4348 1012 4392 1552.
1029 4348 1104 4391 Le
1120 4350 1308 4393 second
1325 4350 1474 4392 avait
1495 4349 1607 4403 agit
1629 4352 1662 4393 a
1678 4350 2024 4403 l’instigatlon
2044 4350 2162 4393 d’nn
2180 4352 2465 4405 heretique,
2483 4351 2772 4406 qu'Oiivier
2800 4352 3035 4397 Bernard

568 4428 656 4461 eut
691 4419 736 4461 le
767 4420 997 4461 bonheur
1031 4420 1093 4463 de
1129 4422 1413 4463 convertit.
1446 4418 1609 4473 (Ha‘st.
1641 4429 1768 4462 msc.
1795 4420 1921 4471 1555.
1944 4420 2275 4473 Tornacum.)
2302 4422 2341 4465 11
2373 4425 2636 4466 convertit
2658 4423 2789 4467 ainsi
2825 4422 3039 4475 Quenon

565 4488 768 4543 (Henri)
784 4489 1038 4542 Castelin,
1075 4492 1351 4535 teintnrier
1371 4491 1434 4534 de
1451 4490 1667 4543 Wedde,
1698 4490 1782 4544 qui
1805 4490 1882 4533 fut
1912 4490 2151 4546 decapite
2174 4494 2219 4536 le
2243 4494 2297 4537 22
2312 4494 2423 4547 juin
2450 4494 2550 4537 155⁴
2568 4506 2697 4549 pour
2721 4494 2880 4537 crime
2901 4495 3037 4538 d'he·

573 4559 708 4603 resie
730 4560 962 4613 (France
977 4565 1336 4615 protestante,
1357 4574 1408 4615 v,
1430 4574 1480 4617 p.
1504 4562 1672 4615 lla-m„

651 4634 674 4664 2
729 4630 1020 4687 Respondet
1041 4633 1140 4676 hoc
1161 4632 1379 4677 oliverii
1401 4634 1578 4677 verbis
1593 4667 1604 4687 ,
1627 4634 1712 4688 qui
1733 4634 1809 4678 ait
1830 4634 2105 4679 civitatem
2125 4646 2187 4679 ea
2210 4648 2423 4681 munera
2445 4638 2697 4683 obtulisse
2726 4641 2750 4660 ⁶⁸
2764 4648 2855 4691 per
2875 4639 2907 4683 ii
2932 4646 3041 4681 tra-

577 4704 720 4756 vagu
743 4704 839 4747 che
863 4716 955 4757 per
977 4706 1056 4747 cio
1077 4705 1374 4749 havevamo
1397 4705 1595 4749 havuto
1617 4738 1640 4759 „
