3742 5392
1704 419 1833 477 AN.
1881 418 2021 476 1554
2093 378 2098 383 ’
2989 417 3095 477 119

614 571 859 644 posset
888 563 1347 641 constituere,
1379 563 1699 644 ipsemet,
1736 562 2024 644 aliquod
2067 572 2344 644 tempus
2373 563 2436 625 ei
2468 562 2754 625 scholae
2781 562 3093 627 tribuere

617 672 807 733 inter
837 669 1017 733 alias
1048 670 1554 751 occupationes
1596 670 1857 733 debuit.

736 776 879 841 230.
968 777 1230 842 Docuit
1272 788 1513 841 autem
1552 795 1714 841 eum
1755 778 2191 858 experientia
2235 777 2423 857 quod
2469 776 2568 839 illi
2614 776 2846 856 magis
2884 775 3094 856 profi-

610 895 862 950 cerent
892 886 1037 966 qui,
1072 902 1238 949 cum
1266 886 1465 967 prius
1492 885 1565 950 in
1594 885 2015 948 rudimentis
2043 883 2558 963 grammaticae
2587 891 2824 947 essent
2852 900 3096 947 versa-

618 994 695 1067 ti,
728 993 993 1057 nostris
1024 993 1276 1055 darent
1305 1009 1619 1073 operam3
1653 994 1874 1055 multo
1905 1000 2140 1054 autem
2182 992 2442 1054 lentius
2472 990 2592 1071 qui
2635 991 2710 1054 in
2748 989 3092 1053 inferiori-

618 1100 753 1163 bus
782 1109 987 1163 erant
1018 1099 1366 1163 classibus
1406 1116 1863 1179 progressum
1907 1098 2285 1177 faciebant,
2332 1098 2660 1178 quamvis
2705 1106 2774 1161 et
2813 1096 2912 1160 illi
2949 1114 3093 1161 ma-

608 1207 731 1287 gis
761 1224 975 1287 quam
1006 1206 1174 1270 alibi
1202 1206 1545 1286 proficere
1576 1205 2065 1281 crederentur,
2099 1216 2488 1291 propterea
2527 1204 2717 1284 quod
2756 1204 2830 1268 in
2857 1220 3093 1283 gram-

620 1313 902 1377 maticis
938 1314 1164 1375 solida
1214 1312 1673 1377 fundamenta
1718 1312 1958 1393 jacere
1998 1312 2462 1389 conabantur;
2503 1310 2694 1391 quod
2731 1310 2897 1373 alibi
2947 1327 3090 1373 non

620 1420 1001 1498 faciebant,
1035 1420 1198 1483 licet
1226 1428 1561 1483 auctores
1586 1436 1853 1499 graves
1883 1419 2208 1483 audirent
2242 1417 2284 1477 ¹.

746 1526 888 1589 231.
976 1526 1057 1589 In
1086 1526 1409 1591 doctrina
1440 1526 1831 1590 christiana
1860 1526 2072 1589 iidem
2098 1524 2583 1606 proficiebant.
2630 1522 2740 1587 De
2781 1523 3091 1604 quodam

610 1632 1093 1711 adolescente,
1139 1652 1349 1715 quem
1387 1632 1601 1697 Pater
1636 1650 1889 1713 regere
1927 1650 2072 1697 non
2122 1641 2421 1714 poterat,
2476 1633 2933 1695 observatum
2981 1638 3088 1693 est

614 1739 833 1819 quod,
866 1757 1029 1803 cum
1052 1741 1359 1823 primum
1388 1742 1480 1805 ad
1509 1740 1977 1805 christianam
1996 1740 2398 1803 doctrinam
2419 1738 2742 1816 accessit,
2775 1737 2880 1800 sic
2903 1753 3088 1801 com-

623 1857 928 1927 punctus
966 1857 1072 1911 est
1102 1856 1173 1910 et
1216 1865 1375 1911 eam
1412 1848 1604 1911 vitae
1646 1848 2107 1911 mutationem
2143 1846 2332 1925 fecit,
2374 1856 2452 1911 ut
2501 1844 2651 1927 ejus
2699 1854 2901 1925 pater
2942 1861 3089 1909 ma·

614 1970 845 2033 gnum
865 1954 939 2019 in
959 1954 1079 2019 illo
1106 1953 1375 2019 factum
1404 1972 1560 2019 esse
1586 1955 2006 2019 miraculum
2029 1954 2432 2018 affirmaret.

742 2060 885 2125 232.
972 2060 1401 2127 Observavit
1432 2062 1620 2126 idem
1646 2060 1856 2126 Pater
1887 2061 2246 2145 TavonuS,
2277 2062 2394 2125 ubi
2422 2060 2711 2123 scholae
2732 2058 3085 2140 hujusmo-

616 2168 698 2231 -di
724 2168 1097 2249 habentur,
1134 2169 1443 2251 aliquem
1470 2169 2169 2249 supernumerarium
2196 2176 2732 2248 praeceptorem
2770 2182 2927 2229 esse
2970 2182 3086 2229 ne-

616 2275 1039 2355 cessarium,
1073 2284 1150 2339 ut
1177 2286 1707 2356 praeceptoreS,
1748 2293 1912 2340 cum
1951 2293 2096 2340 non
2137 2276 2314 2339 bene
2355 2275 2720 2355 haberent,
2763 2274 3086 2339 subleva·

614 2390 754 2463 >ret;
796 2383 1062 2463 alioqui
1106 2383 1713 2447 cum.valetudine
1752 2383 2105 2448 imbecilla
2149 2384 2285 2445 hoc
2313 2400 2570 2446 munus
2601 2382 2942 2445 obeuntes
2995 2397 3086 2444 ne

619 2489 908 2553 scholas
937 2488 1265 2553 deserere
1293 2499 1740 2570 cogerentur,
1772 2491 2273 2591 detrimentum
2300 2508 2444 2553 non
2463 2489 2802 2569 exiguum
2829 2506 2906 2553 se
2930 2506 3086 2569 pas·

614 2613 745 2661 sos
773 2613 931 2659 esse
963 2597 1037 2660 in
1066 2596 1473 2661 valetudine
1502 2597 2072 2679 experiebantur-3
2104 2614 2286 2677 quae
2325 2597 2563 2659 omnia
2602 2596 2812 2659 facile
2853 2594 3086 2659 Socie-

628 2711 846 2767 tatem
896 2703 1370 2767 admonebant
1418 2704 1738 2785 perutile,
1790 2705 1917 2768 sed
1964 2703 2242 2767 difficile
2282 2704 2768 2781 nihilominuS,
2814 2702 3087 2765 schola·

626 2828 786 2875 rum
814 2812 952 2874 hoc
980 2810 1377 2875 institutum
1406 2826 1585 2889 esse;
1617 2828 1748 2874 nec
1778 2828 1997 2874 onera
2036 2810 2442 2891 hujusmodi
2470 2812 2693 2874 multa
2723 2807 3090 2878 subeunda

618 2918 815 2996 (licet
858 2918 933 2981 in
972 2918 1332 2999 praesenti
1369 2928 1873 2999 praeceptores
1914 2916 2416 2999 suppeterent),
2457 2918 2595 2981 nisi
2632 2915 3090 2998 probabiliter

618 3026 907 3106 sperari
951 3034 1193 3106 posset
1240 3025 1427 3106 quod
1466 3026 1539 3088 in
1581 3036 1944 3106 posterum
1994 3025 2086 3088 ad
2135 3042 2588 3089 successores
2635 3024 2724 3087 iis
2753 3041 2932 3087 cum
2974 3040 3094 3105 op-

623 3140 943 3211 porteret
969 3130 1371 3210 mittendos,
1406 3131 1759 3196 commodi
1786 3132 2018 3197 eidem
2043 3130 2382 3195 Societati
2410 3130 2434 3162 ²
2462 3131 2646 3195 foret
2674 3128 2720 3197 Ψ.

746 3238 890 3301 233.
977 3238 1448 3304 Proficiebant
1492 3238 1951 3303 nihilominus
1994 3240 2066 3303 in
2107 3240 2360 3303 litteris
2409 3250 2478 3303 et
2531 3239 2735 3302 bonis
2779 3238 3096 3303 moribus

618 3345 1041 3409 scholastici
1064 3348 1185 3427 qui
1207 3348 1783 3426 perseverabant,
1813 3348 1934 3427 qui
1963 3347 2304 3429 paulatim
2331 3364 2554 3427 usque
2577 3344 2669 3409 ad
2689 3346 3095 3428 septuagin-

619 3464 701 3517 ta
731 3452 1085 3517 imminuti
1110 3452 1416 3533 fuerunt;
1450 3471 1695 3518 omnes
1724 3453 2258 3533 confitebantur,
2302 3463 2509 3534 prout
2538 3470 2782 3517 eorum
2811 3468 3094 3533 praece-

622 3568 869 3641 ptores
893 3560 1150 3623 boniet
1170 3561 1455 3625 solliciti
1477 3561 1563 3624 de
1586 3578 1832 3625 eorum
1855 3560 2176 3641 prosectu
2199 3569 2424 3641 erant,
2454 3561 2553 3624 ita
2581 3568 2652 3623 et
2680 3560 2816 3641 ipsi
2836 3556 2882 3619 ⁴.
2918 3558 3098 3623 Cum

710 3729 727 3760 ¹
784 3728 898 3772 Non
920 3728 1132 3773 Patavii
1153 3732 1336 3784 solum,
1356 3731 1448 3774 sed
1470 3730 1715 3786 Mutinae,
1738 3730 2034 3782 Ferrariae,
2055 3731 2332 3785 Bononiae,
2355 3736 2473 3784 etc..
2494 3736 2550 3774 ut
2571 3730 2678 3774 suis
2695 3730 2748 3773 in
2767 3730 2894 3773 locis
2913 3733 3098 3772 narrat

628 3800 906 3855 Polancus,
924 3800 1159 3845 detectus
1178 3800 1263 3847 hie
1284 3803 1336 3844 in
1360 3814 1639 3856 puerorum
1658 3802 1986 3848 institutione
2006 3806 2336 3856 cernebatur,
2357 3814 2447 3856 sc..
2471 3808 2528 3847 ut
2548 3802 2615 3847 ad
2630 3802 2907 3857 graviores
2926 3800 3100 3845 diffici-

628 3871 881 3926 lioresque
901 3878 1145 3917 auctores
1163 3873 1449 3918 volvendos
1470 3875 1926 3929 progrederentur,
1955 3876 2098 3930 prius
2125 3886 2280 3931 quam
2303 3876 2470 3919 solida
2499 3875 2549 3919 in
2577 3873 2934 3929 grammaticis
2959 3871 3100 3916 rudi-

630 3944 819 3987 mentis
832 3944 1175 3988 fundamenta
1185 3944 1448 4000 jecissent.

712 4015 735 4047 Ω
788 4014 970 4059 Verba
992 4016 1125 4061 haec
1147 4018 1323 4061 eidem
1348 4018 1605 4063 Societati
1622 4018 1839 4063 inseruit
1860 4029 2016 4063 manu
2034 4019 2246 4073 propria
2267 4018 2538 4064 Polaticus.
2847 4050 2852 4055 -

710 4086 733 4118 ⁸
786 4086 927 4133 Idem
951 4096 1169 4143 experta
1190 4088 1362 4132 fuerat
1384 4087 1619 4133 Societas
1642 4090 1876 4143 pluribus
1894 4090 1947 4133 in
1967 4090 2107 4143 locis;
2131 4101 2291 4145 quare
2311 4102 2405 4145 per
2427 4091 2524 4135 hoc
2543 4096 2748 4145 tempus
2780 4090 2888 4135 suis
2908 4090 3099 4135 litteris

623 4158 867 4202 declarat
884 4170 1043 4214 saepe
1064 4158 1302 4214 Ignatius
1321 4160 1455 4205 hanc
1475 4160 1575 4204 sibi
1596 4160 1649 4204 in
1671 4162 1905 4215 collegiis
1923 4161 2259 4207 admittendis
2292 4164 2458 4217 legem
2487 4163 2813 4216 praestitisse
2830 4193 2842 4215 ,
2870 4174 2932 4211 ne
2963 4162 3098 4217 quod

628 4228 933 4275 admitteret
951 4230 1047 4275 nisi
1070 4231 1323 4275 reditibus
1345 4232 1579 4277 dotatum
1600 4232 1970 4277 sufficientibus
1991 4233 2057 4278 ad
2079 4233 2288 4278 alendos
2306 4233 2576 4277 duodecim
2596 4240 2688 4277 aut
2707 4232 3100 4289 quatuordeeim

632 4300 803 4355 sociis,
818 4312 1040 4355 quorum
1058 4302 1221 4357 aliqui
1240 4304 1541 4349 scholastici
1564 4310 1752 4359 essent,
1775 4305 1861 4359 qui
1883 4306 2178 4350 litterarum
2197 4306 2369 4349 studio
2388 4306 2742 4351 incumberent
2763 4312 2816 4348 et
2842 4306 3098 4349 lectorum

629 4373 1018 4426 aegrotantium
1038 4374 1183 4419 vices
1200 4380 1414 4431 possent
1434 4377 1689 4432 supplere.

712 4446 735 4476 ⁴
790 4444 1043 4497 Quoniam
1064 4448 1208 4491 nulla
1227 4454 1307 4493 est
1324 4448 1408 4492 hic
1428 4448 1481 4491 in
1498 4459 1593 4493 ms.
1624 4448 1989 4504 interpunctio,
2019 4449 2208 4495 incerti
2228 4461 2404 4495 sumus
2425 4461 2493 4495 an
2511 4452 2784 4505 legendum
2803 4451 2889 4495 sit:
2911 4458 3097 4493 omnes

625 4516 1027 4571 confitebantur
1044 4519 1131 4569 (ad
1150 4528 1537 4566 sacramentum
1554 4520 1891 4565 confessionis
1909 4522 2260 4577 accedebant);
2277 4526 2512 4577 prmum,
2533 4534 2600 4567 an
2617 4534 2758 4568 vero:
2783 4533 2969 4567 ouranos
2983 4532 3096 4567 con-

621 4586 924 4642 fitebantur
941 4590 1294 4645 (fatebantur),
1309 4595 1473 4646 prout
1493 4604 1677 4636 eorum
1691 4596 2074 4649 praeceptores
2093 4594 2220 4639 boni
2239 4597 2291 4639 et
2309 4594 2531 4639 solliciti
2559 4596 2626 4641 de
2645 4606 2828 4640 eorum
2847 4594 3096 4651 prefectu

626 4663 808 4711 erant,
826 4662 905 4704 ita
926 4663 979 4704 et
1001 4662 1146 4716 ipsos
1164 4663 1325 4706 bonos
1343 4666 1395 4707 et
1415 4664 1483 4707 de
1496 4663 1746 4719 prosectu
1766 4665 2026 4709 sollicitos
2046 4666 2219 4710 reddi.
