<?xml version="1.0" encoding="UTF-8"?>
<!DOCTYPE html PUBLIC "-//W3C//DTD XHTML 1.0 Transitional//EN"
    "http://www.w3.org/TR/xhtml1/DTD/xhtml1-transitional.dtd">
<html xmlns="http://www.w3.org/1999/xhtml" xml:lang="en" lang="en">
 <head>
  <title>
</title>
<meta http-equiv="Content-Type" content="text/html;charset=utf-8" />
  <meta name='ocr-system' content='tesseract 3.04.00' />
  <meta name='ocr-capabilities' content='ocr_page ocr_carea ocr_par ocr_line ocrx_word'/>
</head>
<body>
  <div class='ocr_page' id='page_1' title='image "./vitaignatiiloio02polagoog_0355.png"; bbox 0 0 3742 5392; ppageno 0'>
   <div class='ocr_carea' id='block_1_1' title="bbox 1603 478 3003 539">
    <p class='ocr_par' dir='ltr' id='par_1_1' title="bbox 1603 478 3003 539">
     <span class='ocr_line' id='line_1_1' title="bbox 1603 478 3003 539; baseline -0.001 -1"><span class='ocrx_word' id='word_1_1' title='bbox 1603 480 1728 538; x_wconf 76' lang='grc' dir='ltr'><strong>ΑΝ.</strong></span> <span class='ocrx_word' id='word_1_2' title='bbox 1777 480 1915 539; x_wconf 87' lang='grc'><strong>1554</strong></span> <span class='ocrx_word' id='word_1_3' title='bbox 2892 478 3003 536; x_wconf 74' lang='grc'><strong>345</strong></span> 
     </span>
    </p>
   </div>
   <div class='ocr_carea' id='block_1_2' title="bbox 487 624 3001 2202">
    <p class='ocr_par' dir='ltr' id='par_1_2' title="bbox 527 624 3001 1117">
     <span class='ocr_line' id='line_1_2' title="bbox 533 624 2999 707; baseline -0.001 -18"><span class='ocrx_word' id='word_1_4' title='bbox 533 626 810 690; x_wconf 87' lang='lat' dir='ltr'><strong>tissime</strong></span> <span class='ocrx_word' id='word_1_5' title='bbox 841 624 932 688; x_wconf 86' lang='lat' dir='ltr'><strong>ad</strong></span> <span class='ocrx_word' id='word_1_6' title='bbox 962 626 1034 689; x_wconf 92' lang='lat' dir='ltr'><strong>id</strong></span> <span class='ocrx_word' id='word_1_7' title='bbox 1064 626 1338 705; x_wconf 91' lang='lat' dir='ltr'><strong>obtulit,</strong></span> <span class='ocrx_word' id='word_1_8' title='bbox 1364 635 1457 705; x_wconf 90' lang='lat' dir='ltr'><strong>et,</strong></span> <span class='ocrx_word' id='word_1_9' title='bbox 1489 634 1773 707; x_wconf 88' lang='lat' dir='ltr'><strong>praeter</strong></span> <span class='ocrx_word' id='word_1_10' title='bbox 1805 626 1945 689; x_wconf 87' lang='lat' dir='ltr'><strong>alia</strong></span> <span class='ocrx_word' id='word_1_11' title='bbox 1977 624 2287 688; x_wconf 82' lang='lat' dir='ltr'><strong>maxima</strong></span> <span class='ocrx_word' id='word_1_12' title='bbox 2318 632 2387 687; x_wconf 91' lang='lat' dir='ltr'><strong>et</strong></span> <span class='ocrx_word' id='word_1_13' title='bbox 2407 624 2793 704; x_wconf 90' lang='lat' dir='ltr'><strong>praecipua</strong></span> <span class='ocrx_word' id='word_1_14' title='bbox 2816 640 2999 687; x_wconf 89' lang='lat' dir='ltr'><strong>emo-</strong></span> 
     </span>
     <span class='ocr_line' id='line_1_3' title="bbox 531 730 3000 814; baseline -0.002 -18"><span class='ocrx_word' id='word_1_15' title='bbox 531 732 847 796; x_wconf 89' lang='lat' dir='ltr'><strong>lumenta</strong></span> <span class='ocrx_word' id='word_1_16' title='bbox 865 733 956 796; x_wconf 92' lang='lat' dir='ltr'><strong>ad</strong></span> <span class='ocrx_word' id='word_1_17' title='bbox 972 734 1461 814; x_wconf 85' lang='lat' dir='ltr'><strong>proximorum</strong></span> <span class='ocrx_word' id='word_1_18' title='bbox 1483 733 1823 796; x_wconf 83' lang='lat' dir='ltr'><strong>auxilium</strong></span> <span class='ocrx_word' id='word_1_19' title='bbox 1845 731 2295 812; x_wconf 84' lang='lat' dir='ltr'><strong>pertinentia,</strong></span> <span class='ocrx_word' id='word_1_20' title='bbox 2320 731 2691 811; x_wconf 84' lang='lat' dir='ltr'><strong>perutilem</strong></span> <span class='ocrx_word' id='word_1_21' title='bbox 2712 730 3000 793; x_wconf 89' lang='lat' dir='ltr'><strong>domum</strong></span> 
     </span>
     <span class='ocr_line' id='line_1_4' title="bbox 535 836 3001 919; baseline -0.001 -17"><span class='ocrx_word' id='word_1_22' title='bbox 535 840 730 903; x_wconf 89' lang='lat' dir='ltr'><strong>illam</strong></span> <span class='ocrx_word' id='word_1_23' title='bbox 761 841 1063 919; x_wconf 88' lang='lat' dir='ltr'><strong>collegio</strong></span> <span class='ocrx_word' id='word_1_24' title='bbox 1092 849 1340 903; x_wconf 87' lang='lat' dir='ltr'><strong>nostro</strong></span> <span class='ocrx_word' id='word_1_25' title='bbox 1369 840 1682 904; x_wconf 91' lang='lat' dir='ltr'><strong>futuram</strong></span> <span class='ocrx_word' id='word_1_26' title='bbox 1712 856 1868 902; x_wconf 87' lang='lat' dir='ltr'><strong>esse</strong></span> <span class='ocrx_word' id='word_1_27' title='bbox 1900 839 2267 918; x_wconf 82' lang='lat' dir='ltr'><strong>censebat3</strong></span> <span class='ocrx_word' id='word_1_28' title='bbox 2300 854 2468 901; x_wconf 85' lang='lat' dir='ltr'><strong>nam</strong></span> <span class='ocrx_word' id='word_1_29' title='bbox 2509 838 2581 901; x_wconf 88' lang='lat' dir='ltr'><strong>in</strong></span> <span class='ocrx_word' id='word_1_30' title='bbox 2621 855 2705 901; x_wconf 87' lang='lat' dir='ltr'><strong>ea</strong></span> <span class='ocrx_word' id='word_1_31' title='bbox 2748 836 3001 901; x_wconf 87' lang='lat' dir='ltr'><strong>novitii</strong></span> 
     </span>
     <span class='ocr_line' id='line_1_5' title="bbox 535 943 3000 1027; baseline -0.001 -18"><span class='ocrx_word' id='word_1_32' title='bbox 535 947 805 1010; x_wconf 88' lang='lat' dir='ltr'><strong>institui</strong></span> <span class='ocrx_word' id='word_1_33' title='bbox 835 956 1196 1027; x_wconf 87' lang='lat' dir='ltr'><strong>poterant,</strong></span> <span class='ocrx_word' id='word_1_34' title='bbox 1230 946 1522 1026; x_wconf 87' lang='lat' dir='ltr'><strong>perinde</strong></span> <span class='ocrx_word' id='word_1_35' title='bbox 1553 956 1766 1027; x_wconf 88' lang='lat' dir='ltr'><strong>atque</strong></span> <span class='ocrx_word' id='word_1_36' title='bbox 1793 945 2066 1009; x_wconf 88' lang='lat' dir='ltr'><strong>Romae</strong></span> <span class='ocrx_word' id='word_1_37' title='bbox 2090 946 2159 1008; x_wconf 91' lang='lat' dir='ltr'><strong>id</strong></span> <span class='ocrx_word' id='word_1_38' title='bbox 2182 944 2427 1023; x_wconf 90' lang='lat' dir='ltr'><strong>fiebat,</strong></span> <span class='ocrx_word' id='word_1_39' title='bbox 2456 954 2532 1007; x_wconf 91' lang='lat' dir='ltr'><strong>ut</strong></span> <span class='ocrx_word' id='word_1_40' title='bbox 2556 943 3000 1024; x_wconf 84' lang='lat' dir='ltr'><strong>probationis</strong></span> 
     </span>
     <span class='ocr_line' id='line_1_6' title="bbox 527 1052 1373 1117; baseline -0.004 -2"><span class='ocrx_word' id='word_1_41' title='bbox 527 1053 784 1117; x_wconf 88' lang='lat' dir='ltr'><strong>domus</strong></span> <span class='ocrx_word' id='word_1_42' title='bbox 813 1052 1298 1117; x_wconf 86' lang='lat' dir='ltr'><strong>institueretur</strong></span> <span class='ocrx_word' id='word_1_43' title='bbox 1331 1052 1373 1112; x_wconf 87' lang='lat'><strong>¹.</strong></span> 
     </span>
    </p>

    <p class='ocr_par' dir='ltr' id='par_1_3' title="bbox 487 1156 3001 2095">
     <span class='ocr_line' id='line_1_7' title="bbox 652 1156 2991 1239; baseline -0 -17"><span class='ocrx_word' id='word_1_44' title='bbox 652 1159 794 1223; x_wconf 85' lang='lat'><strong>736.</strong></span> <span class='ocrx_word' id='word_1_45' title='bbox 880 1158 1026 1224; x_wconf 93' lang='lat' dir='ltr'><strong>Sub</strong></span> <span class='ocrx_word' id='word_1_46' title='bbox 1077 1160 1247 1223; x_wconf 83' lang='lat' dir='ltr'><strong>anni</strong></span> <span class='ocrx_word' id='word_1_47' title='bbox 1295 1159 1504 1223; x_wconf 88' lang='lat' dir='ltr'><strong>finem</strong></span> <span class='ocrx_word' id='word_1_48' title='bbox 1554 1159 1920 1224; x_wconf 88' lang='lat' dir='ltr'><strong>Concham</strong></span> <span class='ocrx_word' id='word_1_49' title='bbox 1964 1158 2410 1239; x_wconf 84' lang='lat' dir='ltr'><strong>profecturus</strong></span> <span class='ocrx_word' id='word_1_50' title='bbox 2450 1167 2605 1222; x_wconf 89' lang='lat' dir='ltr'><strong>erat</strong></span> <span class='ocrx_word' id='word_1_51' title='bbox 2654 1159 2785 1221; x_wconf 89' lang='lat' dir='ltr'><strong>sub</strong></span> <span class='ocrx_word' id='word_1_52' title='bbox 2832 1156 2991 1221; x_wconf 88' lang='lat' dir='ltr'><strong>obe-</strong></span> 
     </span>
     <span class='ocr_line' id='line_1_8' title="bbox 487 1264 2997 1354; baseline -0 -25"><span class='ocrx_word' id='word_1_53' title='bbox 487 1264 492 1267; x_wconf 77' lang='grc'><strong>’</strong></span> <span class='ocrx_word' id='word_1_54' title='bbox 530 1266 843 1330; x_wconf 88' lang='lat' dir='ltr'><strong>dientiae</strong></span> <span class='ocrx_word' id='word_1_55' title='bbox 873 1268 1316 1348; x_wconf 84' lang='lat' dir='ltr'><strong>praescripto</strong></span> <span class='ocrx_word' id='word_1_56' title='bbox 1349 1266 1426 1329; x_wconf 94' lang='lat' dir='ltr'><strong>P.</strong></span> <span class='ocrx_word' id='word_1_57' title='bbox 1459 1266 1814 1347; x_wconf 83' lang='lat' dir='ltr'><strong>Baptista,</strong></span> <span class='ocrx_word' id='word_1_58' title='bbox 1849 1274 1927 1329; x_wconf 91' lang='lat' dir='ltr'><strong>ut</strong></span> <span class='ocrx_word' id='word_1_59' title='bbox 1956 1266 2258 1346; x_wconf 87' lang='lat' dir='ltr'><strong>Collegii</strong></span> <span class='ocrx_word' id='word_1_60' title='bbox 2280 1265 2539 1329; x_wconf 86' lang='lat' dir='ltr'><strong>ibidem</strong></span> <span class='ocrx_word' id='word_1_61' title='bbox 2563 1265 2881 1354; x_wconf 87' lang='lat' dir='ltr'><strong>inchoati</strong></span> <span class='ocrx_word' id='word_1_62' title='bbox 2902 1264 2997 1328; x_wconf 92' lang='lat' dir='ltr'><strong>fo-</strong></span> 
     </span>
     <span class='ocr_line' id='line_1_9' title="bbox 535 1372 3001 1455; baseline -0.001 -18"><span class='ocrx_word' id='word_1_63' title='bbox 535 1383 739 1438; x_wconf 87' lang='lat' dir='ltr'><strong>veret</strong></span> <span class='ocrx_word' id='word_1_64' title='bbox 771 1374 972 1437; x_wconf 89' lang='lat' dir='ltr'><strong>initia</strong></span> <span class='ocrx_word' id='word_1_65' title='bbox 1004 1374 1124 1453; x_wconf 90' lang='lat' dir='ltr'><strong>(de</strong></span> <span class='ocrx_word' id='word_1_66' title='bbox 1155 1392 1294 1455; x_wconf 90' lang='lat' dir='ltr'><strong>quo</strong></span> <span class='ocrx_word' id='word_1_67' title='bbox 1334 1374 1628 1437; x_wconf 89' lang='lat' dir='ltr'><strong>inferius</strong></span> <span class='ocrx_word' id='word_1_68' title='bbox 1664 1383 1921 1453; x_wconf 83' lang='lat' dir='ltr'><strong>agetur</strong></span> <span class='ocrx_word' id='word_1_69' title='bbox 1948 1374 2001 1451; x_wconf 82' lang='lat'><strong>¹)</strong></span> <span class='ocrx_word' id='word_1_70' title='bbox 2043 1382 2111 1436; x_wconf 91' lang='lat' dir='ltr'><strong>et</strong></span> <span class='ocrx_word' id='word_1_71' title='bbox 2140 1373 2650 1453; x_wconf 80' lang='lat' dir='ltr'><strong>gratitudinem</strong></span> <span class='ocrx_word' id='word_1_72' title='bbox 2692 1372 3001 1452; x_wconf 83' lang='lat' dir='ltr'><strong>aliquam</strong></span> 
     </span>
     <span class='ocr_line' id='line_1_10' title="bbox 529 1478 2999 1561; baseline -0.001 -17"><span class='ocrx_word' id='word_1_73' title='bbox 529 1498 712 1561; x_wconf 84' lang='lat' dir='ltr'><strong>erga</strong></span> <span class='ocrx_word' id='word_1_74' title='bbox 733 1481 1149 1545; x_wconf 85' lang='lat' dir='ltr'><strong>fundatores</strong></span> <span class='ocrx_word' id='word_1_75' title='bbox 1175 1482 1601 1559; x_wconf 86' lang='lat' dir='ltr'><strong>ostenderet;</strong></span> <span class='ocrx_word' id='word_1_76' title='bbox 1623 1481 1747 1545; x_wconf 88' lang='lat' dir='ltr'><strong>sed</strong></span> <span class='ocrx_word' id='word_1_77' title='bbox 1772 1481 1860 1544; x_wconf 87' lang='lat' dir='ltr'><strong>ab</strong></span> <span class='ocrx_word' id='word_1_78' title='bbox 1882 1480 2237 1561; x_wconf 89' lang='lat' dir='ltr'><strong>Episcopo</strong></span> <span class='ocrx_word' id='word_1_79' title='bbox 2252 1480 2467 1543; x_wconf 90' lang='lat' dir='ltr'><strong>etiarn</strong></span> <span class='ocrx_word' id='word_1_80' title='bbox 2490 1478 2999 1559; x_wconf 89' lang='lat' dir='ltr'><strong>Carthaginen-</strong></span> 
     </span>
     <span class='ocr_line' id='line_1_11' title="bbox 531 1586 2999 1667; baseline -0.001 -16"><span class='ocrx_word' id='word_1_81' title='bbox 531 1588 594 1651; x_wconf 87' lang='lat' dir='ltr'><strong>si</strong></span> <span class='ocrx_word' id='word_1_82' title='bbox 623 1586 648 1619; x_wconf 83' lang='lat'><strong>⁸</strong></span> <span class='ocrx_word' id='word_1_83' title='bbox 678 1588 930 1652; x_wconf 82' lang='lat' dir='ltr'><strong>litteris</strong></span> <span class='ocrx_word' id='word_1_84' title='bbox 960 1587 1310 1651; x_wconf 90' lang='lat' dir='ltr'><strong>Murciam</strong></span> <span class='ocrx_word' id='word_1_85' title='bbox 1337 1588 1775 1651; x_wconf 85' lang='lat' dir='ltr'><strong>evocabatur</strong></span> <span class='ocrx_word' id='word_1_86' title='bbox 1796 1636 1811 1666; x_wconf 96' lang='lat'><strong>,</strong></span> <span class='ocrx_word' id='word_1_87' title='bbox 1843 1605 2013 1651; x_wconf 87' lang='lat' dir='ltr'><strong>nam</strong></span> <span class='ocrx_word' id='word_1_88' title='bbox 2043 1587 2131 1650; x_wconf 93' lang='lat' dir='ltr'><strong>de</strong></span> <span class='ocrx_word' id='word_1_89' title='bbox 2160 1587 2478 1667; x_wconf 88' lang='lat' dir='ltr'><strong>Collegio</strong></span> <span class='ocrx_word' id='word_1_90' title='bbox 2508 1586 2604 1650; x_wconf 94' lang='lat' dir='ltr'><strong>ibi</strong></span> <span class='ocrx_word' id='word_1_91' title='bbox 2634 1586 2999 1649; x_wconf 87' lang='lat' dir='ltr'><strong>instituen-</strong></span> 
     </span>
     <span class='ocr_line' id='line_1_12' title="bbox 527 1692 2994 1775; baseline -0.001 -18"><span class='ocrx_word' id='word_1_92' title='bbox 527 1694 624 1758; x_wconf 89' lang='lat' dir='ltr'><strong>do</strong></span> <span class='ocrx_word' id='word_1_93' title='bbox 642 1745 656 1774; x_wconf 91' lang='lat'><strong>,</strong></span> <span class='ocrx_word' id='word_1_94' title='bbox 691 1694 880 1775; x_wconf 91' lang='lat' dir='ltr'><strong>quod</strong></span> <span class='ocrx_word' id='word_1_95' title='bbox 910 1695 1363 1774; x_wconf 81' lang='lat' dir='ltr'><strong>cogitaverat</strong></span> <span class='ocrx_word' id='word_1_96' title='bbox 1390 1693 1790 1775; x_wconf 87' lang='lat' dir='ltr'><strong>Episcopus</strong></span> <span class='ocrx_word' id='word_1_97' title='bbox 1807 1744 1821 1773; x_wconf 94' lang='lat'>‚</span> <span class='ocrx_word' id='word_1_98' title='bbox 1856 1711 2019 1757; x_wconf 88' lang='lat' dir='ltr'><strong>cum</strong></span> <span class='ocrx_word' id='word_1_99' title='bbox 2042 1712 2126 1757; x_wconf 90' lang='lat' dir='ltr'><strong>eo</strong></span> <span class='ocrx_word' id='word_1_100' title='bbox 2151 1693 2475 1757; x_wconf 86' lang='lat' dir='ltr'><strong>conferre</strong></span> <span class='ocrx_word' id='word_1_101' title='bbox 2499 1693 2849 1773; x_wconf 87' lang='lat' dir='ltr'><strong>cupiebat;</strong></span> <span class='ocrx_word' id='word_1_102' title='bbox 2878 1692 2994 1755; x_wconf 89' lang='lat' dir='ltr'><strong>ad·</strong></span> 
     </span>
     <span class='ocr_line' id='line_1_13' title="bbox 525 1799 2997 1882; baseline -0.001 -17"><span class='ocrx_word' id='word_1_103' title='bbox 525 1799 767 1880; x_wconf 88' lang='lat' dir='ltr'><strong>junxit</strong></span> <span class='ocrx_word' id='word_1_104' title='bbox 788 1811 859 1865; x_wconf 91' lang='lat' dir='ltr'><strong>et</strong></span> <span class='ocrx_word' id='word_1_105' title='bbox 879 1819 1048 1865; x_wconf 85' lang='lat' dir='ltr'><strong>suas</strong></span> <span class='ocrx_word' id='word_1_106' title='bbox 1069 1802 1345 1865; x_wconf 83' lang='lat' dir='ltr'><strong>litteras</strong></span> <span class='ocrx_word' id='word_1_107' title='bbox 1368 1802 1822 1882; x_wconf 81' lang='lat' dir='ltr'><strong>praedicator</strong></span> <span class='ocrx_word' id='word_1_108' title='bbox 1843 1800 2133 1882; x_wconf 90' lang='lat' dir='ltr'><strong>quidam</strong></span> <span class='ocrx_word' id='word_1_109' title='bbox 2158 1803 2581 1880; x_wconf 84' lang='lat' dir='ltr'><strong>cognomine</strong></span> <span class='ocrx_word' id='word_1_110' title='bbox 2613 1801 2997 1881; x_wconf 86' lang='lat' dir='ltr'><strong>Verdolay,</strong></span> 
     </span>
     <span class='ocr_line' id='line_1_14' title="bbox 530 1907 2995 1987; baseline -0 -16"><span class='ocrx_word' id='word_1_111' title='bbox 530 1908 656 1987; x_wconf 90' lang='lat' dir='ltr'><strong>qui</strong></span> <span class='ocrx_word' id='word_1_112' title='bbox 683 1908 1002 1971; x_wconf 85' lang='lat' dir='ltr'><strong>Murciae</strong></span> <span class='ocrx_word' id='word_1_113' title='bbox 1032 1925 1116 1970; x_wconf 92' lang='lat' dir='ltr'><strong>eo</strong></span> <span class='ocrx_word' id='word_1_114' title='bbox 1145 1916 1465 1987; x_wconf 89' lang='lat' dir='ltr'><strong>tempore</strong></span> <span class='ocrx_word' id='word_1_115' title='bbox 1495 1908 1778 1986; x_wconf 87' lang='lat' dir='ltr'><strong>agebat,</strong></span> <span class='ocrx_word' id='word_1_116' title='bbox 1813 1918 1885 1971; x_wconf 89' lang='lat' dir='ltr'><strong>et</strong></span> <span class='ocrx_word' id='word_1_117' title='bbox 1914 1907 1999 1970; x_wconf 91' lang='lat' dir='ltr'><strong>de</strong></span> <span class='ocrx_word' id='word_1_118' title='bbox 2031 1925 2107 1970; x_wconf 89' lang='lat' dir='ltr'><strong>re</strong></span> <span class='ocrx_word' id='word_1_119' title='bbox 2138 1908 2381 1987; x_wconf 87' lang='lat' dir='ltr'><strong>magni</strong></span> <span class='ocrx_word' id='word_1_120' title='bbox 2411 1910 2752 1972; x_wconf 89' lang='lat' dir='ltr'><strong>momenti</strong></span> <span class='ocrx_word' id='word_1_121' title='bbox 2781 1924 2995 1987; x_wconf 85' lang='lat' dir='ltr'><strong>agen-</strong></span> 
     </span>
     <span class='ocr_line' id='line_1_15' title="bbox 535 2011 1446 2095; baseline 0 -18"><span class='ocrx_word' id='word_1_122' title='bbox 535 2015 704 2079; x_wconf 91' lang='lat' dir='ltr'><strong>dum</strong></span> <span class='ocrx_word' id='word_1_123' title='bbox 733 2032 890 2079; x_wconf 86' lang='lat' dir='ltr'><strong>esse</strong></span> <span class='ocrx_word' id='word_1_124' title='bbox 922 2014 1374 2095; x_wconf 83' lang='lat' dir='ltr'><strong>significabat</strong></span> <span class='ocrx_word' id='word_1_125' title='bbox 1400 2011 1446 2077; x_wconf 81' lang='lat'><strong>⁴.</strong></span> 
     </span>
    </p>

    <p class='ocr_par' dir='ltr' id='par_1_4' title="bbox 657 2120 2503 2202">
     <span class='ocr_line' id='line_1_16' title="bbox 657 2120 2503 2202; baseline -0.001 -16"><span class='ocrx_word' id='word_1_126' title='bbox 657 2120 798 2186; x_wconf 89' lang='lat' dir='ltr'><strong>Sed</strong></span> <span class='ocrx_word' id='word_1_127' title='bbox 829 2123 1176 2185; x_wconf 87' lang='lat' dir='ltr'><strong>hactenus</strong></span> <span class='ocrx_word' id='word_1_128' title='bbox 1206 2122 1292 2185; x_wconf 91' lang='lat' dir='ltr'><strong>de</strong></span> <span class='ocrx_word' id='word_1_129' title='bbox 1321 2121 1708 2185; x_wconf 86' lang='lat' dir='ltr'><strong>Valentino</strong></span> <span class='ocrx_word' id='word_1_130' title='bbox 1742 2121 2063 2202; x_wconf 87' lang='lat' dir='ltr'><strong>Collegio</strong></span> <span class='ocrx_word' id='word_1_131' title='bbox 2092 2123 2183 2185; x_wconf 83' lang='lat' dir='ltr'><strong>sit</strong></span> <span class='ocrx_word' id='word_1_132' title='bbox 2214 2123 2503 2186; x_wconf 87' lang='lat' dir='ltr'><strong>dictum.</strong></span> 
     </span>
    </p>
   </div>
   <div class='ocr_carea' id='block_1_3' title="bbox 537 2246 859 2255">
    <p class='ocr_par' dir='ltr' id='par_1_5' title="bbox 537 2246 859 2255">
     <span class='ocr_line' id='line_1_17' title="bbox 537 2246 859 2255; baseline 0 3137"><span class='ocrx_word' id='word_1_133' title='bbox 537 2246 859 2255; x_wconf 95' lang='lat' dir='ltr'><strong> </strong></span> 
     </span>
    </p>
   </div>
   <div class='ocr_carea' id='block_1_4' title="bbox 522 2290 3009 4785">
    <p class='ocr_par' dir='ltr' id='par_1_6' title="bbox 529 2290 3000 2491">
     <span class='ocr_line' id='line_1_18' title="bbox 611 2290 2998 2348; baseline 0 -13"><span class='ocrx_word' id='word_1_134' title='bbox 611 2293 628 2324; x_wconf 86' lang='lat'>¹</span> <span class='ocrx_word' id='word_1_135' title='bbox 687 2290 771 2335; x_wconf 90' lang='lat' dir='ltr'><strong>Sic</strong></span> <span class='ocrx_word' id='word_1_136' title='bbox 800 2298 921 2336; x_wconf 89' lang='lat' dir='ltr'><strong>sunt</strong></span> <span class='ocrx_word' id='word_1_137' title='bbox 943 2292 1072 2336; x_wconf 82' lang='lat' dir='ltr'><strong>haec</strong></span> <span class='ocrx_word' id='word_1_138' title='bbox 1103 2297 1367 2348; x_wconf 86' lang='lat' dir='ltr'><strong>postrema</strong></span> <span class='ocrx_word' id='word_1_139' title='bbox 1389 2292 1552 2335; x_wconf 83' lang='lat' dir='ltr'><strong>verba</strong></span> <span class='ocrx_word' id='word_1_140' title='bbox 1582 2292 1632 2335; x_wconf 86' lang='lat' dir='ltr'><strong>in</strong></span> <span class='ocrx_word' id='word_1_141' title='bbox 1654 2302 1766 2343; x_wconf 86' lang='lat' dir='ltr'><strong>ms.;</strong></span> <span class='ocrx_word' id='word_1_142' title='bbox 1789 2291 1882 2334; x_wconf 87' lang='lat' dir='ltr'><strong>sed</strong></span> <span class='ocrx_word' id='word_1_143' title='bbox 1910 2302 2090 2335; x_wconf 84' lang='lat' dir='ltr'><strong>sensns</strong></span> <span class='ocrx_word' id='word_1_144' title='bbox 2109 2298 2161 2334; x_wconf 89' lang='lat' dir='ltr'><strong>et</strong></span> <span class='ocrx_word' id='word_1_145' title='bbox 2192 2292 2432 2347; x_wconf 81' lang='lat' dir='ltr'><strong>syntaxis</strong></span> <span class='ocrx_word' id='word_1_146' title='bbox 2467 2292 2731 2345; x_wconf 81' lang='lat' dir='ltr'><strong>requirere</strong></span> <span class='ocrx_word' id='word_1_147' title='bbox 2755 2292 2998 2335; x_wconf 85' lang='lat' dir='ltr'><strong>videntur</strong></span> 
     </span>
     <span class='ocr_line' id='line_1_19' title="bbox 529 2362 3000 2417; baseline -0 -11"><span class='ocrx_word' id='word_1_148' title='bbox 529 2370 586 2406; x_wconf 81' lang='lat' dir='ltr'><strong>nt</strong></span> <span class='ocrx_word' id='word_1_149' title='bbox 607 2364 907 2407; x_wconf 78' lang='lat' dir='ltr'><strong>scribantur</strong></span> <span class='ocrx_word' id='word_1_150' title='bbox 929 2365 1021 2407; x_wconf 85' lang='lat' dir='ltr'><strong>ita:</strong></span> <span class='ocrx_word' id='word_1_151' title='bbox 1043 2375 1172 2407; x_wconf 82' lang='lat' dir='ltr'><strong>nam</strong></span> <span class='ocrx_word' id='word_1_152' title='bbox 1195 2364 1250 2406; x_wconf 76' lang='lat' dir='ltr'><strong>tn</strong></span> <span class='ocrx_word' id='word_1_153' title='bbox 1275 2374 1338 2406; x_wconf 81' lang='lat' dir='ltr'><strong>ea</strong></span> <span class='ocrx_word' id='word_1_154' title='bbox 1361 2364 1556 2407; x_wconf 74' lang='lat' dir='ltr'><strong>novitii</strong></span> <span class='ocrx_word' id='word_1_155' title='bbox 1585 2364 1805 2407; x_wconf 74' lang='lat' dir='ltr'><strong>institui</strong></span> <span class='ocrx_word' id='word_1_156' title='bbox 1821 2365 2106 2417; x_wconf 77' lang='lat' dir='ltr'><strong>poterant,</strong></span> <span class='ocrx_word' id='word_1_157' title='bbox 2126 2364 2202 2413; x_wconf 80' lang='lat' dir='ltr'><strong>si,</strong></span> <span class='ocrx_word' id='word_1_158' title='bbox 2231 2364 2460 2417; x_wconf 75' lang='lat' dir='ltr'><strong>perinde</strong></span> <span class='ocrx_word' id='word_1_159' title='bbox 2495 2374 2558 2406; x_wconf 85' lang='lat' dir='ltr'><strong>ac</strong></span> <span class='ocrx_word' id='word_1_160' title='bbox 2590 2362 2795 2407; x_wconf 86' lang='lat' dir='ltr'><strong>Romae</strong></span> <span class='ocrx_word' id='word_1_161' title='bbox 2816 2363 3000 2417; x_wconf 78' lang='lat' dir='ltr'><strong>fiebat,</strong></span> 
     </span>
     <span class='ocr_line' id='line_1_20' title="bbox 529 2434 2295 2491; baseline 0 -14"><span class='ocrx_word' id='word_1_162' title='bbox 529 2435 870 2487; x_wconf 73' lang='lat' dir='ltr'><strong>probationis</strong></span> <span class='ocrx_word' id='word_1_163' title='bbox 887 2436 1082 2478; x_wconf 81' lang='lat' dir='ltr'><strong>domus</strong></span> <span class='ocrx_word' id='word_1_164' title='bbox 1102 2436 1160 2478; x_wconf 77' lang='lat' dir='ltr'><strong>in</strong></span> <span class='ocrx_word' id='word_1_165' title='bbox 1181 2436 1305 2489; x_wconf 78' lang='lat' dir='ltr'><strong>ipsa</strong></span> <span class='ocrx_word' id='word_1_166' title='bbox 1327 2434 1703 2491; x_wconf 77' lang='lat' dir='ltr'><strong>Professor-um</strong></span> <span class='ocrx_word' id='word_1_167' title='bbox 1727 2436 1881 2477; x_wconf 83' lang='lat' dir='ltr'><strong>domo</strong></span> <span class='ocrx_word' id='word_1_168' title='bbox 1898 2434 2295 2478; x_wconf 79' lang='lat' dir='ltr'><strong>institueretur.</strong></span> 
     </span>
    </p>

    <p class='ocr_par' dir='ltr' id='par_1_7' title="bbox 610 2505 1135 2561">
     <span class='ocr_line' id='line_1_21' title="bbox 610 2505 1135 2561; baseline 0.002 -12"><span class='ocrx_word' id='word_1_169' title='bbox 610 2507 632 2537; x_wconf 71' lang='lat'>²</span> <span class='ocrx_word' id='word_1_170' title='bbox 687 2505 836 2549; x_wconf 85' lang='lat' dir='ltr'><strong>Num.</strong></span> <span class='ocrx_word' id='word_1_171' title='bbox 856 2506 938 2549; x_wconf 89' lang='lat'><strong>915</strong></span> <span class='ocrx_word' id='word_1_172' title='bbox 957 2514 1010 2549; x_wconf 91' lang='lat' dir='ltr'><strong>et</strong></span> <span class='ocrx_word' id='word_1_173' title='bbox 1031 2518 1135 2561; x_wconf 87' lang='lat' dir='ltr'><strong>seq.</strong></span> 
     </span>
    </p>

    <p class='ocr_par' dir='ltr' id='par_1_8' title="bbox 610 2576 1662 2636">
     <span class='ocr_line' id='line_1_22' title="bbox 610 2576 1662 2636; baseline 0.002 -16"><span class='ocrx_word' id='word_1_174' title='bbox 610 2576 634 2609; x_wconf 74' lang='lat'>³</span> <span class='ocrx_word' id='word_1_175' title='bbox 688 2576 985 2631; x_wconf 74' lang='lat' dir='ltr'><strong>stephanus</strong></span> <span class='ocrx_word' id='word_1_176' title='bbox 1006 2579 1066 2621; x_wconf 89' lang='lat' dir='ltr'><strong>de</strong></span> <span class='ocrx_word' id='word_1_177' title='bbox 1089 2579 1371 2636; x_wconf 80' lang='lat' dir='ltr'><strong>Aimeyda.</strong></span> <span class='ocrx_word' id='word_1_178' title='bbox 1390 2580 1662 2623; x_wconf 53' lang='lat' dir='ltr'><strong>lusitanus</strong></span> 
     </span>
    </p>

    <p class='ocr_par' dir='ltr' id='par_1_9' title="bbox 522 2648 3004 3923">
     <span class='ocr_line' id='line_1_23' title="bbox 610 2648 2999 2707; baseline 0 -14"><span class='ocrx_word' id='word_1_179' title='bbox 610 2650 634 2682; x_wconf 78' lang='lat'><strong>⁴</strong></span> <span class='ocrx_word' id='word_1_180' title='bbox 689 2649 742 2693; x_wconf 89' lang='lat' dir='ltr'><strong>P.</strong></span> <span class='ocrx_word' id='word_1_181' title='bbox 765 2649 988 2702; x_wconf 82' lang='lat' dir='ltr'><strong>Joannes</strong></span> <span class='ocrx_word' id='word_1_182' title='bbox 1010 2650 1070 2693; x_wconf 90' lang='lat' dir='ltr'><strong>de</strong></span> <span class='ocrx_word' id='word_1_183' title='bbox 1093 2650 1374 2707; x_wconf 82' lang='lat' dir='ltr'><strong>Verdolay.</strong></span> <span class='ocrx_word' id='word_1_184' title='bbox 1393 2650 1613 2695; x_wconf 81' lang='lat' dir='ltr'><strong>eximius</strong></span> <span class='ocrx_word' id='word_1_185' title='bbox 1633 2650 1987 2703; x_wconf 75' lang='lat' dir='ltr'><strong>concionator,</strong></span> <span class='ocrx_word' id='word_1_186' title='bbox 2008 2650 2089 2693; x_wconf 87' lang='lat' dir='ltr'><strong>cui</strong></span> <span class='ocrx_word' id='word_1_187' title='bbox 2112 2649 2323 2703; x_wconf 82' lang='lat' dir='ltr'><strong>scripsit</strong></span> <span class='ocrx_word' id='word_1_188' title='bbox 2356 2648 2593 2703; x_wconf 81' lang='lat' dir='ltr'><strong>Ignatius</strong></span> <span class='ocrx_word' id='word_1_189' title='bbox 2612 2648 2847 2703; x_wconf 78' lang='lat' dir='ltr'><strong>litteras,</strong></span> <span class='ocrx_word' id='word_1_190' title='bbox 2870 2660 2999 2703; x_wconf 84' lang='lat' dir='ltr'><strong>quas</strong></span> 
     </span>
     <span class='ocr_line' id='line_1_24' title="bbox 530 2718 2999 2775; baseline 0.001 -13"><span class='ocrx_word' id='word_1_191' title='bbox 530 2718 694 2763; x_wconf 86' lang='lat' dir='ltr'><strong>habes</strong></span> <span class='ocrx_word' id='word_1_192' title='bbox 716 2720 767 2763; x_wconf 86' lang='lat' dir='ltr'><strong>in</strong></span> <span class='ocrx_word' id='word_1_193' title='bbox 791 2718 980 2763; x_wconf 86' lang='lat' dir='ltr'><strong>Cartas</strong></span> <span class='ocrx_word' id='word_1_194' title='bbox 1001 2720 1067 2764; x_wconf 82' lang='lat' dir='ltr'><strong>de</strong></span> <span class='ocrx_word' id='word_1_195' title='bbox 1087 2720 1198 2763; x_wconf 85' lang='lat' dir='ltr'><strong>San</strong></span> <span class='ocrx_word' id='word_1_196' title='bbox 1221 2719 1458 2773; x_wconf 71' lang='lat' dir='ltr'><strong>Ignacio,</strong></span> <span class='ocrx_word' id='word_1_197' title='bbox 1479 2726 1516 2764; x_wconf 86' lang='lat' dir='ltr'><strong>t.</strong></span> <span class='ocrx_word' id='word_1_198' title='bbox 1539 2732 1571 2773; x_wconf 83' lang='lat'><strong>1,</strong></span> <span class='ocrx_word' id='word_1_199' title='bbox 1595 2731 1712 2775; x_wconf 77' lang='lat' dir='ltr'><strong>pag.</strong></span> <span class='ocrx_word' id='word_1_200' title='bbox 1733 2721 1814 2773; x_wconf 80' lang='lat'><strong>52,</strong></span> <span class='ocrx_word' id='word_1_201' title='bbox 1837 2720 2023 2775; x_wconf 78' lang='lat' dir='ltr'><strong>quique</strong></span> <span class='ocrx_word' id='word_1_202' title='bbox 2053 2725 2171 2775; x_wconf 87' lang='lat' dir='ltr'><strong>post</strong></span> <span class='ocrx_word' id='word_1_203' title='bbox 2205 2720 2396 2774; x_wconf 77' lang='lat' dir='ltr'><strong>Ignatii</strong></span> <span class='ocrx_word' id='word_1_204' title='bbox 2429 2728 2649 2764; x_wconf 86' lang='lat' dir='ltr'><strong>mortem</strong></span> <span class='ocrx_word' id='word_1_205' title='bbox 2682 2720 2999 2765; x_wconf 76' lang='lat' dir='ltr'><strong>Societatem</strong></span> 
     </span>
     <span class='ocr_line' id='line_1_25' title="bbox 526 2790 2999 2845; baseline 0.001 -12"><span class='ocrx_word' id='word_1_206' title='bbox 526 2790 819 2845; x_wconf 75' lang='lat' dir='ltr'><strong>ingressus,</strong></span> <span class='ocrx_word' id='word_1_207' title='bbox 839 2803 870 2837; x_wconf 84' lang='lat' dir='ltr'><strong>a</strong></span> <span class='ocrx_word' id='word_1_208' title='bbox 893 2793 1167 2836; x_wconf 82' lang='lat' dir='ltr'><strong>vocatione</strong></span> <span class='ocrx_word' id='word_1_209' title='bbox 1188 2792 1376 2836; x_wconf 79' lang='lat' dir='ltr'><strong>defecit</strong></span> <span class='ocrx_word' id='word_1_210' title='bbox 1396 2797 1447 2837; x_wconf 86' lang='lat' dir='ltr'><strong>et</strong></span> <span class='ocrx_word' id='word_1_211' title='bbox 1469 2792 1519 2835; x_wconf 86' lang='lat' dir='ltr'><strong>in</strong></span> <span class='ocrx_word' id='word_1_212' title='bbox 1537 2792 1873 2837; x_wconf 82' lang='lat' dir='ltr'><strong>carthusiam</strong></span> <span class='ocrx_word' id='word_1_213' title='bbox 1894 2792 2121 2835; x_wconf 87' lang='lat' dir='ltr'><strong>transiit.</strong></span> <span class='ocrx_word' id='word_1_214' title='bbox 2142 2792 2266 2835; x_wconf 86' lang='lat' dir='ltr'><strong>Rem</strong></span> <span class='ocrx_word' id='word_1_215' title='bbox 2289 2792 2363 2835; x_wconf 81' lang='lat' dir='ltr'><strong>ita</strong></span> <span class='ocrx_word' id='word_1_216' title='bbox 2384 2799 2564 2837; x_wconf 82' lang='lat' dir='ltr'><strong>narrat</strong></span> <span class='ocrx_word' id='word_1_217' title='bbox 2580 2799 2757 2837; x_wconf 87' lang='lat' dir='ltr'><strong>noster</strong></span> <span class='ocrx_word' id='word_1_218' title='bbox 2772 2791 2999 2836; x_wconf 64' lang='lat' dir='ltr'><strong>Nizana·</strong></span> 
     </span>
     <span class='ocr_line' id='line_1_26' title="bbox 532 2862 2999 2922; baseline 0.001 -17"><span class='ocrx_word' id='word_1_219' title='bbox 532 2874 680 2907; x_wconf 72' lang='lat' dir='ltr'><strong>nsua:</strong></span> <span class='ocrx_word' id='word_1_220' title='bbox 703 2863 858 2907; x_wconf 83' lang='lat' dir='ltr'><strong>“Este</strong></span> <span class='ocrx_word' id='word_1_221' title='bbox 876 2863 1043 2907; x_wconf 85' lang='lat' dir='ltr'><strong>Padre</strong></span> <span class='ocrx_word' id='word_1_222' title='bbox 1058 2862 1302 2916; x_wconf 88' lang='lat' dir='ltr'><strong>(Joannes</strong></span> <span class='ocrx_word' id='word_1_223' title='bbox 1319 2864 1379 2907; x_wconf 87' lang='lat' dir='ltr'><strong>de</strong></span> <span class='ocrx_word' id='word_1_224' title='bbox 1398 2864 1683 2922; x_wconf 81' lang='lat' dir='ltr'><strong>Verdolay)</strong></span> <span class='ocrx_word' id='word_1_225' title='bbox 1699 2864 1877 2907; x_wconf 89' lang='lat' dir='ltr'><strong>siendo</strong></span> <span class='ocrx_word' id='word_1_226' title='bbox 1895 2863 2176 2907; x_wconf 86' lang='lat' dir='ltr'><strong>Sacerdote</strong></span> <span class='ocrx_word' id='word_1_227' title='bbox 2192 2866 2384 2919; x_wconf 76' lang='lat' dir='ltr'><strong>seglar.</strong></span> <span class='ocrx_word' id='word_1_228' title='bbox 2403 2864 2487 2908; x_wconf 75' lang='lat' dir='ltr'><strong>fue</strong></span> <span class='ocrx_word' id='word_1_229' title='bbox 2507 2874 2575 2908; x_wconf 86' lang='lat' dir='ltr'><strong>un</strong></span> <span class='ocrx_word' id='word_1_230' title='bbox 2591 2875 2758 2908; x_wconf 86' lang='lat' dir='ltr'><strong>varon</strong></span> <span class='ocrx_word' id='word_1_231' title='bbox 2779 2865 2999 2919; x_wconf 75' lang='lat' dir='ltr'><strong>Aposto-</strong></span> 
     </span>
     <span class='ocr_line' id='line_1_27' title="bbox 527 2934 2997 2993; baseline 0.001 -16"><span class='ocrx_word' id='word_1_232' title='bbox 527 2936 627 2979; x_wconf 78' lang='lat' dir='ltr'><strong>lico</strong></span> <span class='ocrx_word' id='word_1_233' title='bbox 647 2948 682 2991; x_wconf 87' lang='lat' dir='ltr'>y</span> <span class='ocrx_word' id='word_1_234' title='bbox 702 2936 911 2989; x_wconf 83' lang='lat' dir='ltr'><strong>predico</strong></span> <span class='ocrx_word' id='word_1_235' title='bbox 931 2947 1025 2989; x_wconf 85' lang='lat' dir='ltr'><strong>por</strong></span> <span class='ocrx_word' id='word_1_236' title='bbox 1046 2938 1123 2980; x_wconf 88' lang='lat' dir='ltr'><strong>ios</strong></span> <span class='ocrx_word' id='word_1_237' title='bbox 1145 2936 1334 2980; x_wconf 86' lang='lat' dir='ltr'><strong>Reinos</strong></span> <span class='ocrx_word' id='word_1_238' title='bbox 1354 2936 1416 2979; x_wconf 90' lang='lat' dir='ltr'><strong>de</strong></span> <span class='ocrx_word' id='word_1_239' title='bbox 1438 2936 1680 2990; x_wconf 77' lang='lat' dir='ltr'><strong>Aragon,</strong></span> <span class='ocrx_word' id='word_1_240' title='bbox 1705 2936 1988 2989; x_wconf 80' lang='lat' dir='ltr'><strong>valencia,</strong></span> <span class='ocrx_word' id='word_1_241' title='bbox 2012 2948 2043 2989; x_wconf 86' lang='lat' dir='ltr'>y</span> <span class='ocrx_word' id='word_1_242' title='bbox 2066 2934 2327 2979; x_wconf 82' lang='lat' dir='ltr'><strong>Cataiuiia</strong></span> <span class='ocrx_word' id='word_1_243' title='bbox 2360 2946 2458 2980; x_wconf 90' lang='lat' dir='ltr'><strong>con</strong></span> <span class='ocrx_word' id='word_1_244' title='bbox 2486 2947 2620 2990; x_wconf 77' lang='lat' dir='ltr'><strong>gran</strong></span> <span class='ocrx_word' id='word_1_245' title='bbox 2641 2936 2780 2979; x_wconf 82' lang='lat' dir='ltr'><strong>fama</strong></span> <span class='ocrx_word' id='word_1_246' title='bbox 2798 2949 2835 2993; x_wconf 85' lang='lat' dir='ltr'>y</span> <span class='ocrx_word' id='word_1_247' title='bbox 2856 2937 2997 2981; x_wconf 78' lang='lat' dir='ltr'><strong>fruto</strong></span> 
     </span>
     <span class='ocr_line' id='line_1_28' title="bbox 523 3006 3000 3063; baseline 0.001 -14"><span class='ocrx_word' id='word_1_248' title='bbox 523 3018 594 3050; x_wconf 81' lang='lat' dir='ltr'><strong>en</strong></span> <span class='ocrx_word' id='word_1_249' title='bbox 614 3006 766 3050; x_wconf 81' lang='lat' dir='ltr'><strong>todas</strong></span> <span class='ocrx_word' id='word_1_250' title='bbox 792 3015 986 3060; x_wconf 76' lang='lat' dir='ltr'><strong>partes.</strong></span> <span class='ocrx_word' id='word_1_251' title='bbox 1009 3006 1229 3051; x_wconf 80' lang='lat' dir='ltr'><strong>Merecio</strong></span> <span class='ocrx_word' id='word_1_252' title='bbox 1249 3020 1308 3051; x_wconf 83' lang='lat' dir='ltr'><strong>su</strong></span> <span class='ocrx_word' id='word_1_253' title='bbox 1329 3009 1439 3051; x_wconf 83' lang='lat' dir='ltr'><strong>zelo</strong></span> <span class='ocrx_word' id='word_1_254' title='bbox 1463 3018 1560 3061; x_wconf 88' lang='lat' dir='ltr'><strong>que</strong></span> <span class='ocrx_word' id='word_1_255' title='bbox 1583 3008 1688 3051; x_wconf 82' lang='lat' dir='ltr'><strong>San</strong></span> <span class='ocrx_word' id='word_1_256' title='bbox 1711 3007 1922 3062; x_wconf 77' lang='lat' dir='ltr'><strong>Ignacio</strong></span> <span class='ocrx_word' id='word_1_257' title='bbox 1954 3008 2001 3050; x_wconf 89' lang='lat' dir='ltr'><strong>ie</strong></span> <span class='ocrx_word' id='word_1_258' title='bbox 2022 3007 2329 3051; x_wconf 82' lang='lat' dir='ltr'><strong>escriviesse</strong></span> <span class='ocrx_word' id='word_1_259' title='bbox 2360 3021 2395 3063; x_wconf 84' lang='lat' dir='ltr'><strong>y</strong></span> <span class='ocrx_word' id='word_1_260' title='bbox 2418 3018 2619 3062; x_wconf 72' lang='lat' dir='ltr'><strong>auoque</strong></span> <span class='ocrx_word' id='word_1_261' title='bbox 2640 3018 2695 3051; x_wconf 87' lang='lat' dir='ltr'><strong>se</strong></span> <span class='ocrx_word' id='word_1_262' title='bbox 2716 3010 2896 3061; x_wconf 68' lang='lat' dir='ltr'><strong>alem-6</strong></span> <span class='ocrx_word' id='word_1_263' title='bbox 2916 3020 3000 3051; x_wconf 82' lang='lat' dir='ltr'><strong>su-</strong></span> 
     </span>
     <span class='ocr_line' id='line_1_29' title="bbox 527 3079 2993 3133; baseline -0 -10"><span class='ocrx_word' id='word_1_264' title='bbox 527 3084 786 3123; x_wconf 85' lang='lat' dir='ltr'><strong>mamente</strong></span> <span class='ocrx_word' id='word_1_265' title='bbox 805 3089 901 3122; x_wconf 91' lang='lat' dir='ltr'><strong>con</strong></span> <span class='ocrx_word' id='word_1_266' title='bbox 921 3090 980 3123; x_wconf 89' lang='lat' dir='ltr'><strong>su</strong></span> <span class='ocrx_word' id='word_1_267' title='bbox 1000 3087 1152 3123; x_wconf 77' lang='lat' dir='ltr'><strong>carta</strong></span> <span class='ocrx_word' id='word_1_268' title='bbox 1167 3112 1177 3129; x_wconf 89' lang='lat'>.</span> <span class='ocrx_word' id='word_1_269' title='bbox 1199 3090 1262 3123; x_wconf 88' lang='lat' dir='ltr'><strong>no</strong></span> <span class='ocrx_word' id='word_1_270' title='bbox 1287 3084 1434 3123; x_wconf 83' lang='lat' dir='ltr'><strong>entro</strong></span> <span class='ocrx_word' id='word_1_271' title='bbox 1465 3090 1528 3123; x_wconf 88' lang='lat' dir='ltr'><strong>en</strong></span> <span class='ocrx_word' id='word_1_272' title='bbox 1562 3081 1613 3123; x_wconf 85' lang='lat' dir='ltr'><strong>la</strong></span> <span class='ocrx_word' id='word_1_273' title='bbox 1635 3079 1919 3133; x_wconf 75' lang='lat' dir='ltr'><strong>compania</strong></span> <span class='ocrx_word' id='word_1_274' title='bbox 1940 3080 2097 3124; x_wconf 86' lang='lat' dir='ltr'><strong>hasta</strong></span> <span class='ocrx_word' id='word_1_275' title='bbox 2119 3079 2337 3133; x_wconf 86' lang='lat' dir='ltr'><strong>despues</strong></span> <span class='ocrx_word' id='word_1_276' title='bbox 2357 3080 2419 3124; x_wconf 85' lang='lat' dir='ltr'><strong>de</strong></span> <span class='ocrx_word' id='word_1_277' title='bbox 2448 3091 2507 3123; x_wconf 86' lang='lat' dir='ltr'><strong>su</strong></span> <span class='ocrx_word' id='word_1_278' title='bbox 2540 3086 2755 3123; x_wconf 84' lang='lat' dir='ltr'><strong>muerte.</strong></span> <span class='ocrx_word' id='word_1_279' title='bbox 2778 3079 2993 3133; x_wconf 85' lang='lat' dir='ltr'><strong>Quando</strong></span> 
     </span>
     <span class='ocr_line' id='line_1_30' title="bbox 523 3150 2999 3205; baseline 0 -13"><span class='ocrx_word' id='word_1_280' title='bbox 523 3154 676 3193; x_wconf 78' lang='lat' dir='ltr'><strong>entro</strong></span> <span class='ocrx_word' id='word_1_281' title='bbox 696 3150 896 3193; x_wconf 77' lang='lat' dir='ltr'><strong>admito</strong></span> <span class='ocrx_word' id='word_1_282' title='bbox 918 3150 1102 3194; x_wconf 82' lang='lat' dir='ltr'><strong>mucho</strong></span> <span class='ocrx_word' id='word_1_283' title='bbox 1124 3153 1156 3193; x_wconf 71' lang='lat' dir='ltr'><strong>a</strong></span> <span class='ocrx_word' id='word_1_284' title='bbox 1185 3153 1262 3194; x_wconf 86' lang='lat' dir='ltr'><strong>los</strong></span> <span class='ocrx_word' id='word_1_285' title='bbox 1283 3152 1516 3205; x_wconf 72' lang='lat' dir='ltr'><strong>seg-iares</strong></span> <span class='ocrx_word' id='word_1_286' title='bbox 1531 3184 1541 3204; x_wconf 90' lang='lat'><strong>‚</strong></span> <span class='ocrx_word' id='word_1_287' title='bbox 1564 3151 1823 3194; x_wconf 90' lang='lat' dir='ltr'><strong>diciendo:</strong></span> <span class='ocrx_word' id='word_1_288' title='bbox 1848 3150 1993 3194; x_wconf 80' lang='lat' dir='ltr'><strong>Gran</strong></span> <span class='ocrx_word' id='word_1_289' title='bbox 2015 3162 2137 3195; x_wconf 81' lang='lat' dir='ltr'><strong>cosa</strong></span> <span class='ocrx_word' id='word_1_290' title='bbox 2159 3151 2288 3194; x_wconf 76' lang='lat' dir='ltr'><strong>deve</strong></span> <span class='ocrx_word' id='word_1_291' title='bbox 2310 3162 2395 3194; x_wconf 88' lang='lat' dir='ltr'><strong>ser</strong></span> <span class='ocrx_word' id='word_1_292' title='bbox 2418 3159 2533 3194; x_wconf 85' lang='lat' dir='ltr'><strong>esta</strong></span> <span class='ocrx_word' id='word_1_293' title='bbox 2550 3162 2719 3195; x_wconf 83' lang='lat' dir='ltr'><strong>nueva</strong></span> <span class='ocrx_word' id='word_1_294' title='bbox 2742 3150 2999 3204; x_wconf 80' lang='lat' dir='ltr'><strong>Religion,</strong></span> 
     </span>
     <span class='ocr_line' id='line_1_31' title="bbox 526 3222 2998 3279; baseline 0 -14"><span class='ocrx_word' id='word_1_295' title='bbox 526 3232 654 3274; x_wconf 83' lang='lat' dir='ltr'><strong>pnes</strong></span> <span class='ocrx_word' id='word_1_296' title='bbox 673 3232 742 3265; x_wconf 87' lang='lat' dir='ltr'><strong>un</strong></span> <span class='ocrx_word' id='word_1_297' title='bbox 761 3222 973 3266; x_wconf 86' lang='lat' dir='ltr'><strong>hombre</strong></span> <span class='ocrx_word' id='word_1_298' title='bbox 995 3222 1058 3267; x_wconf 86' lang='lat' dir='ltr'><strong>de</strong></span> <span class='ocrx_word' id='word_1_299' title='bbox 1080 3228 1231 3266; x_wconf 84' lang='lat' dir='ltr'><strong>tanta</strong></span> <span class='ocrx_word' id='word_1_300' title='bbox 1252 3222 1496 3266; x_wconf 79' lang='lat' dir='ltr'><strong>santidad</strong></span> <span class='ocrx_word' id='word_1_301' title='bbox 1515 3235 1552 3279; x_wconf 85' lang='lat' dir='ltr'>y</span> <span class='ocrx_word' id='word_1_302' title='bbox 1571 3223 1854 3278; x_wconf 84' lang='lat' dir='ltr'><strong>prudencia</strong></span> <span class='ocrx_word' id='word_1_303' title='bbox 1874 3234 1930 3266; x_wconf 85' lang='lat' dir='ltr'><strong>se</strong></span> <span class='ocrx_word' id='word_1_304' title='bbox 1964 3223 2034 3265; x_wconf 84' lang='lat' dir='ltr'><strong>ha</strong></span> <span class='ocrx_word' id='word_1_305' title='bbox 2068 3223 2287 3266; x_wconf 84' lang='lat' dir='ltr'><strong>entrado</strong></span> <span class='ocrx_word' id='word_1_306' title='bbox 2309 3234 2371 3265; x_wconf 89' lang='lat' dir='ltr'><strong>en</strong></span> <span class='ocrx_word' id='word_1_307' title='bbox 2402 3224 2521 3265; x_wconf 81' lang='lat' dir='ltr'><strong>eila.</strong></span> <span class='ocrx_word' id='word_1_308' title='bbox 2544 3222 2649 3267; x_wconf 89' lang='lat' dir='ltr'><strong>Los</strong></span> <span class='ocrx_word' id='word_1_309' title='bbox 2669 3223 2731 3266; x_wconf 89' lang='lat' dir='ltr'><strong>de</strong></span> <span class='ocrx_word' id='word_1_310' title='bbox 2766 3233 2893 3267; x_wconf 81' lang='lat' dir='ltr'><strong>casa</strong></span> <span class='ocrx_word' id='word_1_311' title='bbox 2912 3222 2998 3265; x_wconf 91' lang='lat' dir='ltr'><strong>de·</strong></span> 
     </span>
     <span class='ocr_line' id='line_1_32' title="bbox 522 3292 2993 3350; baseline 0 -15"><span class='ocrx_word' id='word_1_312' title='bbox 522 3292 641 3336; x_wconf 54' lang='lat' dir='ltr'><strong>&gt;zian</strong></span> <span class='ocrx_word' id='word_1_313' title='bbox 655 3324 666 3345; x_wconf 85' lang='lat'><strong>,</strong></span> <span class='ocrx_word' id='word_1_314' title='bbox 689 3304 786 3347; x_wconf 82' lang='lat' dir='ltr'><strong>que</strong></span> <span class='ocrx_word' id='word_1_315' title='bbox 811 3293 936 3337; x_wconf 88' lang='lat' dir='ltr'><strong>Dios</strong></span> <span class='ocrx_word' id='word_1_316' title='bbox 957 3295 1004 3337; x_wconf 90' lang='lat' dir='ltr'><strong>le</strong></span> <span class='ocrx_word' id='word_1_317' title='bbox 1025 3294 1150 3339; x_wconf 75' lang='lat' dir='ltr'><strong>avia</strong></span> <span class='ocrx_word' id='word_1_318' title='bbox 1171 3294 1342 3338; x_wconf 83' lang='lat' dir='ltr'><strong>traido</strong></span> <span class='ocrx_word' id='word_1_319' title='bbox 1365 3295 1584 3346; x_wconf 77' lang='lat' dir='ltr'><strong>despues</strong></span> <span class='ocrx_word' id='word_1_320' title='bbox 1606 3294 1667 3337; x_wconf 88' lang='lat' dir='ltr'><strong>de</strong></span> <span class='ocrx_word' id='word_1_321' title='bbox 1689 3302 1891 3338; x_wconf 85' lang='lat' dir='ltr'><strong>muerto</strong></span> <span class='ocrx_word' id='word_1_322' title='bbox 1912 3293 2017 3338; x_wconf 86' lang='lat' dir='ltr'><strong>San</strong></span> <span class='ocrx_word' id='word_1_323' title='bbox 2038 3294 2251 3348; x_wconf 77' lang='lat' dir='ltr'><strong>Ignacio</strong></span> <span class='ocrx_word' id='word_1_324' title='bbox 2268 3306 2303 3350; x_wconf 82' lang='lat' dir='ltr'>y</span> <span class='ocrx_word' id='word_1_325' title='bbox 2323 3300 2467 3337; x_wconf 86' lang='lat' dir='ltr'><strong>otros</strong></span> <span class='ocrx_word' id='word_1_326' title='bbox 2490 3304 2711 3339; x_wconf 87' lang='lat' dir='ltr'><strong>varones</strong></span> <span class='ocrx_word' id='word_1_327' title='bbox 2730 3300 2910 3337; x_wconf 87' lang='lat' dir='ltr'><strong>santos</strong></span> <span class='ocrx_word' id='word_1_328' title='bbox 2932 3294 2993 3336; x_wconf 92' lang='lat' dir='ltr'><strong>de</strong></span> 
     </span>
     <span class='ocr_line' id='line_1_33' title="bbox 530 3363 3000 3419; baseline 0 -12"><span class='ocrx_word' id='word_1_329' title='bbox 530 3366 578 3407; x_wconf 83' lang='lat' dir='ltr'><strong>ia</strong></span> <span class='ocrx_word' id='word_1_330' title='bbox 600 3363 884 3418; x_wconf 79' lang='lat' dir='ltr'><strong>Compailia</strong></span> <span class='ocrx_word' id='word_1_331' title='bbox 900 3398 910 3414; x_wconf 85' lang='lat'><em>.</em></span> <span class='ocrx_word' id='word_1_332' title='bbox 929 3375 1061 3419; x_wconf 87' lang='lat' dir='ltr'><strong>para</strong></span> <span class='ocrx_word' id='word_1_333' title='bbox 1082 3375 1244 3419; x_wconf 88' lang='lat' dir='ltr'><strong>poner</strong></span> <span class='ocrx_word' id='word_1_334' title='bbox 1264 3376 1324 3409; x_wconf 89' lang='lat' dir='ltr'><strong>en</strong></span> <span class='ocrx_word' id='word_1_335' title='bbox 1345 3368 1446 3409; x_wconf 80' lang='lat' dir='ltr'><strong>elia</strong></span> <span class='ocrx_word' id='word_1_336' title='bbox 1469 3377 1668 3409; x_wconf 84' lang='lat' dir='ltr'><strong>nuevas</strong></span> <span class='ocrx_word' id='word_1_337' title='bbox 1689 3368 1926 3415; x_wconf 81' lang='lat' dir='ltr'><strong>coinnas.</strong></span> <span class='ocrx_word' id='word_1_338' title='bbox 1949 3378 2011 3407; x_wconf 90' lang='lat' dir='ltr'><strong>en</strong></span> <span class='ocrx_word' id='word_1_339' title='bbox 2034 3368 2186 3419; x_wconf 80' lang='lat' dir='ltr'><strong>lugat</strong></span> <span class='ocrx_word' id='word_1_340' title='bbox 2206 3366 2267 3408; x_wconf 90' lang='lat' dir='ltr'><strong>de</strong></span> <span class='ocrx_word' id='word_1_341' title='bbox 2290 3366 2369 3409; x_wconf 84' lang='lat' dir='ltr'><strong>las</strong></span> <span class='ocrx_word' id='word_1_342' title='bbox 2399 3377 2496 3419; x_wconf 90' lang='lat' dir='ltr'><strong>que</strong></span> <span class='ocrx_word' id='word_1_343' title='bbox 2518 3366 2569 3409; x_wconf 90' lang='lat' dir='ltr'><strong>ia</strong></span> <span class='ocrx_word' id='word_1_344' title='bbox 2603 3365 2761 3409; x_wconf 81' lang='lat' dir='ltr'><strong>avian</strong></span> <span class='ocrx_word' id='word_1_345' title='bbox 2783 3364 3000 3409; x_wconf 78' lang='lat' dir='ltr'><strong>faltado.</strong></span> 
     </span>
     <span class='ocr_line' id='line_1_34' title="bbox 534 3436 3003 3491; baseline 0 -13"><span class='ocrx_word' id='word_1_346' title='bbox 534 3438 593 3479; x_wconf 62' lang='lat'><strong>¹11</strong></span> <span class='ocrx_word' id='word_1_347' title='bbox 613 3437 795 3479; x_wconf 89' lang='lat' dir='ltr'><strong>mismo</strong></span> <span class='ocrx_word' id='word_1_348' title='bbox 821 3436 982 3480; x_wconf 81' lang='lat' dir='ltr'><strong>Padre</strong></span> <span class='ocrx_word' id='word_1_349' title='bbox 999 3436 1284 3481; x_wconf 88' lang='lat' dir='ltr'><strong>Verdolaio</strong></span> <span class='ocrx_word' id='word_1_350' title='bbox 1304 3446 1494 3481; x_wconf 80' lang='lat' dir='ltr'><strong>estava</strong></span> <span class='ocrx_word' id='word_1_351' title='bbox 1515 3444 1603 3481; x_wconf 85' lang='lat' dir='ltr'><strong>tan</strong></span> <span class='ocrx_word' id='word_1_352' title='bbox 1623 3448 1832 3491; x_wconf 76' lang='lat' dir='ltr'><strong>gozoso,</strong></span> <span class='ocrx_word' id='word_1_353' title='bbox 1849 3448 1947 3491; x_wconf 87' lang='lat' dir='ltr'><strong>que</strong></span> <span class='ocrx_word' id='word_1_354' title='bbox 1970 3448 2172 3491; x_wconf 84' lang='lat' dir='ltr'><strong>aunque</strong></span> <span class='ocrx_word' id='word_1_355' title='bbox 2193 3438 2381 3481; x_wconf 74' lang='lat' dir='ltr'><strong>anadio</strong></span> <span class='ocrx_word' id='word_1_356' title='bbox 2404 3448 2600 3481; x_wconf 83' lang='lat' dir='ltr'><strong>nuevos</strong></span> <span class='ocrx_word' id='word_1_357' title='bbox 2619 3436 2855 3491; x_wconf 77' lang='lat' dir='ltr'><strong>trabajos</strong></span> <span class='ocrx_word' id='word_1_358' title='bbox 2876 3440 2907 3479; x_wconf 74' lang='lat' dir='ltr'><strong>a</strong></span> <span class='ocrx_word' id='word_1_359' title='bbox 2926 3437 3003 3479; x_wconf 87' lang='lat' dir='ltr'><strong>ios</strong></span> 
     </span>
     <span class='ocr_line' id='line_1_35' title="bbox 526 3508 3002 3572; baseline 0 -22"><span class='ocrx_word' id='word_1_360' title='bbox 526 3508 780 3560; x_wconf 80' lang='lat' dir='ltr'><strong>passados</strong></span> <span class='ocrx_word' id='word_1_361' title='bbox 795 3540 806 3559; x_wconf 85' lang='lat'><strong>‚</strong></span> <span class='ocrx_word' id='word_1_362' title='bbox 827 3508 998 3561; x_wconf 86' lang='lat' dir='ltr'><strong>dezia,</strong></span> <span class='ocrx_word' id='word_1_363' title='bbox 1020 3520 1117 3563; x_wconf 87' lang='lat' dir='ltr'><strong>que</strong></span> <span class='ocrx_word' id='word_1_364' title='bbox 1151 3508 1277 3552; x_wconf 84' lang='lat' dir='ltr'><strong>Dios</strong></span> <span class='ocrx_word' id='word_1_365' title='bbox 1297 3520 1352 3553; x_wconf 87' lang='lat' dir='ltr'><strong>se</strong></span> <span class='ocrx_word' id='word_1_366' title='bbox 1386 3511 1463 3552; x_wconf 84' lang='lat' dir='ltr'><strong>los</strong></span> <span class='ocrx_word' id='word_1_367' title='bbox 1483 3510 1608 3553; x_wconf 73' lang='lat' dir='ltr'><strong>avia</strong></span> <span class='ocrx_word' id='word_1_368' title='bbox 1628 3510 1834 3565; x_wconf 77' lang='lat' dir='ltr'><strong>pagado</strong></span> <span class='ocrx_word' id='word_1_369' title='bbox 1855 3508 2033 3561; x_wconf 86' lang='lat' dir='ltr'><strong>todos,</strong></span> <span class='ocrx_word' id='word_1_370' title='bbox 2057 3508 2279 3552; x_wconf 78' lang='lat' dir='ltr'><strong>dandule</strong></span> <span class='ocrx_word' id='word_1_371' title='bbox 2308 3519 2373 3551; x_wconf 86' lang='lat' dir='ltr'><strong>en</strong></span> <span class='ocrx_word' id='word_1_372' title='bbox 2392 3512 2441 3572; x_wconf 68' lang='lat' dir='ltr'><strong>el</strong></span> <span class='ocrx_word' id='word_1_373' title='bbox 2460 3510 2643 3552; x_wconf 78' lang='lat' dir='ltr'><strong>ultimo</strong></span> <span class='ocrx_word' id='word_1_374' title='bbox 2666 3510 2829 3552; x_wconf 88' lang='lat' dir='ltr'><strong>tercio</strong></span> <span class='ocrx_word' id='word_1_375' title='bbox 2850 3508 2912 3551; x_wconf 88' lang='lat' dir='ltr'><strong>de</strong></span> <span class='ocrx_word' id='word_1_376' title='bbox 2942 3520 3002 3551; x_wconf 84' lang='lat' dir='ltr'><strong>sn</strong></span> 
     </span>
     <span class='ocr_line' id='line_1_36' title="bbox 531 3579 3004 3643; baseline 0.002 -24"><span class='ocrx_word' id='word_1_377' title='bbox 531 3579 654 3623; x_wconf 83' lang='lat' dir='ltr'><strong>vida</strong></span> <span class='ocrx_word' id='word_1_378' title='bbox 676 3581 829 3643; x_wconf 74' lang='lat' dir='ltr'><strong>aquei</strong></span> <span class='ocrx_word' id='word_1_379' title='bbox 850 3580 1032 3623; x_wconf 83' lang='lat' dir='ltr'><strong>estado</strong></span> <span class='ocrx_word' id='word_1_380' title='bbox 1055 3587 1144 3623; x_wconf 86' lang='lat' dir='ltr'><strong>tan</strong></span> <span class='ocrx_word' id='word_1_381' title='bbox 1167 3581 1395 3625; x_wconf 83' lang='lat' dir='ltr'><strong>dichoso.</strong></span> <span class='ocrx_word' id='word_1_382' title='bbox 1417 3580 1550 3624; x_wconf 89' lang='lat' dir='ltr'><strong>Pero</strong></span> <span class='ocrx_word' id='word_1_383' title='bbox 1571 3581 1897 3635; x_wconf 86' lang='lat' dir='ltr'><strong>envejeciose</strong></span> <span class='ocrx_word' id='word_1_384' title='bbox 1919 3590 2095 3635; x_wconf 85' lang='lat' dir='ltr'><strong>presto</strong></span> <span class='ocrx_word' id='word_1_385' title='bbox 2112 3582 2159 3624; x_wconf 87' lang='lat' dir='ltr'><strong>el</strong></span> <span class='ocrx_word' id='word_1_386' title='bbox 2179 3582 2313 3624; x_wconf 88' lang='lat' dir='ltr'><strong>buen</strong></span> <span class='ocrx_word' id='word_1_387' title='bbox 2336 3580 2520 3628; x_wconf 83' lang='lat' dir='ltr'><strong>Padre.</strong></span> <span class='ocrx_word' id='word_1_388' title='bbox 2538 3580 2845 3633; x_wconf 76' lang='lat' dir='ltr'><strong>cargaronle</strong></span> <span class='ocrx_word' id='word_1_389' title='bbox 2860 3580 3004 3633; x_wconf 76' lang='lat' dir='ltr'><strong>algn-</strong></span> 
     </span>
     <span class='ocr_line' id='line_1_37' title="bbox 531 3651 3003 3707; baseline 0.001 -14"><span class='ocrx_word' id='word_1_390' title='bbox 531 3660 624 3695; x_wconf 88' lang='lat' dir='ltr'><strong>nos</strong></span> <span class='ocrx_word' id='word_1_391' title='bbox 654 3652 982 3705; x_wconf 79' lang='lat' dir='ltr'><strong>escrupnlos,</strong></span> <span class='ocrx_word' id='word_1_392' title='bbox 1003 3652 1368 3705; x_wconf 79' lang='lat' dir='ltr'><strong>pareciendole</strong></span> <span class='ocrx_word' id='word_1_393' title='bbox 1398 3664 1496 3707; x_wconf 86' lang='lat' dir='ltr'><strong>que</strong></span> <span class='ocrx_word' id='word_1_394' title='bbox 1527 3663 1618 3695; x_wconf 86' lang='lat' dir='ltr'><strong>era</strong></span> <span class='ocrx_word' id='word_1_395' title='bbox 1647 3653 2044 3697; x_wconf 73' lang='lat' dir='ltr'><strong>destruimiento</strong></span> <span class='ocrx_word' id='word_1_396' title='bbox 2074 3654 2123 3695; x_wconf 88' lang='lat' dir='ltr'><strong>el</strong></span> <span class='ocrx_word' id='word_1_397' title='bbox 2156 3652 2339 3697; x_wconf 82' lang='lat' dir='ltr'><strong>cuidar</strong></span> <span class='ocrx_word' id='word_1_398' title='bbox 2358 3651 2421 3695; x_wconf 90' lang='lat' dir='ltr'><strong>de</strong></span> <span class='ocrx_word' id='word_1_399' title='bbox 2453 3654 2531 3696; x_wconf 76' lang='lat' dir='ltr'><strong>los</strong></span> <span class='ocrx_word' id='word_1_400' title='bbox 2562 3652 2852 3705; x_wconf 81' lang='lat' dir='ltr'><strong>proximos,</strong></span> <span class='ocrx_word' id='word_1_401' title='bbox 2873 3661 3003 3706; x_wconf 82' lang='lat' dir='ltr'><strong>para</strong></span> 
     </span>
     <span class='ocr_line' id='line_1_38' title="bbox 532 3723 3003 3781; baseline -0 -15"><span class='ocrx_word' id='word_1_402' title='bbox 532 3734 692 3777; x_wconf 81' lang='lat' dir='ltr'><strong>gozar</strong></span> <span class='ocrx_word' id='word_1_403' title='bbox 710 3723 772 3766; x_wconf 89' lang='lat' dir='ltr'><strong>de</strong></span> <span class='ocrx_word' id='word_1_404' title='bbox 793 3734 896 3767; x_wconf 83' lang='lat' dir='ltr'><strong>una</strong></span> <span class='ocrx_word' id='word_1_405' title='bbox 915 3726 1326 3779; x_wconf 82' lang='lat' dir='ltr'><strong>contemplacion</strong></span> <span class='ocrx_word' id='word_1_406' title='bbox 1345 3736 1466 3778; x_wconf 81' lang='lat' dir='ltr'><strong>muy</strong></span> <span class='ocrx_word' id='word_1_407' title='bbox 1487 3726 1680 3779; x_wconf 84' lang='lat' dir='ltr'><strong>quieta.</strong></span> <span class='ocrx_word' id='word_1_408' title='bbox 1697 3738 1731 3781; x_wconf 74' lang='lat' dir='ltr'><strong>y</strong></span> <span class='ocrx_word' id='word_1_409' title='bbox 1749 3724 1853 3768; x_wconf 83' lang='lat' dir='ltr'><strong>assi</strong></span> <span class='ocrx_word' id='word_1_410' title='bbox 1867 3723 2155 3767; x_wconf 83' lang='lat' dir='ltr'><strong>determino</strong></span> <span class='ocrx_word' id='word_1_411' title='bbox 2179 3725 2366 3767; x_wconf 86' lang='lat' dir='ltr'><strong>buscar</strong></span> <span class='ocrx_word' id='word_1_412' title='bbox 2386 3734 2569 3777; x_wconf 80' lang='lat' dir='ltr'><strong>mayor</strong></span> <span class='ocrx_word' id='word_1_413' title='bbox 2588 3724 2841 3767; x_wconf 82' lang='lat' dir='ltr'><strong>descanso</strong></span> <span class='ocrx_word' id='word_1_414' title='bbox 2861 3723 2923 3766; x_wconf 89' lang='lat' dir='ltr'><strong>de</strong></span> <span class='ocrx_word' id='word_1_415' title='bbox 2944 3732 3003 3765; x_wconf 84' lang='lat' dir='ltr'><strong>su</strong></span> 
     </span>
     <span class='ocr_line' id='line_1_39' title="bbox 531 3794 3003 3851; baseline 0 -14"><span class='ocrx_word' id='word_1_416' title='bbox 531 3796 750 3848; x_wconf 78' lang='lat' dir='ltr'><strong>espiritu</strong></span> <span class='ocrx_word' id='word_1_417' title='bbox 771 3806 833 3838; x_wconf 84' lang='lat' dir='ltr'><strong>en</strong></span> <span class='ocrx_word' id='word_1_418' title='bbox 867 3801 987 3839; x_wconf 84' lang='lat' dir='ltr'><strong>otra</strong></span> <span class='ocrx_word' id='word_1_419' title='bbox 1019 3806 1193 3851; x_wconf 86' lang='lat' dir='ltr'><strong>parte,</strong></span> <span class='ocrx_word' id='word_1_420' title='bbox 1228 3809 1324 3851; x_wconf 89' lang='lat' dir='ltr'><strong>que</strong></span> <span class='ocrx_word' id='word_1_421' title='bbox 1345 3808 1410 3840; x_wconf 88' lang='lat' dir='ltr'><strong>en</strong></span> <span class='ocrx_word' id='word_1_422' title='bbox 1437 3799 1488 3840; x_wconf 85' lang='lat' dir='ltr'><strong>ia</strong></span> <span class='ocrx_word' id='word_1_423' title='bbox 1508 3808 1603 3851; x_wconf 89' lang='lat' dir='ltr'><strong>que</strong></span> <span class='ocrx_word' id='word_1_424' title='bbox 1626 3799 1676 3841; x_wconf 78' lang='lat' dir='ltr'><strong>el</strong></span> <span class='ocrx_word' id='word_1_425' title='bbox 1707 3798 1890 3841; x_wconf 86' lang='lat' dir='ltr'><strong>mismo</strong></span> <span class='ocrx_word' id='word_1_426' title='bbox 1913 3796 2036 3840; x_wconf 79' lang='lat' dir='ltr'><strong>avia</strong></span> <span class='ocrx_word' id='word_1_427' title='bbox 2057 3794 2357 3839; x_wconf 84' lang='lat' dir='ltr'><strong>confessado</strong></span> <span class='ocrx_word' id='word_1_428' title='bbox 2378 3796 2424 3839; x_wconf 89' lang='lat' dir='ltr'><strong>le</strong></span> <span class='ocrx_word' id='word_1_429' title='bbox 2450 3796 2572 3840; x_wconf 81' lang='lat' dir='ltr'><strong>avia</strong></span> <span class='ocrx_word' id='word_1_430' title='bbox 2592 3795 2803 3839; x_wconf 81' lang='lat' dir='ltr'><strong>hallado</strong></span> <span class='ocrx_word' id='word_1_431' title='bbox 2837 3805 3003 3849; x_wconf 79' lang='lat' dir='ltr'><strong>sumo,</strong></span> 
     </span>
     <span class='ocr_line' id='line_1_40' title="bbox 533 3866 2576 3923; baseline 0.001 -16"><span class='ocrx_word' id='word_1_432' title='bbox 533 3866 692 3909; x_wconf 77' lang='lat' dir='ltr'><strong>busco</strong></span> <span class='ocrx_word' id='word_1_433' title='bbox 715 3876 826 3909; x_wconf 83' lang='lat' dir='ltr'><strong>mas</strong></span> <span class='ocrx_word' id='word_1_434' title='bbox 849 3878 945 3920; x_wconf 80' lang='lat' dir='ltr'><strong>que</strong></span> <span class='ocrx_word' id='word_1_435' title='bbox 968 3869 1017 3910; x_wconf 92' lang='lat' dir='ltr'><strong>lo</strong></span> <span class='ocrx_word' id='word_1_436' title='bbox 1037 3878 1182 3911; x_wconf 86' lang='lat' dir='ltr'><strong>sumo</strong></span> <span class='ocrx_word' id='word_1_437' title='bbox 1205 3880 1268 3911; x_wconf 87' lang='lat' dir='ltr'><strong>en</strong></span> <span class='ocrx_word' id='word_1_438' title='bbox 1287 3868 1340 3911; x_wconf 82' lang='lat' dir='ltr'><strong>la</strong></span> <span class='ocrx_word' id='word_1_439' title='bbox 1361 3868 1602 3922; x_wconf 77' lang='lat' dir='ltr'><strong>Religion</strong></span> <span class='ocrx_word' id='word_1_440' title='bbox 1629 3869 1690 3911; x_wconf 87' lang='lat' dir='ltr'><strong>de</strong></span> <span class='ocrx_word' id='word_1_441' title='bbox 1712 3869 1766 3913; x_wconf 82' lang='lat' dir='ltr'><strong>la</strong></span> <span class='ocrx_word' id='word_1_442' title='bbox 1785 3866 2022 3911; x_wconf 81' lang='lat' dir='ltr'><strong>Cartuxa</strong></span> <span class='ocrx_word' id='word_1_443' title='bbox 2038 3900 2049 3923; x_wconf 89' lang='lat'><strong>,</strong></span> <span class='ocrx_word' id='word_1_444' title='bbox 2068 3866 2388 3921; x_wconf 76' lang='lat' dir='ltr'><strong>passandose</strong></span> <span class='ocrx_word' id='word_1_445' title='bbox 2408 3870 2442 3910; x_wconf 73' lang='lat' dir='ltr'><strong>a</strong></span> <span class='ocrx_word' id='word_1_446' title='bbox 2457 3868 2576 3911; x_wconf 84' lang='lat' dir='ltr'><strong>ella.</strong></span> 
     </span>
    </p>

    <p class='ocr_par' dir='ltr' id='par_1_10' title="bbox 529 3936 3009 4785">
     <span class='ocr_line' id='line_1_41' title="bbox 615 3936 3004 3995; baseline 0.001 -16"><span class='ocrx_word' id='word_1_447' title='bbox 615 3936 746 3982; x_wconf 86' lang='lat' dir='ltr'><strong>Pero</strong></span> <span class='ocrx_word' id='word_1_448' title='bbox 767 3940 1086 3983; x_wconf 81' lang='lat' dir='ltr'><strong>aconteciole</strong></span> <span class='ocrx_word' id='word_1_449' title='bbox 1109 3941 1158 3983; x_wconf 88' lang='lat' dir='ltr'><strong>io</strong></span> <span class='ocrx_word' id='word_1_450' title='bbox 1179 3951 1277 3994; x_wconf 90' lang='lat' dir='ltr'><strong>que</strong></span> <span class='ocrx_word' id='word_1_451' title='bbox 1298 3940 1408 3984; x_wconf 84' lang='lat' dir='ltr'><strong>dize</strong></span> <span class='ocrx_word' id='word_1_452' title='bbox 1423 3939 1530 3984; x_wconf 81' lang='lat' dir='ltr'><strong>San</strong></span> <span class='ocrx_word' id='word_1_453' title='bbox 1547 3939 1741 3984; x_wconf 79' lang='lat' dir='ltr'><strong>Basilio</strong></span> <span class='ocrx_word' id='word_1_454' title='bbox 1761 3940 1824 3983; x_wconf 88' lang='lat' dir='ltr'><strong>de</strong></span> <span class='ocrx_word' id='word_1_455' title='bbox 1847 3940 1925 3983; x_wconf 91' lang='lat' dir='ltr'><strong>los</strong></span> <span class='ocrx_word' id='word_1_456' title='bbox 1939 3950 2039 3994; x_wconf 90' lang='lat' dir='ltr'><strong>que</strong></span> <span class='ocrx_word' id='word_1_457' title='bbox 2058 3940 2367 3995; x_wconf 78' lang='lat' dir='ltr'><strong>navegando</strong></span> <span class='ocrx_word' id='word_1_458' title='bbox 2382 3951 2445 3983; x_wconf 88' lang='lat' dir='ltr'><strong>en</strong></span> <span class='ocrx_word' id='word_1_459' title='bbox 2467 3950 2533 3982; x_wconf 90' lang='lat' dir='ltr'><strong>un</strong></span> <span class='ocrx_word' id='word_1_460' title='bbox 2548 3940 2746 3993; x_wconf 77' lang='lat' dir='ltr'><strong>grande</strong></span> <span class='ocrx_word' id='word_1_461' title='bbox 2768 3942 2926 3982; x_wconf 83' lang='lat' dir='ltr'><strong>navio</strong></span> <span class='ocrx_word' id='word_1_462' title='bbox 2949 3950 3004 3981; x_wconf 87' lang='lat' dir='ltr'><strong>se</strong></span> 
     </span>
     <span class='ocr_line' id='line_1_42' title="bbox 529 4009 3003 4068; baseline 0.001 -17"><span class='ocrx_word' id='word_1_463' title='bbox 529 4020 746 4052; x_wconf 79' lang='lat' dir='ltr'><strong>max-ean</strong></span> <span class='ocrx_word' id='word_1_464' title='bbox 761 4042 772 4059; x_wconf 82' lang='lat'><strong>,</strong></span> <span class='ocrx_word' id='word_1_465' title='bbox 795 4022 830 4065; x_wconf 84' lang='lat' dir='ltr'>y</span> <span class='ocrx_word' id='word_1_466' title='bbox 851 4009 1242 4064; x_wconf 75' lang='lat' dir='ltr'><strong>pareciendoles</strong></span> <span class='ocrx_word' id='word_1_467' title='bbox 1261 4023 1359 4065; x_wconf 86' lang='lat' dir='ltr'><strong>que</strong></span> <span class='ocrx_word' id='word_1_468' title='bbox 1380 4022 1436 4055; x_wconf 85' lang='lat' dir='ltr'><strong>es</strong></span> <span class='ocrx_word' id='word_1_469' title='bbox 1455 4012 1509 4055; x_wconf 85' lang='lat' dir='ltr'><strong>la</strong></span> <span class='ocrx_word' id='word_1_470' title='bbox 1530 4023 1690 4056; x_wconf 82' lang='lat' dir='ltr'><strong>causa</strong></span> <span class='ocrx_word' id='word_1_471' title='bbox 1710 4013 1758 4055; x_wconf 88' lang='lat' dir='ltr'><strong>ei</strong></span> <span class='ocrx_word' id='word_1_472' title='bbox 1779 4013 1952 4067; x_wconf 81' lang='lat' dir='ltr'><strong>navio,</strong></span> <span class='ocrx_word' id='word_1_473' title='bbox 1973 4022 2027 4054; x_wconf 83' lang='lat' dir='ltr'><strong>se</strong></span> <span class='ocrx_word' id='word_1_474' title='bbox 2049 4022 2213 4067; x_wconf 82' lang='lat' dir='ltr'><strong>pasan</strong></span> <span class='ocrx_word' id='word_1_475' title='bbox 2236 4014 2267 4054; x_wconf 78' lang='lat' dir='ltr'><strong>a</strong></span> <span class='ocrx_word' id='word_1_476' title='bbox 2297 4023 2364 4055; x_wconf 89' lang='lat' dir='ltr'><strong>un</strong></span> <span class='ocrx_word' id='word_1_477' title='bbox 2386 4012 2523 4054; x_wconf 80' lang='lat' dir='ltr'><strong>batei</strong></span> <span class='ocrx_word' id='word_1_478' title='bbox 2540 4044 2551 4062; x_wconf 83' lang='lat'><strong>,</strong></span> <span class='ocrx_word' id='word_1_479' title='bbox 2574 4025 2609 4068; x_wconf 85' lang='lat' dir='ltr'>y</span> <span class='ocrx_word' id='word_1_480' title='bbox 2628 4022 2683 4053; x_wconf 84' lang='lat' dir='ltr'><strong>se</strong></span> <span class='ocrx_word' id='word_1_481' title='bbox 2704 4021 2918 4054; x_wconf 75' lang='lat' dir='ltr'><strong>mai-ean</strong></span> <span class='ocrx_word' id='word_1_482' title='bbox 2941 4010 3003 4052; x_wconf 89' lang='lat' dir='ltr'><strong>de</strong></span> 
     </span>
     <span class='ocr_line' id='line_1_43' title="bbox 532 4082 3007 4137; baseline 0.001 -13"><span class='ocrx_word' id='word_1_483' title='bbox 532 4082 586 4124; x_wconf 82' lang='lat' dir='ltr'><strong>ia</strong></span> <span class='ocrx_word' id='word_1_484' title='bbox 605 4082 788 4135; x_wconf 82' lang='lat' dir='ltr'><strong>propia</strong></span> <span class='ocrx_word' id='word_1_485' title='bbox 808 4086 984 4125; x_wconf 87' lang='lat' dir='ltr'><strong>suerte</strong></span> <span class='ocrx_word' id='word_1_486' title='bbox 999 4114 1010 4135; x_wconf 86' lang='lat'><strong>,</strong></span> <span class='ocrx_word' id='word_1_487' title='bbox 1029 4092 1224 4137; x_wconf 81' lang='lat' dir='ltr'><strong>perque</strong></span> <span class='ocrx_word' id='word_1_488' title='bbox 1244 4083 1374 4126; x_wconf 82' lang='lat' dir='ltr'><strong>ellos</strong></span> <span class='ocrx_word' id='word_1_489' title='bbox 1393 4094 1449 4125; x_wconf 89' lang='lat' dir='ltr'><strong>se</strong></span> <span class='ocrx_word' id='word_1_490' title='bbox 1468 4082 1648 4127; x_wconf 82' lang='lat' dir='ltr'><strong>llevan</strong></span> <span class='ocrx_word' id='word_1_491' title='bbox 1663 4095 1724 4127; x_wconf 86' lang='lat' dir='ltr'><strong>en</strong></span> <span class='ocrx_word' id='word_1_492' title='bbox 1744 4086 1793 4127; x_wconf 89' lang='lat' dir='ltr'><strong>el</strong></span> <span class='ocrx_word' id='word_1_493' title='bbox 1813 4088 2084 4137; x_wconf 80' lang='lat' dir='ltr'><strong>estomago</strong></span> <span class='ocrx_word' id='word_1_494' title='bbox 2104 4085 2155 4127; x_wconf 81' lang='lat' dir='ltr'><strong>la</strong></span> <span class='ocrx_word' id='word_1_495' title='bbox 2176 4084 2353 4127; x_wconf 72' lang='lat' dir='ltr'><strong>cOlera</strong></span> <span class='ocrx_word' id='word_1_496' title='bbox 2366 4116 2377 4135; x_wconf 88' lang='lat'><strong>,</strong></span> <span class='ocrx_word' id='word_1_497' title='bbox 2395 4094 2493 4137; x_wconf 88' lang='lat' dir='ltr'><strong>que</strong></span> <span class='ocrx_word' id='word_1_498' title='bbox 2513 4094 2570 4127; x_wconf 88' lang='lat' dir='ltr'><strong>es</strong></span> <span class='ocrx_word' id='word_1_499' title='bbox 2590 4094 2748 4127; x_wconf 84' lang='lat' dir='ltr'><strong>causa</strong></span> <span class='ocrx_word' id='word_1_500' title='bbox 2768 4082 2829 4125; x_wconf 91' lang='lat' dir='ltr'><strong>de</strong></span> <span class='ocrx_word' id='word_1_501' title='bbox 2852 4094 3007 4136; x_wconf 84' lang='lat' dir='ltr'><strong>aque-</strong></span> 
     </span>
     <span class='ocr_line' id='line_1_44' title="bbox 532 4153 3005 4209; baseline 0.001 -14"><span class='ocrx_word' id='word_1_502' title='bbox 532 4153 634 4195; x_wconf 86' lang='lat' dir='ltr'><strong>llas</strong></span> <span class='ocrx_word' id='word_1_503' title='bbox 651 4164 740 4196; x_wconf 80' lang='lat' dir='ltr'><strong>sus</strong></span> <span class='ocrx_word' id='word_1_504' title='bbox 765 4164 972 4198; x_wconf 83' lang='lat' dir='ltr'><strong>vascas.</strong></span> <span class='ocrx_word' id='word_1_505' title='bbox 993 4153 1070 4197; x_wconf 88' lang='lat' dir='ltr'><strong>Lo</strong></span> <span class='ocrx_word' id='word_1_506' title='bbox 1103 4155 1284 4199; x_wconf 84' lang='lat' dir='ltr'><strong>mismo</strong></span> <span class='ocrx_word' id='word_1_507' title='bbox 1321 4157 1368 4197; x_wconf 89' lang='lat' dir='ltr'><strong>le</strong></span> <span class='ocrx_word' id='word_1_508' title='bbox 1401 4159 1557 4209; x_wconf 81' lang='lat' dir='ltr'><strong>passo</strong></span> <span class='ocrx_word' id='word_1_509' title='bbox 1589 4158 1622 4199; x_wconf 78' lang='lat' dir='ltr'><strong>a</strong></span> <span class='ocrx_word' id='word_1_510' title='bbox 1653 4162 1764 4199; x_wconf 85' lang='lat' dir='ltr'><strong>este</strong></span> <span class='ocrx_word' id='word_1_511' title='bbox 1795 4155 1987 4207; x_wconf 85' lang='lat' dir='ltr'><strong>Padre;</strong></span> <span class='ocrx_word' id='word_1_512' title='bbox 2014 4166 2207 4209; x_wconf 87' lang='lat' dir='ltr'><strong>porque</strong></span> <span class='ocrx_word' id='word_1_513' title='bbox 2228 4155 2291 4199; x_wconf 86' lang='lat' dir='ltr'><strong>de</strong></span> <span class='ocrx_word' id='word_1_514' title='bbox 2322 4156 2415 4199; x_wconf 84' lang='lat' dir='ltr'><strong>alli</strong></span> <span class='ocrx_word' id='word_1_515' title='bbox 2448 4158 2479 4198; x_wconf 76' lang='lat' dir='ltr'><strong>a</strong></span> <span class='ocrx_word' id='word_1_516' title='bbox 2511 4166 2655 4209; x_wconf 85' lang='lat' dir='ltr'><strong>poco,</strong></span> <span class='ocrx_word' id='word_1_517' title='bbox 2679 4154 3005 4209; x_wconf 73' lang='lat' dir='ltr'><strong>preguntado</strong></span> 
     </span>
     <span class='ocr_line' id='line_1_45' title="bbox 529 4225 3005 4283; baseline 0.001 -17"><span class='ocrx_word' id='word_1_518' title='bbox 529 4228 679 4267; x_wconf 83' lang='lat' dir='ltr'><strong>como</strong></span> <span class='ocrx_word' id='word_1_519' title='bbox 701 4226 747 4267; x_wconf 89' lang='lat' dir='ltr'><strong>le</strong></span> <span class='ocrx_word' id='word_1_520' title='bbox 768 4225 874 4279; x_wconf 84' lang='lat' dir='ltr'><strong>iva,</strong></span> <span class='ocrx_word' id='word_1_521' title='bbox 895 4238 930 4282; x_wconf 83' lang='lat' dir='ltr'><strong>y</strong></span> <span class='ocrx_word' id='word_1_522' title='bbox 949 4225 994 4269; x_wconf 89' lang='lat' dir='ltr'><strong>si</strong></span> <span class='ocrx_word' id='word_1_523' title='bbox 1016 4229 1156 4270; x_wconf 84' lang='lat' dir='ltr'><strong>tenia</strong></span> <span class='ocrx_word' id='word_1_524' title='bbox 1188 4228 1243 4271; x_wconf 87' lang='lat' dir='ltr'><strong>la</strong></span> <span class='ocrx_word' id='word_1_525' title='bbox 1271 4228 1684 4282; x_wconf 83' lang='lat' dir='ltr'><strong>contemplacion</strong></span> <span class='ocrx_word' id='word_1_526' title='bbox 1705 4240 1802 4283; x_wconf 88' lang='lat' dir='ltr'><strong>que</strong></span> <span class='ocrx_word' id='word_1_527' title='bbox 1824 4228 2087 4271; x_wconf 83' lang='lat' dir='ltr'><strong>deseava?</strong></span> <span class='ocrx_word' id='word_1_528' title='bbox 2108 4227 2399 4283; x_wconf 79' lang='lat' dir='ltr'><strong>Respondi6</strong></span> <span class='ocrx_word' id='word_1_529' title='bbox 2428 4227 2752 4282; x_wconf 80' lang='lat' dir='ltr'><strong>suspirando.</strong></span> <span class='ocrx_word' id='word_1_530' title='bbox 2774 4227 3005 4271; x_wconf 80' lang='lat' dir='ltr'><strong>Estoime</strong></span> 
     </span>
     <span class='ocr_line' id='line_1_46' title="bbox 533 4296 3004 4354; baseline 0 -15"><span class='ocrx_word' id='word_1_531' title='bbox 533 4296 788 4340; x_wconf 86' lang='lat' dir='ltr'><strong>moliendo</strong></span> <span class='ocrx_word' id='word_1_532' title='bbox 807 4297 1064 4348; x_wconf 82' lang='lat' dir='ltr'><strong>(habiaba</strong></span> <span class='ocrx_word' id='word_1_533' title='bbox 1083 4299 1194 4341; x_wconf 83' lang='lat' dir='ltr'><strong>solo</strong></span> <span class='ocrx_word' id='word_1_534' title='bbox 1215 4298 1277 4341; x_wconf 91' lang='lat' dir='ltr'><strong>de</strong></span> <span class='ocrx_word' id='word_1_535' title='bbox 1307 4300 1358 4342; x_wconf 90' lang='lat' dir='ltr'><strong>lo</strong></span> <span class='ocrx_word' id='word_1_536' title='bbox 1387 4310 1485 4353; x_wconf 87' lang='lat' dir='ltr'><strong>que</strong></span> <span class='ocrx_word' id='word_1_537' title='bbox 1505 4310 1537 4343; x_wconf 87' lang='lat' dir='ltr'><strong>a</strong></span> <span class='ocrx_word' id='word_1_538' title='bbox 1559 4302 1608 4343; x_wconf 85' lang='lat' dir='ltr'><strong>el</strong></span> <span class='ocrx_word' id='word_1_539' title='bbox 1627 4302 1674 4343; x_wconf 88' lang='lat' dir='ltr'><strong>le</strong></span> <span class='ocrx_word' id='word_1_540' title='bbox 1703 4300 1963 4354; x_wconf 81' lang='lat' dir='ltr'><strong>passava)</strong></span> <span class='ocrx_word' id='word_1_541' title='bbox 1982 4300 2111 4343; x_wconf 85' lang='lat' dir='ltr'><strong>ocho</strong></span> <span class='ocrx_word' id='word_1_542' title='bbox 2130 4300 2291 4344; x_wconf 83' lang='lat' dir='ltr'><strong>horas</strong></span> <span class='ocrx_word' id='word_1_543' title='bbox 2320 4298 2453 4343; x_wconf 86' lang='lat' dir='ltr'><strong>cada</strong></span> <span class='ocrx_word' id='word_1_544' title='bbox 2482 4299 2569 4343; x_wconf 82' lang='lat' dir='ltr'><strong>dia</strong></span> <span class='ocrx_word' id='word_1_545' title='bbox 2588 4298 2847 4342; x_wconf 86' lang='lat' dir='ltr'><strong>cantando</strong></span> <span class='ocrx_word' id='word_1_546' title='bbox 2868 4309 2931 4340; x_wconf 73' lang='lat' dir='ltr'><strong>en</strong></span> <span class='ocrx_word' id='word_1_547' title='bbox 2956 4299 3004 4340; x_wconf 88' lang='lat' dir='ltr'><strong>el</strong></span> 
     </span>
     <span class='ocr_line' id='line_1_47' title="bbox 534 4369 3005 4426; baseline 0 -15"><span class='ocrx_word' id='word_1_548' title='bbox 534 4378 674 4422; x_wconf 86' lang='lat' dir='ltr'><strong>coro,</strong></span> <span class='ocrx_word' id='word_1_549' title='bbox 689 4380 726 4424; x_wconf 81' lang='lat' dir='ltr'>y</span> <span class='ocrx_word' id='word_1_550' title='bbox 743 4369 849 4413; x_wconf 81' lang='lat' dir='ltr'><strong>assi</strong></span> <span class='ocrx_word' id='word_1_551' title='bbox 871 4380 938 4413; x_wconf 88' lang='lat' dir='ltr'><strong>no</strong></span> <span class='ocrx_word' id='word_1_552' title='bbox 959 4370 1126 4424; x_wconf 85' lang='lat' dir='ltr'><strong>quedo</strong></span> <span class='ocrx_word' id='word_1_553' title='bbox 1145 4371 1360 4414; x_wconf 86' lang='lat' dir='ltr'><strong>hombre</strong></span> <span class='ocrx_word' id='word_1_554' title='bbox 1389 4382 1520 4425; x_wconf 85' lang='lat' dir='ltr'><strong>para</strong></span> <span class='ocrx_word' id='word_1_555' title='bbox 1541 4372 1884 4425; x_wconf 75' lang='lat' dir='ltr'><strong>contemplat,</strong></span> <span class='ocrx_word' id='word_1_556' title='bbox 1904 4372 2016 4415; x_wconf 85' lang='lat' dir='ltr'><strong>sino</strong></span> <span class='ocrx_word' id='word_1_557' title='bbox 2051 4382 2183 4426; x_wconf 84' lang='lat' dir='ltr'><strong>para</strong></span> <span class='ocrx_word' id='word_1_558' title='bbox 2208 4372 2509 4415; x_wconf 81' lang='lat' dir='ltr'><strong>descansar.</strong></span> <span class='ocrx_word' id='word_1_559' title='bbox 2532 4369 2597 4414; x_wconf 90' lang='lat' dir='ltr'><strong>Nl</strong></span> <span class='ocrx_word' id='word_1_560' title='bbox 2627 4370 2793 4425; x_wconf 86' lang='lat' dir='ltr'><strong>puedo</strong></span> <span class='ocrx_word' id='word_1_561' title='bbox 2814 4370 3005 4413; x_wconf 78' lang='lat' dir='ltr'><strong>buscar</strong></span> 
     </span>
     <span class='ocr_line' id='line_1_48' title="bbox 533 4440 3007 4499; baseline 0 -16"><span class='ocrx_word' id='word_1_562' title='bbox 533 4440 756 4495; x_wconf 80' lang='lat' dir='ltr'><strong>despues</strong></span> <span class='ocrx_word' id='word_1_563' title='bbox 778 4442 829 4484; x_wconf 90' lang='lat' dir='ltr'><strong>el</strong></span> <span class='ocrx_word' id='word_1_564' title='bbox 847 4442 1098 4485; x_wconf 80' lang='lat' dir='ltr'><strong>descanso</strong></span> <span class='ocrx_word' id='word_1_565' title='bbox 1119 4442 1202 4485; x_wconf 86' lang='lat' dir='ltr'><strong>dei</strong></span> <span class='ocrx_word' id='word_1_566' title='bbox 1221 4442 1439 4497; x_wconf 84' lang='lat' dir='ltr'><strong>espiritu</strong></span> <span class='ocrx_word' id='word_1_567' title='bbox 1471 4443 1585 4487; x_wconf 76' lang='lat' dir='ltr'><strong>sino</strong></span> <span class='ocrx_word' id='word_1_568' title='bbox 1607 4444 1692 4487; x_wconf 89' lang='lat' dir='ltr'><strong>del</strong></span> <span class='ocrx_word' id='word_1_569' title='bbox 1723 4455 1929 4499; x_wconf 85' lang='lat' dir='ltr'><strong>cuerpo.</strong></span> <span class='ocrx_word' id='word_1_570' title='bbox 1954 4442 2357 4487; x_wconf 75' lang='lat' dir='ltr'><strong>consultandole</strong></span> <span class='ocrx_word' id='word_1_571' title='bbox 2390 4443 2619 4486; x_wconf 81' lang='lat' dir='ltr'><strong>tambien</strong></span> <span class='ocrx_word' id='word_1_572' title='bbox 2642 4453 2709 4485; x_wconf 87' lang='lat' dir='ltr'><strong>un</strong></span> <span class='ocrx_word' id='word_1_573' title='bbox 2740 4443 3007 4485; x_wconf 84' lang='lat' dir='ltr'><strong>caballero</strong></span> 
     </span>
     <span class='ocr_line' id='line_1_49' title="bbox 533 4510 3004 4571; baseline 0 -17"><span class='ocrx_word' id='word_1_574' title='bbox 533 4522 599 4554; x_wconf 86' lang='lat' dir='ltr'><strong>en</strong></span> <span class='ocrx_word' id='word_1_575' title='bbox 621 4515 720 4566; x_wconf 81' lang='lat' dir='ltr'><strong>que</strong></span> <span class='ocrx_word' id='word_1_576' title='bbox 740 4510 978 4567; x_wconf 76' lang='lat' dir='ltr'><strong>Religion</strong></span> <span class='ocrx_word' id='word_1_577' title='bbox 1001 4516 1237 4558; x_wconf 79' lang='lat' dir='ltr'><strong>entraria</strong></span> <span class='ocrx_word' id='word_1_578' title='bbox 1253 4547 1264 4567; x_wconf 84' lang='lat'><strong>,</strong></span> <span class='ocrx_word' id='word_1_579' title='bbox 1285 4516 1438 4569; x_wconf 77' lang='lat' dir='ltr'><strong>luego</strong></span> <span class='ocrx_word' id='word_1_580' title='bbox 1458 4516 1507 4559; x_wconf 88' lang='lat' dir='ltr'><strong>le</strong></span> <span class='ocrx_word' id='word_1_581' title='bbox 1527 4515 1770 4569; x_wconf 80' lang='lat' dir='ltr'><strong>aconseio</strong></span> <span class='ocrx_word' id='word_1_582' title='bbox 1791 4526 1889 4571; x_wconf 84' lang='lat' dir='ltr'><strong>que</strong></span> <span class='ocrx_word' id='word_1_583' title='bbox 1910 4516 2081 4559; x_wconf 80' lang='lat' dir='ltr'><strong>fuesse</strong></span> <span class='ocrx_word' id='word_1_584' title='bbox 2105 4516 2158 4559; x_wconf 86' lang='lat' dir='ltr'><strong>la</strong></span> <span class='ocrx_word' id='word_1_585' title='bbox 2179 4513 2465 4569; x_wconf 64' lang='lat' dir='ltr'><strong>compunta</strong></span> <span class='ocrx_word' id='word_1_586' title='bbox 2479 4546 2491 4568; x_wconf 89' lang='lat'><strong>,</strong></span> <span class='ocrx_word' id='word_1_587' title='bbox 2512 4525 2608 4558; x_wconf 90' lang='lat' dir='ltr'><strong>con</strong></span> <span class='ocrx_word' id='word_1_588' title='bbox 2629 4516 2765 4557; x_wconf 80' lang='lat' dir='ltr'><strong>tales</strong></span> <span class='ocrx_word' id='word_1_589' title='bbox 2791 4514 3004 4557; x_wconf 80' lang='lat' dir='ltr'><strong>alaban-</strong></span> 
     </span>
     <span class='ocr_line' id='line_1_50' title="bbox 535 4583 3009 4643; baseline 0 -17"><span class='ocrx_word' id='word_1_590' title='bbox 535 4594 627 4636; x_wconf 77' lang='lat' dir='ltr'><strong>cas</strong></span> <span class='ocrx_word' id='word_1_591' title='bbox 649 4583 786 4627; x_wconf 86' lang='lat' dir='ltr'><strong>della</strong></span> <span class='ocrx_word' id='word_1_592' title='bbox 802 4615 815 4637; x_wconf 92' lang='lat'><strong>,</strong></span> <span class='ocrx_word' id='word_1_593' title='bbox 836 4594 934 4637; x_wconf 84' lang='lat' dir='ltr'><strong>que</strong></span> <span class='ocrx_word' id='word_1_594' title='bbox 953 4596 1014 4628; x_wconf 80' lang='lat' dir='ltr'><strong>su</strong></span> <span class='ocrx_word' id='word_1_595' title='bbox 1045 4586 1374 4629; x_wconf 87' lang='lat' dir='ltr'><strong>sentimiento</strong></span> <span class='ocrx_word' id='word_1_596' title='bbox 1395 4588 1476 4630; x_wconf 83' lang='lat' dir='ltr'><strong>las</strong></span> <span class='ocrx_word' id='word_1_597' title='bbox 1507 4587 1644 4641; x_wconf 83' lang='lat' dir='ltr'><strong>pudo</strong></span> <span class='ocrx_word' id='word_1_598' title='bbox 1664 4587 1821 4641; x_wconf 84' lang='lat' dir='ltr'><strong>dezlr,</strong></span> <span class='ocrx_word' id='word_1_599' title='bbox 1843 4600 1881 4643; x_wconf 79' lang='lat' dir='ltr'>y</span> <span class='ocrx_word' id='word_1_600' title='bbox 1900 4598 1965 4631; x_wconf 88' lang='lat' dir='ltr'><strong>no</strong></span> <span class='ocrx_word' id='word_1_601' title='bbox 1986 4586 2185 4640; x_wconf 81' lang='lat' dir='ltr'><strong>repetit</strong></span> <span class='ocrx_word' id='word_1_602' title='bbox 2204 4591 2421 4630; x_wconf 84' lang='lat' dir='ltr'><strong>nuestra</strong></span> <span class='ocrx_word' id='word_1_603' title='bbox 2441 4586 2739 4638; x_wconf 81' lang='lat' dir='ltr'><strong>modestia..‚</strong></span> <span class='ocrx_word' id='word_1_604' title='bbox 2772 4584 3009 4627; x_wconf 77' lang='lat' dir='ltr'><strong>Varones</strong></span> 
     </span>
     <span class='ocr_line' id='line_1_51' title="bbox 537 4653 3009 4714; baseline 0.002 -18"><span class='ocrx_word' id='word_1_605' title='bbox 537 4653 766 4697; x_wconf 77' lang='lat' dir='ltr'><strong>ilustres</strong></span> <span class='ocrx_word' id='word_1_606' title='bbox 794 4655 862 4699; x_wconf 77' lang='lat' dir='ltr'><strong>de</strong></span> <span class='ocrx_word' id='word_1_607' title='bbox 889 4656 948 4698; x_wconf 83' lang='lat' dir='ltr'><strong>Ia</strong></span> <span class='ocrx_word' id='word_1_608' title='bbox 969 4656 1262 4711; x_wconf 62' lang='lat' dir='ltr'><strong>compunta</strong></span> <span class='ocrx_word' id='word_1_609' title='bbox 1284 4658 1352 4701; x_wconf 83' lang='lat' dir='ltr'><strong>de</strong></span> <span class='ocrx_word' id='word_1_610' title='bbox 1370 4658 1559 4714; x_wconf 51' lang='lat' dir='ltr'><strong>sesua·</strong></span> <span class='ocrx_word' id='word_1_611' title='bbox 1592 4658 1726 4703; x_wconf 76' lang='lat' dir='ltr'><strong>tha</strong></span> <span class='ocrx_word' id='word_1_612' title='bbox 1745 4659 1836 4703; x_wconf 75' lang='lat' dir='ltr'><strong>det</strong></span> <span class='ocrx_word' id='word_1_613' title='bbox 1865 4659 1926 4701; x_wconf 82' lang='grc' dir='ltr'><strong>Ρ.</strong></span> <span class='ocrx_word' id='word_1_614' title='bbox 1946 4657 2097 4712; x_wconf 85' lang='lat' dir='ltr'><strong>Juan</strong></span> <span class='ocrx_word' id='word_1_615' title='bbox 2122 4658 2399 4708; x_wconf 68' lang='lat' dir='ltr'><strong>Ramiren,</strong></span> <span class='ocrx_word' id='word_1_616' title='bbox 2418 4657 2497 4702; x_wconf 84' lang='lat' dir='ltr'><strong>ed.</strong></span> <span class='ocrx_word' id='word_1_617' title='bbox 2522 4659 2617 4701; x_wconf 57' lang='lat'><strong>1³·</strong></span> <span class='ocrx_word' id='word_1_618' title='bbox 2636 4664 2671 4701; x_wconf 86' lang='lat' dir='ltr'><strong>t.</strong></span> <span class='ocrx_word' id='word_1_619' title='bbox 2690 4668 2757 4710; x_wconf 86' lang='lat'><strong>11,</strong></span> <span class='ocrx_word' id='word_1_620' title='bbox 2785 4668 2905 4711; x_wconf 80' lang='lat' dir='ltr'><strong>pag.</strong></span> <span class='ocrx_word' id='word_1_621' title='bbox 2927 4656 3009 4701; x_wconf 80' lang='lat'><strong>222</strong></span> 
     </span>
     <span class='ocr_line' id='line_1_52' title="bbox 535 4726 1712 4785; baseline 0.008 -18"><span class='ocrx_word' id='word_1_622' title='bbox 535 4731 592 4767; x_wconf 87' lang='lat' dir='ltr'><strong>et</strong></span> <span class='ocrx_word' id='word_1_623' title='bbox 611 4726 718 4779; x_wconf 77' lang='lat'><strong>2233</strong></span> <span class='ocrx_word' id='word_1_624' title='bbox 741 4726 819 4770; x_wconf 89' lang='lat' dir='ltr'><strong>ed.</strong></span> <span class='ocrx_word' id='word_1_625' title='bbox 841 4726 938 4770; x_wconf 72' lang='lat'><strong>2⁸·</strong></span> <span class='ocrx_word' id='word_1_626' title='bbox 958 4726 1248 4773; x_wconf 69' lang='lat' dir='ltr'><strong>Bilbaensis</strong></span> <span class='ocrx_word' id='word_1_627' title='bbox 1263 4762 1274 4782; x_wconf 84' lang='lat'><strong>,</strong></span> <span class='ocrx_word' id='word_1_628' title='bbox 1297 4736 1334 4773; x_wconf 87' lang='lat' dir='ltr'><strong>t.</strong></span> <span class='ocrx_word' id='word_1_629' title='bbox 1357 4740 1452 4785; x_wconf 68' lang='lat' dir='ltr'><strong>vu,</strong></span> <span class='ocrx_word' id='word_1_630' title='bbox 1474 4741 1593 4785; x_wconf 76' lang='lat' dir='ltr'><strong>pag.</strong></span> <span class='ocrx_word' id='word_1_631' title='bbox 1619 4731 1712 4776; x_wconf 83' lang='lat'><strong>179.</strong></span> 
     </span>
    </p>
   </div>
   <div class='ocr_carea' id='block_1_5' title="bbox 3715 496 3720 1569">
    <p class='ocr_par' dir='ltr' id='par_1_11' title="bbox 3715 496 3720 1569">
     <span class='ocr_line' id='line_1_53' title="bbox 3715 496 3720 1569; baseline 0 0"><span class='ocrx_word' id='word_1_632' title='bbox 3715 496 3720 1569; x_wconf 95' lang='lat' dir='ltr'><strong> </strong></span> 
     </span>
    </p>
   </div>
  </div>
 </body>
</html>
