3742 5392
1626 471 1756 530 ΑΝ.
1800 470 1937 531 1554
2927 472 3028 531 121

564 618 757 697 apud
801 626 1281 697 aegrotantes,
1322 616 1730 699 Aliquando
1779 618 1995 682 etiam
2046 618 2620 682 exhortationem
2669 616 2743 680 in
2793 619 3037 697 aliquo

567 725 1003 787 monasterio
1032 724 1361 788 faciebat.

686 830 828 895 236.
916 832 1097 911 Quia
1149 843 1389 895 tamen
1436 832 1690 896 litteris
1740 833 2162 913 theologicis
2215 833 2478 896 seriam
2517 848 2810 912 operam
2857 847 3030 895 nun·

566 956 783 1019 quam
810 938 1135 1019 dederat,
1170 947 1239 1003 et
1257 988 1271 1017 ,
1304 957 1435 1020 pro
1459 956 1587 1002 sua
1610 939 2036 1019 humilitate,
2063 940 2219 1004 aliis
2242 940 2457 1003 etiam
2477 940 2764 1002 dotibus
2787 938 2876 1001 ad
2905 954 3035 1018 gu-

564 1046 1007 1109 bernandum
1036 1064 1113 1109 se
1142 1046 1555 1110 destitutum
1584 1047 1950 1126 censebat,
1987 1048 2078 1111 ad
2105 1046 2181 1109 P.
2215 1046 2568 1127 Ignatium
2597 1030 2916 1127 scripsit,
2961 1060 3034 1109 et

568 1162 644 1215 ut
674 1153 891 1216 alium
918 1153 1358 1234 superiorem
1378 1154 1691 1217 mitteret
1715 1154 1976 1217 obnixe
1998 1154 2328 1233 rogabat,
2351 1162 2430 1217 ut
2455 1154 2568 1217 cui
2592 1154 2810 1218 multo
2836 1164 3032 1233 opta·

566 1260 775 1323 bilius
796 1259 1083 1323 obedire
1105 1278 1319 1341 quarn
1342 1278 1674 1342 praeesse
1701 1260 1908 1325 foret.
1936 1260 2116 1325 Cum
2147 1269 2385 1324 tamen
2413 1260 2489 1323 P.
2521 1260 2842 1340 Ignatius
2871 1276 3034 1323 eum

568 1376 641 1429 ut
670 1378 1002 1447 pergeret
1030 1368 1105 1431 in
1134 1377 1465 1447 suscepto
1495 1385 1788 1432 munere
1815 1367 2142 1431 hortatus
2181 1376 2368 1431 esset
2387 1416 2402 1445 ,
2447 1368 2554 1431 sic
2590 1366 3032 1430 obedientiae

572 1474 1011 1555 praescripto
1044 1475 1435 1555 acquievit,
1480 1485 1555 1538 ut
1594 1476 1863 1556 optimo
1912 1474 2149 1538 animo
2194 1476 2267 1538 in
2307 1472 2534 1538 officio
2573 1492 2703 1537 suo
2743 1488 3034 1555 progre-

570 1581 801 1660 dienS,
835 1598 993 1645 eam
1024 1598 1179 1645 esse
1210 1582 1547 1645 virtutem
1579 1581 2022 1645 obedientiae
2052 1582 2494 1663 experiretur
2525 1598 2610 1645 ac
2641 1579 2930 1658 diceret,
2955 1590 3035 1642 ut

570 1688 917 1763 debilibus
952 1689 1179 1767 vireS,
1221 1688 1783 1770 imprudentibus
1826 1688 2432 1769 et.ignorantibus
2472 1686 2923 1768 prudentiam
2966 1698 3036 1749 et

570 1795 997 1873 doctrinam,
1033 1806 1101 1859 et
1131 1814 1385 1877 parum
1415 1796 1620 1859 bonis
1652 1796 1988 1859 virtutem
2017 1796 2361 1859 tribueret
2389 1802 2434 1857 ¹.

688 1902 831 1967 237.
918 1902 1014 1967 Ut
1042 1913 1279 1967 autern
1310 1920 1426 1966 res
1464 1903 1896 1967 domesticas
1937 1902 2253 1967 Mutiliae
2293 1902 2657 1983 expediret
2700 1904 3038 1981 (quarum

571 2009 1105 2090 dispositionem
1134 2009 1207 2072 in
1238 2026 1408 2073 usus
1437 2010 1597 2089 pios
1625 2007 1703 2072 P.
1736 2008 1998 2089 Ignatii
2037 2010 2336 2074 arbitrio
2374 2008 2783 2087 commisit),
2829 2006 3034 2071 Muti—

570 2134 768 2196 nam,
810 2134 993 2196 quae
1031 2118 1265 2197 patria
1310 2118 1445 2198 ipsi
1483 2125 1669 2195 erat,
1715 2134 1793 2181 se
1834 2116 2168 2196 contulit,
2213 2127 2314 2196 et,
2360 2116 2610 2198 paucis
2651 2116 2751 2179 ibi
2790 2116 3038 2179 diebus

573 2233 1053 2287 commoratus
1074 2272 1089 2303 ,
1124 2222 1499 2287 Patavium
1525 2224 1734 2288 rediit
1758 2242 1775 2289 ε
1810 2232 1880 2287 et
1901 2225 2296 2287 testabatur
2317 2224 2626 2286 fructum
2648 2222 2743 2285 ibi
2766 2222 3036 2285 uberio-

572 2348 723 2394 rem
749 2332 822 2393 in
850 2332 1185 2394 horreum
1212 2329 1502 2395 Domini
1527 2329 1773 2394 inferri
1801 2339 2210 2394 nostrorum
2241 2347 2460 2412 opera
2499 2346 2710 2411 quarn
2751 2329 2870 2392 vel
2911 2325 3038 2391 Pa·

575 2438 750 2500 tavii
776 2438 895 2500 vel
921 2437 1249 2501 Venetiis
1276 2436 1324 2500 ¹.

692 2542 834 2607 238.
922 2544 1100 2608 Cum
1131 2553 1368 2608 autem
1395 2543 1719 2608 Venetiis
1749 2544 2016 2624 aliquot
2044 2544 2197 2607 dies
2225 2544 2615 2623 exegisset,
2650 2560 2692 2605 a
2733 2542 3039 2605 Domino

574 2650 820 2714 Priore
874 2669 959 2714 ea
1005 2650 1319 2715 subsidia
1370 2652 1461 2715 ad
1517 2651 1853 2715 vestitum
1905 2654 2317 2714 nostrorum
2373 2649 2784 2731 impetravit
2803 2698 2818 2729 ,
2877 2667 3042 2713 cum

575 2758 840 2839 alioqui
868 2758 1217 2837 angustiis
1246 2759 1351 2821 rei
1378 2758 1751 2821 familiaris
1783 2758 1898 2821 ille
1937 2758 2073 2821 hoc
2115 2774 2302 2820 anno
2343 2766 2816 2836 premeretur,
2861 2774 3042 2837 quae

578 2865 735 2929 aliis
764 2866 974 2929 annis
1002 2884 1147 2929 non
1179 2866 1482 2929 obtineri
1502 2874 1914 2947 potuerant;
1947 2865 2073 2928 sed
2095 2882 2255 2928 cum
2283 2883 2424 2927 non
2445 2882 2698 2944 parum
2721 2864 2794 2927 in
2818 2875 3044 2927 aesta·

578 2984 646 3034 te
675 2973 1131 3052 praecedenti
1158 2989 1397 3036 rerum
1426 2974 1998 3037 necessariarum
2027 2971 2324 3053 penuria
2353 2973 2717 3035 laboraret
2737 3020 2752 3051 ,
2787 2981 2859 3035 et
2881 2989 3044 3035 con-

582 3080 843 3143 suleret
881 3077 955 3142 P.
1010 3078 1366 3159 Ignatium
1400 3098 1493 3143 an
1529 3078 1717 3143 ferre
1755 3079 2044 3143 deberet
2087 3096 2165 3143 se
2203 3078 2277 3143 in
2317 3078 2688 3159 angustias
2730 3077 2960 3158 redigi
3002 3098 3048 3141 a

575 3184 881 3250 Domino
911 3186 1179 3265 Priore,
1215 3204 1329 3263 an,
1362 3197 1439 3250 ut
1469 3187 1718 3250 solitus
1747 3196 1934 3267 erat,
1967 3204 2092 3250 aes
2121 3186 2428 3250 alienum
2458 3185 2821 3264 conflaret,
2856 3184 3044 3266 quod

576 3292 777 3356 Prior
808 3292 1060 3357 deinde
1088 3292 1548 3373 dissolveret,
1584 3311 1748 3358 cum
1778 3294 2202 3375 praesertim
2236 3293 2536 3356 fratrum
2577 3292 3048 3372 indigentium

580 3400 1065 3464 commoditati
1096 3402 1381 3464 omnino
1419 3402 1736 3482 prospici
1784 3409 2176 3481 oporteret,
2219 3399 2570 3480 judicavit
2606 3399 2683 3463 P.
2726 3397 3053 3480 Ignatius

581 3508 973 3572 curandum
1004 3524 1162 3571 esse
1183 3519 1261 3571 ut
1283 3508 1635 3571 Dominus
1656 3508 1861 3571 Prior
1883 3557 1898 3587 ,
1922 3508 2082 3588 plus
2105 3525 2321 3589 quam
2344 3507 2495 3587 ipse
2519 3508 2838 3570 suaviter
2858 3506 3051 3569 ferre

581 3624 839 3693 posset,
872 3632 1017 3678 non
1045 3624 1511 3694 gravaretur;
1539 3625 1607 3677 et
1637 3632 1726 3678 ne
1750 3614 2236 3693 collegialibus
2258 3614 2586 3677 deessent
2608 3614 3044 3692 necessaria,

582 3730 658 3784 ut
686 3722 837 3803 ipse
869 3723 1362 3801 eleemosynas
1391 3721 1673 3784 aliunde
1699 3730 2016 3800 curaret,
2044 3738 2188 3783 non
2212 3720 2494 3802 quidem
2517 3721 3050 3799 eleemosynam

582 3828 858 3908 publice
885 3826 1439 3907 emendicando,
1470 3845 1640 3891 narn
1668 3826 1873 3891 Prior
1913 3827 2048 3908 ipsi
2089 3845 2229 3891 non
2273 3828 2558 3907 placere
2602 3826 3046 3905 significave-

582 3945 724 4011 rat,
766 3934 891 3997 sed
931 3953 974 3998 a
1014 3934 1263 4013 paucis
1310 3934 1763 4015 quibusdam,
1810 3934 2065 4013 quibus
2112 3933 2458 4014 explicari
2496 3942 2776 4013 poterat
2805 3932 3048 3996 Domi-

584 4058 751 4104 num
780 4039 1122 4120 Priorem,
1147 4039 1351 4120 juxta
1382 4032 1601 4104 animi
1629 4042 1737 4104 sui
1760 4040 2258 4104 liberalitatem
2290 4058 2376 4104 ac
2400 4041 2846 4103 voluntatem
2875 4040 3052 4120 opti·

583 4166 773 4212 marn
792 4165 937 4211 non
959 4165 1201 4229 posse,
1229 4148 1392 4211 licet
1416 4149 1651 4227 vellet,
1682 4148 1920 4211 omnia
1950 4146 2362 4210 necessaria
2400 4147 2536 4228 ipsi
2567 4146 3052 4228 suppeditare,

583 4265 653 4318 et
682 4253 1253 4337 quandoquidem
1283 4256 1417 4319 hoc
1448 4255 1678 4336 ipsum
1708 4254 1922 4319 fiebat
1950 4253 2272 4317 Venetiis
2303 4272 2346 4317 a
2374 4253 2451 4317 P.
2485 4254 2826 4333 Caesare,
2862 4253 3050 4333 quod

582 4363 697 4425 vel
725 4380 870 4425 non
897 4361 1229 4425 veniebat
1258 4361 1350 4424 ad
1380 4378 1590 4425 aures
1620 4360 1709 4425 D.
1749 4360 2020 4425 Prioris
2041 4410 2056 4441 ,
2090 4363 2207 4424 vel
2239 4360 2354 4424 ille
2377 4360 2892 4439 dissimulabat,
2919 4379 3051 4424 nec

668 4568 685 4599 ¹
741 4566 877 4610 Vide
897 4576 1075 4619 supra,
1096 4576 1217 4621 pag.
1244 4566 1339 4619 117,
1361 4577 1409 4609 n.
1426 4566 1522 4609 225.

664 4641 687 4671 ἱ
741 4638 875 4683 Vide
900 4638 1128 4692 Polanci,
1152 4649 1218 4682 ex
1239 4648 1389 4691 com„
1410 4639 1617 4683 litteras
1639 4639 1703 4683 ad
1726 4638 1941 4683 Patrem
1971 4638 2220 4691 Ioannem
2259 4638 2553 4693 Baptistam
2569 4636 2856 4694 Tavonum,
2879 4638 2931 4681 10
2950 4636 3056 4681 No-

586 4711 814 4755 vembris
835 4718 887 4755 et
910 4711 963 4754 15
982 4708 1285 4755 Decembris
1308 4710 1427 4754 155⁴.

3479 5305 3718 5345 A——l
