3742 5392
715 466 828 525 370
1634 465 1893 526 Canos.
1932 464 2090 525 Soc.
2129 464 2272 538 Jns.

717 628 862 689 gna
891 628 1064 675 suae
1093 611 1464 675 charitatis
1501 622 1570 675 et
1599 610 1996 675 dilectionis
2044 610 2569 684 observatione,
2622 616 2693 671 et
2740 607 2915 671 illud
2962 624 3185 671 unum

719 717 1020 798 aliquus
1049 719 1384 781 momenti
1415 719 1631 782 fuisse
1660 719 1909 781 scribit
1952 717 2141 799 quod
2190 717 2261 780 in
2314 715 2693 781 Societatis
2742 714 3051 793 gratiam
3086 714 3180 777 se-

719 826 956 903 cisset,
1011 824 1199 905 quod
1249 826 1519 888 scilicet
1569 826 1971 906 Principem
2030 824 2540 905 Hispaniarum
2594 822 2727 885 Phi
2756 822 2997 901 ippum
3018 870 3035 899 ,
3094 838 3181 883 ac

720 950 928 995 suum
955 948 1298 1011 generum
1329 932 1416 995 D.
1453 932 1845 1012 Ruigomez
1878 931 1921 1011 ¹,
1947 942 2018 995 et
2040 932 2223 994 alios
2242 940 2620 1007 magnates
2654 928 3179 1009 Hispaniarum,

720 1039 959 1121 quide
988 1037 1340 1102 Societate
1377 1040 1604 1102 malas
1635 1039 2173 1103 informationes
2220 1046 2671 1116 acceperant,
2724 1035 2811 1099 de
2856 1034 3183 1098 Instituto

723 1144 1104 1209 Societatis
1128 1146 1310 1208 bene
1347 1144 1718 1209 informari
1753 1154 2103 1224 curasset;
2149 1144 2441 1224 reliqua,
2485 1160 2667 1224 quae
2706 1142 3181 1221 praestiterat,

723 1270 857 1333 pro
885 1252 1106 1315 nihilo
1142 1270 1218 1315 se
1248 1251 1508 1315 ducere
1546 1252 1814 1331 scribit,
1871 1252 2203 1332 quamvis
2254 1250 2451 1315 addit
2498 1267 2577 1313 se
2626 1248 3186 1328 supplicaturum

725 1360 1144 1440 Imperatori
1173 1378 1307 1440 pro
1335 1360 1523 1422 illius
1551 1358 1848 1439 Collegii
1873 1359 2257 1432 dotatione,
2286 1358 2523 1438 aliqua
2548 1356 2855 1419 Abbatia
2879 1356 3186 1435 applica·

723 1480 822 1547 ta,
855 1478 931 1530 ut
961 1467 1270 1530 diximus
1299 1464 1342 1529 ⁸.
1377 1465 1570 1530 Idem
1597 1464 1897 1529 Pro-rex
1928 1466 2087 1530 aliis
2118 1466 2371 1528 litteris
2400 1474 2705 1528 testatur
2746 1480 2869 1543 per
2910 1471 3187 1525 contra·

727 1574 1073 1637 dictiones
1105 1574 1481 1636 veritatem
1507 1572 1884 1636 Societatis
1914 1582 2064 1635 tam
2090 1570 2475 1635 dilucidam
2514 1588 2673 1633 esse
2710 1569 2975 1633 factam
3016 1568 3188 1634 Cae—

726 1691 1228 1760 saraugustae,
1261 1691 1335 1743 ut
1363 1698 1448 1743 eo
1477 1680 1632 1759 ipso
1660 1679 1851 1759 quod
1881 1679 2136 1759 aliquis
2164 1677 2429 1741 nostris
2458 1677 3005 1755 contradiceret,
3054 1676 3187 1739 sibi

727 1788 862 1869 ipsi
893 1788 1394 1851 auctoritatem
1423 1803 1510 1849 ac
1537 1786 1748 1849 fidem
1779 1786 2183 1865 derogaret.

845 1895 986 1958 790.
1076 1894 1358 1958 Accidit
1413 1904 1652 1956 autem
1701 1893 1836 1956 hoc
1896 1901 2237 1956 autumno
2286 1902 2363 1955 ut
2412 1891 2836 1972 peregrinus
2890 1890 3179 1971 quidam

727 2002 1348 2080 Caesaraugustae
1379 2010 1812 2078 versaretur,
1845 2001 1933 2063 de
1963 2017 2102 2080 quo
2134 1999 2525 2064 Consilium
2552 1998 2877 2078 Pro-regi
2897 2012 3188 2077 sugges-

729 2122 922 2173 serat
952 2121 1050 2185 ut,
1085 2119 1450 2189 tamquam
1479 2110 2001 2188 exploratorem
2035 2105 2311 2170 Galliae
2334 2104 2381 2185 ⁸,
2408 2106 2481 2167 in
2503 2122 2869 2168 carcerem
2890 2121 3049 2167 eum
3073 2104 3189 2182 eji-

725 2226 952 2295 ceret;
1005 2214 1152 2293 sed,
1205 2224 1282 2277 ut
1332 2216 1484 2295 ipse
1531 2214 1987 2292 Pro-reginae
2035 2211 2060 2243 ⁴
2110 2212 2481 2285 referebat,
2532 2228 2802 2275 memor
2848 2210 3037 2291 quod
3066 2210 3185 2273 ali—

731 2324 1017 2403 quando
1047 2322 1123 2384 P.
1157 2322 1476 2401 Ignatius
1518 2331 1597 2384 ut
1633 2322 2059 2401 peregrinus
2094 2338 2221 2400 per
2262 2319 2469 2382 varia
2517 2321 2675 2382 loca
2723 2318 2993 2394 ivisset,
3026 2318 3189 2396 capi

725 2447 884 2493 eum
917 2430 1161 2507 noluit,
1198 2429 1322 2492 sed
1353 2446 1476 2508 per
1507 2428 1885 2507 quemdam
1915 2446 2003 2490 ex
2034 2428 2181 2490 suis
2213 2426 2668 2507 peregrinum
2690 2425 2975 2504 rogavit
3000 2432 3075 2487 ut
3098 2424 3189 2487 ad

726 2538 903 2601 sein
932 2537 1276 2617 palatium
1303 2536 1603 2599 veniret:
1637 2534 2097 2615 deprehendit
2138 2546 2376 2596 autem
2424 2536 2620 2596 illum
2671 2550 2827 2595 esse
2877 2532 3185 2595 nobilem

725 2644 1102 2725 quemdam
1141 2644 1371 2706 virum
1413 2660 1506 2705 ex
1543 2642 1801 2722 oppido
1841 2640 2268 2721 Perpignan,
2322 2640 2466 2720 qui,
2516 2639 2882 2719 religionis
2922 2638 3183 2717 gratia,

723 2752 1296 2832 peregrinatione
1327 2750 1417 2813 ad
1445 2748 1514 2813 S.
1549 2749 1901 2832 Jacobum
1932 2750 2003 2811 in
2034 2748 2509 2828 Compostella
2537 2757 2855 2827 peracta,
2898 2747 3183 2809 domum

723 2860 1026 2937 redienS,
1061 2859 1133 2922 in
1163 2858 1486 2921 morbum
1518 2856 2139 2935 Caesaraugustae
2170 2856 2537 2918 inciderat.

839 2966 982 3029 791.
1071 2964 1250 3029 Cum
1281 2975 1520 3027 autem
1549 2964 1614 3026 ei
1651 2960 1674 2993 ⁸
1714 2963 1983 3025 diceret
2028 2960 2102 3023 P.
2154 2962 2520 3040 TablareS,
2573 2961 2693 3041 qui
2742 2958 2980 3023 debita
3030 2958 3183 3040 ejus

723 3081 1026 3137 noverat
1046 3070 1096 3150 ⁰,
1123 3080 1197 3135 ut
1220 3080 1596 3134 contentus
1620 3078 1807 3133 esset
1829 3066 2257 3132 Societatem
2282 3067 2303 3098 ²
2320 3067 2599 3149 juvare,
2633 3085 2765 3130 nec
2790 3066 2993 3130 bonis
3018 3066 3187 3143 suiS,

721 3198 903 3261 quae
931 3180 1280 3243 exhausta
1309 3186 1536 3255 erant,
1561 3176 1868 3256 juvaret,
1907 3176 2127 3238 “bona
2158 3192 2341 3253 mea,
2375 3174 2600 3255 inquit
2638 3175 2774 3249 ille,
2820 3190 2965 3236 non
3004 3190 3182 3253 opus

721 3295 830 3350 est
878 3299 1119 3367 petere
1169 3286 1241 3347 in
1291 3283 1674 3346 Societatis
1726 3299 1953 3359 usum,
1998 3282 2123 3345 sed
2168 3282 2559 3360 accipere„,
2605 3280 2678 3344 id
2716 3278 3184 3360 significando

721 3393 909 3474 quod
938 3395 1122 3456 bona
1156 3392 1378 3473 ipsius
1406 3399 1772 3470 tamquam
1801 3389 2091 3469 propria
2124 3386 2449 3451 Societas
2480 3387 2811 3451 habitura
2848 3396 3060 3451 esset.

845 3500 987 3563 792.
1073 3498 1435 3564 Exercitia
1450 3498 1874 3577 spiritualia,
1894 3514 2078 3577 quae
2096 3495 2715 3575 Caesaraugustae
2730 3493 2999 3575 jamdiu
3018 3494 3185 3558 data

727 3608 897 3671 nulli
925 3607 1228 3685 fuerant,
1262 3616 1430 3669 tunc
1461 3605 1618 3667 dari
1656 3602 2081 3684 quibusdam
2124 3614 2543 3681 coeperunt;
2585 3610 2789 3664 erant
2828 3602 3015 3664 enim
3048 3601 3185 3664 duo

727 3716 1054 3777 canonici
1085 3712 1234 3793 ejus
1262 3712 1488 3791 regni,
1521 3712 1641 3792 qui
1671 3710 2325 3789 Caesaraugustam
2354 3709 2445 3772 ad
2473 3708 2546 3772 id
2576 3716 2956 3788 venerant;
2988 3716 3059 3771 et
3090 3709 3189 3770 al·

804 3921 820 3954 ¹
882 3918 976 3963 Rui
1008 3918 1349 3970 (Rodericns)
1371 3916 1561 3962 Gomez
1591 3917 1653 3960 de
1683 3916 1848 3960 Silva.
1871 3914 2007 3959 Vide
2030 3914 2223 3959 Canas
2242 3915 2308 3958 de
2332 3913 2444 3957 San
2464 3912 2704 3968 Ignacto,
2724 3919 2763 3958 t.
2784 3924 2855 3965 ιν,
2875 3924 2995 3968 pag.
3016 3914 3083 3971 13,
3106 3923 3193 3957 nn·

721 3998 830 4037 not.
853 3990 880 4034 2
899 3998 953 4034 et
973 4002 1094 4045 pag.
1115 3990 1212 4045 224,
1233 4000 1412 4033 annot.
1433 3990 1475 4033 2.

804 4064 855 4095 ¹·
883 4062 1076 4116 Supra,
1099 4074 1215 4117 paz.
1235 4062 1330 4111 367,
1353 4073 1404 4105 n.
1422 4061 1520 4105 782.

805 4134 828 4167 ³
883 4134 1082 4180 Bellum
1105 4140 1226 4177 tunc
1246 4136 1524 4177 exercebat
1545 4144 1665 4176 cum
1694 4130 1901 4176 Galliae
1924 4131 2067 4186 Rege
2090 4130 2310 4175 Carolus
2334 4130 2383 4175 V
2404 4130 2718 4185 Imperator.

803 4208 828 4240 ⁴
881 4206 1169 4250 catharina
1190 4207 1250 4249 de
1275 4204 1436 4255 Silva.
1455 4206 1623 4259 prima
1645 4204 1860 4247 Comitis
1884 4203 2164 4247 Melitensis
2186 4214 2333 4254 uxor,
2368 4202 2536 4247 SALAz
2548 4212 2609 4245 ut
2635 4212 2669 4246 r
2704 4200 2921 4255 Cauno,
2946 4200 3191 4245 Historia

723 4279 1066 4331 genealogica
1090 4278 1155 4321 de
1177 4278 1230 4321 la
1261 4288 1388 4321 casa
1419 4276 1484 4319 de
1507 4275 1676 4329 Silva,
1699 4274 1786 4319 lib.
1809 4285 1885 4330 111,
1910 4286 2023 4329 cap.
2048 4287 2135 4329 xv,
2158 4274 2188 4330 g
2212 4285 2290 4329 ιιι;
2316 4272 2480 4327 Multo,
2516 4272 2648 4318 Vida
2669 4274 2737 4316 de
2755 4274 2811 4317 ta
2834 4272 3100 4317 Prt'ncesa
3124 4273 3193 4316 de

728 4350 898 4399 Eooti,
917 4362 1032 4404 cap.
1055 4361 1088 4392 ι.

809 4420 832 4453 ⁸
887 4420 1100 4465 Scilicet
1122 4419 1354 4473 Proregl.

805 4489 832 4525 ⁸
885 4492 944 4536 In
965 4499 1144 4535 tantas
1165 4492 1433 4545 angustias
1456 4491 1710 4535 Comitem
1733 4488 2059 4534 Melitensem
2091 4491 2267 4535 debita
2300 4490 2549 4544 redegere
2574 4495 2633 4534 ut
2652 4500 2873 4543 aequum
2896 4488 3193 4543 Judicarent

727 4565 892 4609 nostri
924 4562 1315 4619 Complutenses
1346 4563 1392 4607 el
1426 4564 1640 4607 reddere
1677 4574 2029 4616 quaecumque
2060 4574 2154 4617 pro
2186 4562 2539 4617 Complutensi
2567 4562 2798 4615 Collegio
2831 4560 3057 4605 dotando
3085 4560 3197 4605 tnn-

727 4638 994 4690 dandoque
1027 4643 1078 4680 et
1099 4635 1390 4679 extruenda
1409 4636 1632 4679 ecclesia
1649 4636 1757 4687 ipse
1775 4636 2082 4679 donaverat.
2112 4634 2277 4679 -Vide
2300 4635 2455 4688 infra,
2478 4646 2527 4677 n.
2555 4634 2673 4677 1022.

807 4708 828 4739 ‘¹
885 4708 1046 4752 Deest
1067 4708 1150 4751 hic
1173 4707 1380 4761 aliquod
1401 4708 1630 4759 verbum,
1655 4713 1780 4761 puta
1804 4708 2145 4757 auctoritate,
2159 4708 2423 4761 potentia,
2443 4714 2535 4752 aut
2555 4706 2695 4752 allud
2717 4707 2900 4753 simile.
