3742 5392
747 475 856 534 56⁴1
1671 471 1929 534 Canon.
1971 472 2123 532 Soc.
2166 473 2307 546 Jsss.

752 621 1078 700 perpetui
1106 637 1196 682 ex
1217 618 1373 700 ipso
1396 619 1596 698 regio
1617 616 2070 698 patrimoniO,
2096 618 2349 682 deinde
2372 619 2801 700 quingentos
2824 635 3083 682 aureos
3105 621 3225 684 vel

747 736 1160 805 sexcent05‚
1193 727 1311 807 qui
1341 726 1641 806 singulis
1671 727 1879 789 annis
1909 726 2427 804 colligebantur
2456 741 2548 789 ex
2570 725 2773 788 donis
2804 743 2847 789 a
2878 724 3213 808 Principi-

747 835 881 898 bus
911 833 1151 897 Indiae
1180 833 1362 913 Regi
1399 833 1676 912 oblatiS‚
1720 843 1789 896 et
1829 833 1922 896 ad
1952 833 2141 896 mille
2173 848 2430 896 aureos
2468 833 2850 914 aliquando
2880 833 3216 896 ascende-

746 941 951 1005 bant:
984 939 1437 1005 confirmavit
1463 941 1680 1006 etiam
1711 939 1730 972 ¹
1760 941 1951 1004 mille
1993 950 2064 1003 et
2094 940 2520 1021 quingentos
2560 956 2818 1004 aureos
2854 940 3070 1003 annui
3116 956 3227 1003 re·

746 1049 936 1112 ditus
964 1050 1308 1128 perpetui.
1339 1064 1518 1128 quos
1549 1048 1877 1128 superius
1907 1047 2217 1111 diximus
2246 1045 2269 1076 ’
2300 1047 2582 1127 templis
2613 1045 2957 1110 idolorum
3001 1047 3233 1110 fuisse

748 1154 1107 1236 quondam
1136 1155 1562 1236 applicatOS‚
1606 1165 1677 1218 et
1715 1155 2193 1218 instrumenta
2230 1152 2632 1234 hujusmodi
2676 1154 3229 1218 concessionum

747 1263 820 1326 in
870 1259 1148 1326 Indiam
1186 1262 1402 1325 missa
1443 1261 1751 1326 fuerunt.
1791 1261 2017 1343 Jussit
2053 1261 2271 1324 etiam
2308 1261 2585 1339 vinum,
2638 1261 2829 1342 quod
2869 1261 2967 1324 ibi
3008 1261 3219 1325 valde

747 1370 1048 1438 charum
1077 1379 1208 1450 est,
1242 1386 1405 1432 cum
1433 1387 1522 1432 ex
1551 1368 1991 1450 Portugallia
2023 1368 2406 1448 deferatur,
2441 1367 2757 1449 Collegio
2787 1367 2966 1448 dari,
3000 1379 3071 1432 et
3100 1369 3221 1432 du-

746 1484 994 1539 centos
1024 1493 1280 1540 aureos
1310 1475 1402 1539 ad
1431 1477 1652 1540 libros
1676 1484 1745 1539 et
1770 1477 1910 1539 alia
1934 1474 2235 1538 emenda
2258 1473 2577 1556 Collegio
2602 1473 2892 1540 Goensi.
2918 1475 3229 1540 Conces-

751 1585 842 1648 sit
875 1585 1089 1647 etiam
1120 1583 1402 1647 cuidam
1431 1601 1620 1646 novo
1651 1583 1993 1664 collegio,
2029 1582 2217 1663 quod
2258 1582 2335 1646 P.
2386 1581 2669 1662 Gaspar
2699 1591 3030 1646 erexerat
3055 1600 3221 1663 pue-

748 1692 848 1754 ris
879 1690 1253 1772 indigeniS,
1286 1701 1362 1754 ut
1393 1691 1466 1754 in
1489 1708 1575 1753 eo
1597 1690 1858 1754 latinas
1882 1691 2158 1753 litteras
2186 1690 2563 1769 discerent,
2590 1698 2910 1754 trecenta
2932 1691 3169 1754 modia
3194 1687 3219 1721 ⁸

748 1815 1012 1879 oryzae
1067 1815 1307 1862 annua
1357 1799 1474 1860 vel
1513 1797 1838 1877 amplius.
1891 1796 2411 1861 concesserant
2442 1798 2656 1861 etiam
2686 1796 3222 1861 Gubernatores

751 1905 1036 1969 cuidam
1063 1905 1421 1985 hospitali,
1447 1905 1635 1985 quod
1665 1922 1848 1967 unus
1870 1923 1962 1967 ex
1984 1903 2249 1967 nostris
2273 1905 2696 1984 instituerat,
2721 1912 3078 1968 trecentos
3102 1922 3218 1967 an-

751 2029 933 2076 nuos
963 2029 1252 2090 aureOS,
1286 2021 1357 2075 et
1393 2009 1604 2092 hujus
1647 2012 2027 2091 hospitalis
2063 2013 2291 2075 nostri
2334 2029 2578 2075 curam
2618 2011 2816 2076 Goae
2852 2011 3229 2091 gerebant·,

752 2120 885 2183 hos
914 2119 1128 2183 etiam
1157 2119 1428 2182 reditus
1456 2127 1838 2199 perpetuos
1868 2118 2006 2181 hoc
2031 2135 2217 2182 anno
2240 2117 2397 2182 Rex
2424 2136 2580 2182 esse
2603 2118 2848 2196 voluit,
2875 2129 2946 2181 et
2966 2119 3219 2181 harum

754 2226 1294 2290 concessionum
1325 2225 1720 2305 scripturas
1749 2225 1822 2288 in
1852 2223 2124 2288 Indiam
2156 2225 2373 2288 etiam
2398 2225 2764 2289 miserunt.

876 2331 1055 2396 1213.
1142 2331 1536 2411 Collegium
1590 2331 1949 2412 quoddam
1998 2331 2394 2396 institutum
2432 2342 2586 2396 erat
2623 2333 2694 2396 in
2734 2331 2930 2396 India
2979 2332 3051 2395 in
3100 2349 3217 2412 op·

749 2439 920 2520 pido
951 2440 1405 2519 Crauganor,
1439 2438 1558 2501 ubi
1589 2448 1871 2502 centum
1911 2441 2111 2519 pueri
2142 2440 2273 2502 sub
2310 2439 2621 2519 quodam
2658 2439 2880 2504 fratre
2918 2439 3219 2503 Vincen-

749 2548 876 2627 tio,
910 2547 1122 2628 paulo
1153 2556 1364 2609 antea
1393 2556 1673 2609 mortuo
1705 2543 1753 2624 ⁴,
1788 2546 2365 2626 instituebantur3
2395 2548 2532 2610 hoc
2557 2547 2774 2611 etiam
2802 2547 2958 2612 Rex
2985 2545 3217 2611 Socie-

755 2656 888 2719 tati
917 2654 1248 2733 donavit,
1293 2652 1622 2734 quamvis
1649 2670 1795 2716 non
1824 2653 2200 2716 constabat
2236 2670 2414 2733 quos
2442 2653 2734 2717 haberet
2761 2653 3061 2734 reditus;
3104 2671 3218 2717 res

750 2773 991 2826 tamen
1020 2761 1348 2825 effectum
1375 2777 1519 2824 non
1549 2768 1655 2823 est
1687 2761 1963 2836 sortita,
1998 2771 2067 2824 et
2100 2761 2284 2824 ratio
2314 2761 2605 2824 inferius
2628 2761 2813 2824 forte
2836 2761 3217 2825 videbitur.

874 2868 1050 2933 1214.
1137 2867 1454 2946 Collegio
1468 2867 1790 2946 Caulani,
1818 2868 1933 2931 cui
1948 2867 2023 2930 P.
2050 2865 2385 2932 Nicolaus
2406 2867 2842 2932 Lancillotus
2861 2877 3211 2950 praeerat,

747 2978 886 3040 hoc
916 2978 1072 3057 ipso
1115 2993 1302 3039 anno
1363 2973 1864 3055 quadringenti
1908 2975 2105 3038 aurei
2144 2977 2359 3038 annui
2395 2975 2667 3040 reditus
2696 2978 3032 3057 applicati
3072 2977 3215 3040 fue·

745 3093 934 3164 runt,
970 3099 1148 3164 quos
1180 3100 1272 3145 ex
1309 3080 1506 3144 India
1552 3082 1989 3160 scripserant
2036 3080 2127 3145 ad
2172 3083 2683 3162 quinquaginta
2729 3101 2991 3164 pueros
3034 3084 3211 3164 (toti-

748 3192 909 3254 dem
938 3191 1126 3254 enim
1156 3189 1253 3252 ibi
1283 3189 1855 3263 instituebantur)
1905 3187 2248 3252 sufficere.
2283 3189 2651 3268 Quaedam
2694 3192 2909 3254 etiam
2940 3192 3102 3271 alia,
3136 3200 3210 3254 ut

748 3301 974 3361 altare
1003 3295 1332 3377 penicillo
1365 3294 1720 3374 depictum
1761 3305 1830 3357 et
1870 3312 2293 3375 campanam
2325 3297 2398 3359 in
2422 3298 2767 3372 ecclesiae
2791 3315 3017 3376 usum,
3053 3315 3212 3362 con·

747 3404 963 3468 cessit
1000 3401 1046 3483 ⁸3
1091 3419 1175 3466 ac
1214 3410 1589 3482 praeterea
1631 3400 1973 3482 quidquid
2009 3403 2491 3466 necessarium
2534 3413 2720 3466 esset
2758 3404 3045 3482 nostriS,
3094 3405 3219 3480 qui·

746 3513 818 3574 in
846 3509 1228 3575 Provincia
1247 3506 1624 3589 japonensi
1649 3509 2144 3587 versabantur,
2180 3511 2509 3589 quamvis
2532 3529 2613 3574 ea
2638 3510 2818 3593 Regi
2848 3509 3213 3593 Portugal-

745 3619 885 3682 liae
922 3616 1240 3698 subjecta
1290 3635 1433 3680 non
1485 3624 1694 3694 esset,
1739 3614 1896 3678 dari
1940 3614 2170 3696 jussit,
2226 3626 2295 3679 et
2346 3617 2418 3680 in
2469 3636 2637 3682 arce
2686 3636 2817 3682 sua
2867 3619 3209 3698 Malacae,

745 3743 930 3806 quae
957 3723 1462 3805 japonensibus
1501 3722 1804 3786 caeteris
1843 3723 2148 3787 vicinior
2178 3733 2305 3802 est,
2349 3726 2498 3787 suis
2542 3726 2883 3790 ministris
2912 3725 3215 3807 injunxit

745 3843 822 3896 ut
851 3828 1257 3911 hujusmodi
1285 3829 1828 3894 subventionem
1852 3829 2116 3893 nostris
2140 3831 2697 3912 suppeditarent,
2724 3850 2887 3896 nam
2914 3833 3003 3896 ad
3030 3833 3209 3898 aedi·

743 3939 1150 4002 ficationem
1174 3937 1671 4018 japonensium
1699 3937 1910 4000 valde
1940 3938 2296 4017 pertinere
2340 3939 2686 4003 intellexit
2730 3949 2806 4004 ut
2846 3942 3000 4004 sine
3029 3941 3214 4022 ipso·

833 4216 846 4248 Ι
905 4215 1040 4258 Rex.

819 4287 842 4318 Ἰ
899 4284 1070 4341 Supra
1085 4316 1098 4338 ,
1123 4289 1160 4328 t.
1180 4295 1216 4340 1,
1237 4295 1358 4340 pag.
1379 4285 1481 4339 475,
1503 4296 1552 4328 n.
1570 4285 1669 4329 525.

819 4359 842 4389 ⁵
895 4357 1191 4402 Mensuram
1212 4355 1474 4412 intellige,
1498 4367 1630 4411 quae
1651 4358 1925 4402 lusitanice
1948 4358 2138 4403 dicitur
2148 4358 2349 4414 sanga,
2365 4360 2633 4415 hispanice
2642 4361 2853 4418 sanega
2874 4363 3014 4416 (vide
3035 4374 3221 4419 supra„

736 4441 857 4484 pag.
878 4431 976 4485 484,
999 4441 1048 4474 n.
1073 4427 1194 4480 1022)
1209 4460 1220 4481 ,
1243 4429 1378 4482 quod
1408 4429 1498 4472 alii
1519 4427 1681 4472 latine
1702 4435 1917 4472 vertunt
1942 4429 2300 4481 medimnum,
2320 4431 2412 4476 alli
2436 4433 2689 4476 modium.
2710 4432 2807 4477 Est
2828 4441 3003 4478 tamen
3010 4433 3213 4489 sanga,

723 4503 958 4558 sanega,
978 4501 1234 4547 medimno
1255 4499 1438 4543 Attico
1461 4499 1628 4543 minor
1647 4511 1908 4553 mensura,
1933 4502 2103 4545 modio
2124 4503 2306 4556 major.

823 4575 845 4605 ⁴
897 4571 986 4616 Fr.
1005 4570 1313 4615 'Vincentius
1341 4571 1404 4614 de
1434 4569 1634 4626 Lazos,
1656 4570 1714 4616 Ο.
1733 4571 1786 4616 S.
1807 4571 1868 4616 F.
1892 4572 2328 4628 Capuccinorum,
2348 4575 2410 4618 de
2444 4585 2545 4630 quo
2576 4575 2693 4620 vide
2730 4588 2915 4632 supra,
2938 4587 2976 4622 t.
3006 4589 3067 4630 11.
3090 4579 3217 4623 dum

737 4647 798 4689 de
834 4647 988 4688 rebus
1007 4642 1204 4687 Indiae.

817 4717 840 4746 ἴ·
895 4715 1005 4758 Rex
1037 4713 1420 4768 Portugalliae.
