3742 5392
1625 472 1753 528 Ax.
1799 470 1935 528 1554
2992 471 3031 529 9

553 633 724 680 cam
755 615 1140 680 mittendus
1170 628 1392 693 esset;
1439 618 1768 697 quamvis
1805 635 1893 680 ea
1931 618 2175 681 missio
2219 615 2541 681 effectum
2586 617 2837 680 sortita
2881 633 3023 680 non

561 733 704 802 est,
738 732 814 786 ut
845 723 1159 787 dicemus
1195 727 1234 787 '.

685 830 746 894 8.
833 831 912 896 In
939 833 1242 896 ecclesia
1273 833 1522 896 domus
1557 833 2043 913 professorum
2086 832 2418 913 frequens
2460 832 2841 896 admodum
2884 830 3027 895 die·

565 939 698 1002 bus
727 939 1102 1004 dominicis
1133 949 1201 1003 et
1239 939 1438 1004 festis
1475 949 1630 1004 erat
1667 939 2033 1003 hominum
2082 955 2474 1003 concursus
2516 938 2607 1003 ad
2647 939 2849 1002 verbi
2893 937 3027 1002 Dei

563 1047 1172 1126 praedicationem
1211 1056 1282 1110 et
1332 1048 1814 1128 vespertinam
1851 1048 2266 1123 lectionem;
2308 1046 2620 1126 quotidie
2663 1055 2897 1110 autem
2934 1046 3028 1108 ad

557 1153 1032 1218 Sacramenta
1057 1155 1527 1219 confessionis
1544 1165 1613 1219 et
1629 1154 2147 1220 communionis
2168 1154 2453 1250 plurimi
2475 1154 2933 1232 accedebant;
2957 1165 3028 1216 et

563 1262 736 1341 quia
764 1261 1040 1325 fructus
1070 1262 1422 1338 imminui,
1455 1272 1745 1343 propter
1775 1262 2121 1326 ecclesiae
2148 1261 2625 1342 capacitatem
2662 1261 3023 1340 exiguam,

564 1368 942 1433 videbatur
963 1418 978 1447 ,
1013 1366 1088 1432 P.
1121 1369 1442 1448 Ignatius
1460 1419 1475 1450 ,
1510 1371 1628 1451 qui
1659 1371 1856 1451 priu's
1882 1419 1897 1448 ,
1926 1369 2161 1452 quoad
2184 1369 2335 1450 ejus
2355 1370 2507 1435 fieri
2528 1378 2831 1450 poterat,
2858 1378 3027 1432 tem-

559 1476 666 1557 pli
693 1477 1069 1557 angustias
1097 1477 1526 1542 dilataverat
1544 1527 1558 1550 .
1593 1495 1756 1541 cum
1786 1479 2073 1542 omnino
2102 1478 2422 1541 dilatatio
2455 1475 2855 1556 hujusmodi
2883 1494 3026 1540 ma·

555 1599 710 1662 gna
742 1600 898 1648 esse
930 1601 1071 1648 non
1104 1596 1383 1664 posset,
1417 1603 1548 1648 nec
1587 1585 2017 1649 multitudini
2048 1584 2549 1648 confluentium
2584 1584 3023 1660 satisfacere,
3098 1604 3107 1617 ’

561 1691 654 1754 de
683 1708 874 1755 nova
904 1692 1210 1756 ecclesia
1239 1691 1680 1756 aedificanda
1711 1693 2053 1756 sollicitus
2082 1701 2270 1773 erat;
2303 1702 2372 1755 et
2402 1693 2730 1773 quamvis
2750 1690 2899 1771 Jam
2936 1691 3028 1754 ab

557 1815 652 1862 eo
682 1785 1031 1880 tempore,
1065 1817 1204 1880 quo
1235 1799 1509 1864 Romae
1537 1799 1770 1864 fuerat
1820 1799 1897 1864 P.
1948 1800 2381 1864 Franciscus
2424 1801 2447 1830 ¹
2492 1819 2680 1864 anno
2712 1799 3024 1881 jubilaei,

565 1907 838 1987 primus
875 1909 1058 1988 lapis
1099 1907 1374 1988 positus
1415 1916 1485 1971 et
1525 1907 2147 1971 fundamentorum
2190 1924 2360 1988 pars
2396 1905 2591 1986 jacta
2629 1917 2815 1986 erat;
2862 1906 3027 1986 quia

565 2013 911 2094 magistro
939 2016 1222 2078 viarum
1253 2015 1623 2079 videbatur
1654 2015 1891 2096 platea
1920 2016 2153 2093 magis
2193 2032 2349 2078 esse
2393 2013 2754 2078 dilatanda
2776 2063 2791 2092 ,
2833 2022 2905 2077 et
2940 2013 3025 2076 si·

565 2133 682 2184 tus
712 2139 803 2186 ex
831 2123 1290 2204 consequenti
1321 2121 1704 2186 mutandus
1733 2132 1917 2200 erat,
1950 2122 2090 2185 alia
2115 2121 2264 2203 jam
2302 2122 2575 2185 ratione
2618 2131 2687 2184 et
2725 2120 2887 2185 loco
2928 2119 3028 2183 in·

561 2229 830 2293 choata
859 2231 1164 2294 ecclesia
1194 2231 1506 2294 secundo
1535 2229 1666 2293 fuit
1695 2227 1752 2308 ⁸,
1788 2240 1855 2293 et
1896 2230 2168 2310 primus
2203 2229 2387 2310 lapis
2424 2230 2496 2292 in
2534 2227 2742 2292 novis
2782 2227 3028 2291 funda-

565 2336 826 2400 mentis
847 2336 1076 2400 denuo
1098 2338 1468 2419 ponendus
1487 2337 1641 2401 fuit.
1672 2336 1806 2401 Die
1827 2354 2002 2417 ergo
2027 2335 2357 2401 Octobris
2380 2344 2605 2414 sexta,
2629 2333 3029 2399 Cardinalis

564 2441 656 2505 D.
691 2442 1279 2507 Bartholomaeus
1301 2444 1388 2508 de
1411 2446 1481 2508 la
1503 2443 1771 2524 Cueva‚
1799 2444 1892 2507 ad
1922 2444 2111 2508 hunc
2138 2444 2447 2524 lapidem
2472 2441 3030 2507 benedicendum

559 2561 638 2614 et
667 2551 1074 2630 ponendum
1104 2559 1400 2632 rogatus
1420 2600 1435 2629 ,
1468 2551 1790 2627 advenit,
1825 2552 1939 2615 cui
1969 2561 2039 2614 et
2075 2553 2391 2631 Legatus
2432 2551 2649 2631 Regis
2688 2550 3030 2630 Portuga-

565 2658 705 2722 liae
732 2655 759 2689 ⁴
787 2657 1037 2722 aderat
1068 2667 1139 2722 et
1168 2659 1292 2723 alii
1322 2659 1459 2722 viri
1487 2675 1630 2722 non
1660 2658 1967 2738 exiguae
1997 2659 2475 2737 auctoritatis;
2508 2657 2806 2722 aderant
2835 2666 2904 2721 et
2923 2674 3029 2720 re-

563 2766 804 2847 ligiosi
851 2766 1102 2830 domus
1145 2776 1433 2831 nostrae
1480 2777 1548 2830 et
1587 2767 1995 2847 collegiales
2035 2767 2316 2831 romani
2355 2766 2650 2846 Collegii
2700 2775 2771 2828 et
2812 2765 3030 2828 etiam

557 2873 1001 2938 Germanici.
1036 2873 1526 2938 Contendebat
1555 2883 1794 2939 autem
1824 2872 2226 2938 Cardinalis
2253 2891 2383 2956 pro
2424 2891 2555 2936 sua
2594 2871 3031 2936 humanitate

565 2997 734 3044 cum
762 2979 840 3046 P.
871 2981 1181 3063 Ignatio,
1215 2992 1292 3046 ut
1321 2982 1440 3062 qui
1467 2981 1772 3062 primum
1801 2983 2111 3063 lapidem
2140 2982 2579 3063 spiritualem
2607 2981 2679 3044 in
2709 2978 3030 3043 aedificio

567 3086 949 3152 Societatis
980 3099 1268 3153 nostrae
1299 3086 1686 3169 posuisSet‚
1719 3089 2026 3169 primum
2055 3089 2267 3152 etiam
2298 3087 2737 3151 materialem
2778 3087 2853 3150 in
2896 3087 3031 3149 hoc

563 3197 835 3277 templo
863 3194 1242 3261 Societatis
1271 3207 1588 3277 poneret.
1622 3195 1802 3260 Cum
1846 3206 2084 3260 autem
2127 3204 2527 3272 recusaret,
2567 3204 2645 3257 ut
2683 3211 2815 3275 par
2853 3202 3033 3272 erat,

567 3301 646 3366 P.
680 3302 1028 3383 IgnatiuS,
1060 3304 1509 3368 benedictum
1535 3303 1844 3384 lapidem
1873 3301 2098 3366 voluit
2120 3301 2521 3366 Cardinalis
2541 3312 2618 3365 ut
2640 3301 2851 3364 simul
2870 3317 3032 3364 cum

569 3411 732 3491 ipso
772 3409 848 3474 P.
903 3411 1224 3490 Ignatius
1262 3419 1580 3492 poneret.
1623 3409 1839 3474 Dedit
1882 3411 2098 3473 etiam
2147 3409 2325 3473 duos
2372 3408 2725 3490 pretiosos
2766 3407 3035 3489 lapides

565 3535 716 3580 non
743 3518 987 3598 exigui
1015 3519 1261 3600 pretii,
1293 3528 1370 3583 ut
1397 3518 1788 3595 ferebatur,
1818 3517 2254 3597 CardinaliS,
2281 3525 2359 3580 ut
2380 3517 2511 3580 sub
2542 3515 2777 3598 lapide
2808 3517 3035 3596 primo

571 3635 1003 3706 ponerentur
1033 3627 1122 3689 ab
1152 3627 1579 3706 architecto;
1615 3625 1978 3707 quamviS,
2010 3625 2074 3688 si
2102 3625 2409 3706 pretium
2437 3640 2685 3688 eorum
2712 3622 2789 3687 P.
2832 3623 3036 3702 Igna-

568 3733 718 3796 tius
745 3732 1207 3797 intellexisset
1224 3782 1239 3812 ,
1272 3751 1416 3797 non
1444 3734 1883 3815 permisisset
1911 3732 2239 3796 fortassis
2260 3733 2333 3796 in
2356 3730 2815 3795 fundamento
2838 3732 3032 3810 poni,

563 3841 902 3922 quamvis
932 3840 1216 3904 devotio
1247 3839 1648 3905 Cardinalis
1677 3840 2003 3904 omnibus
2033 3839 2511 3903 aedificationi
2537 3838 2771 3902 fuerit.

658 4011 672 4042 ⁸
733 4007 866 4054 Vide
889 4010 1044 4064 infra,
1068 4011 1188 4054 dum
1207 4011 1272 4054 de
1293 4013 1448 4056 rebus
1468 4009 1676 4056 Siciliae
1699 4010 1893 4064 agitur.

653 4081 678 4114 ¹
733 4081 788 4126 P.
809 4081 1123 4126 Franciscus
1145 4081 1354 4137 norgia.
1376 4082 1512 4126 Vide
1533 4093 1711 4136 supra.
1732 4089 1770 4126 t.
1793 4091 1852 4134 n,
1877 4093 1925 4125 n.
1948 4081 2025 4134 21,
2047 4093 2167 4136 pag.
2191 4081 2257 4125 18.

654 4153 678 4186 ⁸
731 4152 840 4200 “La
859 4153 1038 4199 chiesa
1059 4163 1240 4200 nostra
1261 4166 1361 4200 non
1380 4156 1422 4198 si
1447 4157 1474 4199 e
1497 4154 1807 4198 comlnclata
1830 4164 1925 4208 per
1946 4154 1980 4197 li
2001 4154 2187 4207 grandi
2210 4153 2443 4207 travagli
2472 4153 2567 4198 che
2587 4154 2635 4197 cl
2656 4153 2827 4196 hanno
2847 4152 2971 4196 dato
3002 4153 3039 4196 11

575 4225 752 4280 vicini,
772 4227 912 4280 quali
934 4229 1058 4281 pero
1079 4229 1194 4271 coll’
1213 4229 1429 4281 agg-into
1449 4227 1624 4271 divino
1643 4235 1768 4270 tono
1788 4227 1878 4281 gia
1898 4225 2047 4281 quasi
2068 4225 2215 4270 finiti.
2240 4223 2297 4269 Io
2329 4225 2539 4271 avlsero
2559 4225 2613 4269 la
2644 4225 2709 4268 R.
2748 4223 2813 4269 V.
2835 4225 3039 4280 quando

571 4299 620 4342 si
639 4297 955 4342 cominciara
975 4309 1008 4344 a
1029 4299 1112 4344 far
1131 4300 1352 4354 qualche
1371 4311 1512 4345 cosa.

658 4369 836 4422 ..Mu-o.
855 4369 1092 4414 Lorenzo
1112 4383 1204 4416 suo
1223 4378 1307 4416 sta
1327 4377 1580 4427 occupato
1599 4373 1654 4417 in
1673 4372 2037 4416 accommodat
2058 4371 2110 4415 la
2125 4369 2288 4414 Torre
2309 4369 2478 4415 Rosea
2491 4380 2519 4413 e
2540 4369 2611 4414 ha
2625 4369 2840 4414 riuscito
2861 4380 2929 4413 un
2954 4370 3041 4412 bo·

579 4443 790 4486 nimime
808 4443 1056 4497 religioso
1077 4450 1128 4488 et
1149 4445 1310 4488 molto
1329 4446 1661 4500 cntempla-e,
1683 4451 1736 4489 et
1757 4445 1811 4488 fa
1831 4445 2004 4498 quello
2024 4443 2119 4486 che
2140 4449 2289 4486 tocca
2310 4442 2399 4486 all·
2416 4448 2533 4486 arte
2552 4453 2646 4486 sua
2662 4443 2823 4486 molto
2844 4443 2971 4486 bene
2986 4447 3042 4486 et

571 4515 726 4569 quani
749 4515 794 4559 ci
813 4526 940 4570 pare
961 4526 1062 4559 non
1081 4517 1125 4561 si
1146 4517 1396 4571 potrebbe
1416 4517 1704 4571 migliorar.
1739 4515 1818 4561 Fa
1837 4516 2002 4560 etiam
2030 4516 2193 4559 molto
2215 4516 2346 4558 bene
2376 4514 2407 4557 l’
2426 4514 2589 4558 uffltio
2616 4513 2756 4558 della
2784 4520 2965 4569 portu
2988 4513 3039 4557 di

577 4586 728 4630 modo
747 4587 844 4630 che
862 4599 962 4632 non
983 4599 1040 4632 so
1061 4589 1142 4632 chi
1165 4589 1356 4642 potessl
1377 4599 1471 4643 per
1491 4589 1660 4644 questi
1681 4589 1765 4632 dol
1783 4587 1935 4633 uffitii
1954 4597 2098 4631 esser
2116 4587 2203 4641 piu
2224 4588 2277 4631 al
2295 4587 2562 4641 proposito
2590 4585 2643 4630 in
2663 4595 2850 4641 questa
2870 4597 3045 4639 casa...

581 4657 853 4714 Polaticus,
873 4671 942 4703 ex
961 4671 1113 4711 com„
1131 4659 1279 4704 Patri
1299 4659 1486 4713 joanni
1506 4659 1805 4710 Pelletario.
1823 4661 1877 4704 81
1898 4659 2075 4704 Martii
2099 4659 2218 4704 155⁴.

663 4732 684 4763 ⁴
739 4731 1038 4788 Alphomuo
1057 4732 1120 4775 de
1143 4733 1470 4788 Alencastre,
1491 4731 1620 4778 Vide
1641 4743 1817 4787 snpra,
1838 4743 1889 4776 n.
1909 4733 1953 4786 6,
1974 4744 2096 4787 pag.
2115 4731 2160 4776 7.
