3742 5392
1625 444 1751 504 Aa.
1796 444 1939 503 1554
2917 444 3032 505 265

676 592 821 656 570.
908 592 1301 674 Collegium
1330 592 1819 673 Tyrnaviense
1842 592 1978 655 hoc
2003 610 2190 655 anno
2213 592 2396 655 mitti
2417 609 2559 655 non
2583 591 2835 671 potuit,
2864 608 3026 653 cum

562 700 633 763 in
680 700 1075 781 Ungariam
1112 698 1393 763 Turcae
1434 698 1888 779 irrupissent,
1935 707 2004 762 et
2040 697 2252 763 novis
2299 714 2458 761 eam
2499 696 3028 761 calamitatibus

544 806 977 871 afflixissent
1010 806 1053 887 ¹,
1091 816 1161 870 et
1202 806 1362 869 ideo
1400 805 1634 886 magis
1684 804 1869 869 serio
1913 806 2035 884 agi
2073 813 2400 885 coeptum
2431 814 2538 867 est
2588 802 2675 866 de
2705 802 3022 884 Collegio

558 913 925 995 Pragensi,
958 911 1160 994 qu’us
1190 911 1467 976 initium
1496 912 1632 975 hoc
1660 910 1807 975 fuit.
1842 910 2000 975 Rex
2022 910 2504 976 Romanorum
2532 908 3026 974 Ferdinandus

560 1022 696 1086 hoc
729 1038 949 1100 ann0,
988 1030 1065 1083 ut
1108 1019 1431 1101 superius
1480 1018 1789 1082 diximus
1830 1020 1874 1095 ⁸,
1934 1016 2031 1098 [in
2079 1015 2524 1097 Bohemiam]
2571 1034 2650 1080 se
2700 1018 3020 1097 contulit,

559 1146 768 1210 quem
792 1136 1270 1209 consequutus
1292 1126 1687 1207 Episcopus
1711 1114 2111 1189 lab'acensis
2132 1123 2286 1204 ejus
2311 1123 2814 1203 confessariuS,
2841 1141 3024 1189 sum-

560 1244 681 1316 pta
712 1234 1089 1298 occasione
1126 1252 1217 1297 ex
1256 1232 1564 1314 quodam
1606 1224 2044 1295 monasterio
2085 1230 2646 1297 Coelestinorum
2685 1230 2733 1310 ³,
2778 1233 2852 1297 in
2889 1250 3026 1314 quo

556 1360 741 1407 unus
768 1351 1044 1405 tantum
1074 1340 1449 1421 religiosus
1478 1340 1793 1421 reliquus
1817 1348 1993 1417 erat,
2021 1339 2198 1403 dixit
2218 1339 2422 1421 Regi,
2456 1344 2644 1421 quod
2674 1345 2809 1409 sibi
2831 1344 3023 1408 vide·

556 1460 753 1513 retur
783 1448 1115 1531 expedire
1148 1457 1222 1511 ut
1250 1448 1451 1511 locus
1483 1446 1597 1510 ille
1629 1464 1790 1509 cum
1816 1446 2162 1511 reditibus
2191 1448 2340 1510 suis
2371 1458 2659 1513 nostrae
2689 1450 3028 1515 Societati

556 1556 1071 1637 assignaretur,
1105 1564 1179 1618 ut
1210 1552 1306 1618 ibi
1336 1554 1716 1633 collegium
1747 1553 1975 1617 simile
2005 1552 2400 1618 Viennensi
2423 1554 2847 1623 institueret.
2875 1556 3026 1623 Sta-

556 1664 687 1729 tim
726 1662 1221 1727 Ferdinandus
1260 1660 1418 1725 Rex
1462 1679 1604 1725 non
1654 1663 1886 1724 solum
1935 1670 2375 1742 contentum,
2423 1663 2548 1727 sed
2595 1681 3027 1746 propensum

544 1773 775 1835 etiam
806 1788 884 1834 se
923 1769 1261 1835 exhibuit.
1306 1767 1603 1848 Scripsit
1643 1784 1817 1848 ergo
1857 1766 2255 1849 Episcopus
2297 1768 2734 1835 Labacensis
2775 1770 2852 1836 P.
2897 1772 3027 1837 Ca·

554 1870 745 1933 nisio
775 1877 853 1933 ut
1303 1865 1327 1897 ⁴
1352 1865 1762 1944 collegiales
1792 1866 1913 1946 qui
1943 1866 2014 1929 in
2045 1869 2479 1933 monasterio
2502 1869 2622 1933 illo
2646 1871 3025 1951 collegium

562 1977 1035 2041 instituerent.

555 2254 753 2308 primae
772 2258 823 2297 et
838 2264 1069 2297 summae
1085 2252 1427 2297 authoritatis
1440 2252 1577 2307 apud
1595 2250 1808 2306 Regem,
1828 2252 1880 2295 in
1895 2251 2210 2296 vindicanda
2227 2251 2496 2307 Religione
2515 2255 2660 2299 nobis
2677 2256 2830 2299 vaide
2852 2256 3030 2301 saven-

556 2332 689 2376 tem‚
710 2326 911 2379 piorum
931 2324 1154 2368 omnium
1175 2330 1229 2367 et
1251 2322 1630 2378 Religiosorum
1650 2322 1873 2367 fratrum
1895 2322 2180 2367 Patronum
2198 2324 2538 2379 singularem,
2559 2326 2645 2381 qui
2667 2327 2848 2371 deinde
2869 2339 3030 2383 quan·

556 2398 600 2441 ti
636 2408 729 2441 nos
752 2396 938 2451 faciat,
960 2406 1115 2451 quam
1146 2395 1325 2439 sedulo
1358 2400 1541 2439 nostra
1571 2400 1721 2438 curet
1749 2404 1811 2438 ae
1842 2400 2150 2449 promoveat
2180 2396 2456 2449 collegium
2485 2397 2682 2451 isthuc,
2703 2409 2818 2442 cum
2853 2410 3032 2452 parem

557 2470 844 2513 habeamus
876 2468 1157 2520 neminem,
1180 2466 1319 2511 haud
1352 2466 1505 2511 facile
1541 2465 1778 2509 dixerim.
1808 2465 1981 2520 Rogat
2016 2474 2192 2511 autem
2223 2478 2256 2510 a
2289 2467 2349 2510 R.
2370 2467 2430 2511 P.
2452 2467 2776 2525 Praeposito,
2811 2472 2946 2515 sicut
2983 2474 3034 2513 in

556 2547 820 2595 postremo
840 2539 1096 2594 colloquio
1116 2540 1355 2593 exposuit
1386 2538 1507 2583 mihi
1525 2571 1536 2590 ,
1556 2545 1615 2581 ut
1644 2537 1948 2582 meritorum
1963 2570 1974 2591 ,
1997 2549 2128 2592 quae
2149 2536 2403 2583 Societati
2424 2540 2582 2585 donat
2612 2541 2864 2586 immensa
2895 2542 3034 2586 boni-

560 2618 669 2666 tas,
692 2618 745 2656 et
776 2612 885 2667 ipse
914 2612 1179 2667 particeps
1200 2608 1319 2663 flat,
1342 2610 1639 2664 habeatque
1670 2609 2092 2664 participationis
2121 2608 2258 2653 illius
2288 2615 2451 2655 testes
2483 2612 2681 2656 literas.
2703 2612 2820 2667 Ego
2851 2613 2922 2657 nil
2944 2613 3035 2656 du-

555 2684 681 2737 bito,
704 2684 826 2738 quin
847 2682 1038 2737 optime
1060 2675 1369 2725 collocaturfi
1389 2681 1487 2726 hoc
1520 2680 1569 2723 in
1592 2692 1706 2724 eum
1738 2680 2034 2725 benefitium
2055 2692 2169 2725 esse
2187 2683 2351 2737 possit
2367 2714 2379 2737 ,
2403 2694 2566 2737 neque
2588 2684 2749 2729 ullum
2769 2696 2796 2728 e
2817 2684 3034 2729 Germa-

560 2756 640 2799 nis
672 2756 821 2808 novi,
854 2765 949 2810 per
983 2764 1134 2808 quem
1168 2753 1233 2797 ad
1272 2754 1677 2807 promovendam
1710 2752 2034 2807 Religionem
2067 2754 2239 2797 acturi
2273 2755 2457 2798 melius
2491 2756 2806 2809 videamur.„
2841 2756 3035 2809 Quibus

555 2826 731 2871 subdit
754 2825 1189 2880 Bnauusaanosn,
1210 2836 1334 2879 pag.
1351 2824 1449 2878 485,
1470 2830 1645 2869 annot.
1666 2825 1713 2868 2:
1742 2824 1853 2868 “Ab
1877 2824 2106 2879 antiquis
2126 2826 2378 2870 ecciesiae
2399 2827 2718 2880 temporibus
2735 2828 2835 2872 hoc
2857 2826 3032 2875 flebat.

558 2905 615 2943 ut
637 2896 877 2942 monachi
898 2897 1059 2941 laicos
1079 2896 1189 2950 pios
1211 2902 1263 2939 et
1285 2897 1335 2939 iu
1356 2907 1410 2939 se
1431 2895 1687 2939 beneficos
1707 2896 1773 2939 ad
1794 2896 2073 2951 specialem
2093 2897 2352 2951 quandam
2363 2897 2817 2952 familiaritatem
2839 2898 3028 2943 admit·

557 2975 753 3023 terent,
774 2980 987 3024 precum
1004 2974 1059 3011 et
1088 2966 1458 3013 sacrificiorum
1488 2978 1697 3011 suorum
1727 2968 1982 3022 peculiari
2011 2968 2159 3012 modo
2179 2980 2268 3012 eos
2297 2968 2584 3024 participes
2617 2970 2920 3022 redderent.
2940 2980 3036 3014 no·

553 3043 699 3088 mina
712 3051 891 3086 eorum
906 3040 957 3085 in
972 3040 1110 3084 libro
1126 3040 1273 3083 vitae
1289 3040 1591 3084 monasterii
1608 3039 1954 3084 inscriberent
1969 3040 2090 3093 (Ad.
2105 3038 2304 3093 Ebner,
2320 3040 2400 3083 die
2421 3040 2800 3085 Klosterlicheu
2817 3040 3034 3085 Gebets·

564 3112 1042 3167 Verbruderungen
1064 3112 1143 3155 bis
1171 3122 1287 3155 zum
1307 3112 1591 3165 Ausgange
1618 3110 1712 3154 des
1742 3110 2177 3166 Karolingischen
2207 3110 2490 3156 Zeitaiters
2524 3110 2885 3167 [Regensburg
2905 3111 3029 3165 1890]

552 3198 611 3241 φ.
630 3186 777 3241 20-27,
798 3184 971 3239 5261...

642 3258 659 3290 ¹
720 3255 995 3301 Scribebat
1024 3254 1263 3299 Cauisius
1291 3253 1497 3308 Ignatio
1521 3252 1571 3296 16
1589 3253 1853 3298 Octobris:
1884 3254 2064 3297 “ultra
2085 3254 2134 3297 le
2169 3254 2444 3307 sperituali
2475 3253 2612 3311 [sic]
2633 3255 2946 3300 necessitadi
2982 3256 3037 3299 la

562 3339 660 3373 aua
688 3327 909 3373 Maiesta
928 3327 999 3371 ha
1033 3327 1194 3370 molto
1222 3326 1284 3369 de
1320 3325 1489 3378 patire
1522 3326 1645 3368 nell·
1677 3324 1913 3379 Ungaria
1936 3326 2061 3369 daili
2083 3325 2303 3379 Tur-chi,
2325 3326 2362 3369 li
2382 3327 2524 3381 quali
2557 3326 2730 3371 hanno
2761 3326 2896 3371 fatto
2929 3338 3036 3371 una

558 3411 732 3445 nuova
754 3400 1041 3453 irruptione
1064 3404 1115 3441 et
1136 3398 1267 3441 hora
1287 3398 1333 3440 ci
1356 3407 1574 3451 possono
1597 3398 1721 3441 dare
1752 3398 1939 3447 grandi
1961 3398 2162 3451 dauni...
2184 3397 2378 3450 Quibus
2399 3398 2572 3442 subdit
2603 3398 3036 3450 Baaunsasnou,

552 3464 592 3517 l.
611 3484 672 3526 c.,
692 3482 815 3527 pag.
833 3470 931 3524 ⁴99,
952 3476 1125 3514 annot.
1144 3469 1187 3513 7:
1208 3468 1389 3512 “Anno
1412 3468 1515 3511 1554
1535 3470 1809 3513 castellum
1842 3476 2143 3513 montanum
2164 3468 2329 3513 Fulck
2346 3502 2357 3523 ,
2380 3469 2514 3524 quod
2545 3469 2877 3514 metallorum
2909 3470 3039 3515 hun·

558 3544 855 3600 guricon-um
872 3540 1317 3597 propugnaculum
1336 3540 1593 3595 quoddam
1614 3548 1729 3584 erat
1751 3553 1783 3585 a
1802 3540 1984 3585 Turcis
2005 3550 2212 3595 captum
2233 3546 2314 3584 est
2335 3540 2466 3596 (Jos.
2481 3552 2582 3584 von
2605 3540 2891 3594 Hammer,
2909 3540 3036 3585 Ges-

558 3615 767 3660 chichte
788 3614 879 3657 des
899 3612 1271 3658 Osmanischen
1296 3610 1529 3655 Reiches.
1552 3622 1589 3655 u
1610 3612 1669 3664 (2.
1696 3612 1833 3656 Auil.
1852 3612 2014 3658 Pesth
2036 3612 2158 3665 1834)
2175 3612 2415 3665 ww)...

643 3688 667 3721 Ω
720 3686 905 3741 Supra,
925 3696 1044 3740 pag.
1067 3684 1161 3737 259,
1187 3696 1235 3729 n.
1254 3684 1337 3728 558

642 3758 668 3792 ⁸
718 3756 1099 3811 “Contregatio
1121 3756 1531 3800 coelestinorum
1546 3788 1557 3809 ,
1576 3756 1771 3799 ordinis
1791 3757 1960 3800 sancti
1983 3756 2266 3810 Benedicti,
2283 3768 2316 3800 a
2338 3755 2529 3801 Sancto
2552 3756 2708 3807 Petro
2729 3759 2790 3803 de
2807 3758 3035 3811 Morene.

560 3830 649 3885 qui
678 3835 863 3884 postea
890 3828 1209 3872 coelestinus
1235 3826 1279 3870 V
1302 3838 1441 3881 papa
1461 3827 1559 3870 fuit
1576 3859 1586 3879 ,
1608 3829 1818 3871 saeculo
1840 3826 1980 3871 xnu.
2002 3828 2242 3871 instituta
2258 3860 2269 3882 ,
2293 3829 2344 3871 iu
2365 3828 2649 3873 Germania
2669 3836 2791 3873 ante
2814 3829 3036 3875 Lutheri

564 3910 800 3957 tempora
819 3901 1079 3945 domicilia
1099 3900 1369 3954 complura
1396 3900 1597 3943 habuit.
1618 3898 1761 3943 Inter
1791 3910 1923 3954 quae
1955 3900 2326 3945 monasterium
2355 3906 2470 3945 erat
2487 3933 2498 3953 ,
2522 3902 2660 3956 quod
2680 3900 2919 3947 canisius
2948 3903 3036 3950 hie

558 3972 845 4029 significat:
896 3972 1109 4016 “Sancti
1154 3970 1415 4025 Spiritus..
1460 3972 1736 4026 oybinense
1752 4003 1763 4024 ,
1798 3972 1851 4014 in
1899 3970 2115 4016 Lusatia
2155 3973 2422 4027 superiore
2458 3971 2844 4027 (Oberlausitz)
2876 3986 3035 4030 prope

560 4045 803 4101 oppidum
823 4044 1001 4089 Zittau
1022 4044 1073 4087 in
1096 4050 1267 4088 monte
1284 4042 1451 4099 Oybin
1472 4054 1575 4086 una
1596 4054 1710 4086 cum
1730 4053 1851 4087 arce
1875 4042 2024 4097 regia
2043 4044 2200 4087 situm
2217 4056 2229 4097 ;
2247 4044 2381 4098 quod
2404 4043 2624 4089 Carolus
2642 4044 2734 4089 IV.
2751 4046 3036 4101 imperator

560 4128 809 4162 romanus
826 4123 879 4161 et
900 4116 1177 4160 Bohemiae
1208 4126 1301 4159 rex
1333 4114 1529 4159 litteris
1558 4113 1733 4158 Lucae
1767 4114 1831 4158 17.
1857 4114 2033 4159 Martii
2065 4114 2170 4158 1369
2199 4116 2338 4159 datis
2369 4116 2690 4161 condiderat.
2714 4116 2896 4163 Ultimi
2927 4120 3038 4163 eius

557 4188 799 4234 monachi
832 4188 969 4244 iique
996 4188 1295 4243 paucissimi
1326 4186 1589 4231 ann01566
1617 4192 1799 4240 sponte
1830 4198 1892 4229 ex
1933 4188 2250 4231 monasterio
2279 4188 2566 4242 emigrasse
2605 4196 2660 4233 et
2689 4189 2955 4235 Zittaviae
2986 4192 3038 4235 in

557 4263 712 4306 domo
741 4261 809 4305 sd
840 4260 1211 4305 monasterium
1242 4260 1537 4315 pertinente
1570 4260 1587 4308 (
1603 4258 1884 4303 ‘Vaterhol'
1893 4262 1926 4312 ⁸)
1961 4259 2252 4304 consedisse
2285 4260 2522 4305 feruntur
2555 4262 2659 4315 [ης
2690 4262 3038 4317 paenultimus

560 4341 698 4375 anno
720 4330 823 4375 1⁵55
849 4330 978 4374 obiit
1006 4328 1217 4375 (Herm.
1240 4329 1391 4373 (ἐκεῖ.
1410 4328 1609 4379 Hasse,
1637 4327 1952 4373 Geschichte
1975 4328 2068 4371 der
2087 4327 2436 4373 Sachsischen
2461 4330 2668 4375 Kios-ter
2701 4331 2751 4375 in
2773 4329 2866 4375 der
2883 4330 3036 4375 Mari:

562 4402 781 4449 Meisaen
809 4403 912 4447 und
932 4401 1257 4447 Oberlausitz
1288 4400 1495 4455 [Gotha
1518 4400 1649 4454 1888]
1672 4412 1719 4456 p.
1743 4400 1942 4445 226-229.
1969 4400 2022 4456 J.
2047 4400 2104 4445 F.
2129 4401 2384 4455 Bdhmer,
2401 4402 2634 4457 Regesta
2653 4402 2862 4457 Imperii
2880 4401 3032 4447 vm.

562 4473 645 4527 {ed
668 4474 769 4518 Ait.
788 4473 985 4526 Huber,
1006 4473 1294 4517 Innsbruck
1314 4472 1452 4526 1877],
1470 4472 1568 4515 391.
1587 4471 1781 4516 Christ.
1798 4472 1896 4515 Aa.
1917 4472 2164 4525 Peschele,
2187 4470 2503 4517 Geschichte
2525 4473 2618 4517 der
2635 4472 2925 4517 Colestiner
2946 4473 3038 4516 des

562 4545 761 4601 Oybins
782 4544 979 4600 [Zittau
1004 4544 1123 4599 1840]
1144 4556 1195 4600 p.
1214 4544 1283 4588 2⁰.
1305 4544 1376 4589 31.
1401 4544 1543 4597 113>.„
1564 4544 1992 4596 Rursusne-man.
2015 4546 2049 4587 1.
2072 4556 2132 4598 c.,
2153 4556 2275 4599 pag.
2295 4546 2394 4599 496,
2417 4550 2594 4589 annot.
2615 4544 2658 4588 2.

646 4619 671 4652 ⁴
724 4617 837 4663 Duo
858 4616 942 4663 hic
972 4624 1092 4662 sunt
1112 4618 1277 4661 verba
1298 4616 1349 4661 in
1370 4626 1481 4670 ms„
1503 4628 1658 4661 unum
1690 4616 2082 4671 superadditum
2111 4618 2250 4661 inter
2270 4618 2450 4670 lineas,
2482 4617 2614 4672 quod
2635 4616 2838 4661 omnino
2859 4618 3038 4673 legere

555 4700 669 4734 non
700 4690 936 4735 valemus
950 4722 961 4743 ,
983 4690 1208 4733 alterum
1230 4688 1366 4743 quod
1384 4698 1497 4731 esse
1518 4688 1726 4731 videtur
1758 4691 2177 4743 praepararent.
2199 4688 2532 4743 Respondent
2559 4694 2736 4732 autem
2757 4699 2821 4733 ea
2850 4686 2915 4733 iis
2937 4687 3036 4733 Ca·
