3742 5392
740 454 857 513 ⁴206
1670 452 1926 515 Canon·
1967 452 2120 513 Soc.
2162 452 2302 527 jas.

748 600 1131 665 admodum
1170 600 1474 664 habebat
1520 600 1947 665 auditorium
1991 611 2068 664 ut
2107 601 2278 664 illud
2317 600 2670 663 interdum
2712 598 3014 663 ecclesia
3062 614 3206 662 non

748 718 1058 788 caperet,
1085 706 1359 771 fructus
1382 708 1590 786 soliti,
1616 706 1703 771 de
1721 708 1976 789 quibus
1991 708 2171 770 alias
2188 708 2450 770 mentio
2468 706 2659 770 facta
2677 716 2804 781 est,
2827 722 3179 785 conseque
3195 739 3211 747 -

747 814 1039 887 bantur,
1072 823 1217 879 tam
1249 832 1412 878 cum
1442 814 1631 878 domi
1659 824 1984 893 nostrae,
2020 830 2234 894 quam
2265 830 2426 877 cum
2455 814 2526 876 in
2556 812 2817 892 insigni
2855 812 3214 891 virginum

751 922 1217 1000 monasteriO,
1258 938 1473 1003 quam
1511 939 1675 985 cum
1715 922 1805 985 ad
1842 932 2211 985 matronas
2249 920 2524 984 nobiles
2565 918 3032 984 habebantur.
3078 915 3216 981 Do-

748 1029 1021 1091 ctrinae
1052 1029 1485 1092 christianae
1515 1046 1559 1091 a
1584 1027 1661 1093 P.
1695 1028 1918 1092 Paulo
1949 1029 2340 1109 explicata,
2373 1035 2585 1108 prout
2617 1042 2804 1090 anno
2835 1025 3219 1107 praeterito

746 1134 1038 1213 fecerat,
1072 1134 1345 1199 fructus
1372 1137 1447 1200 in
1478 1136 1628 1200 dies
1659 1135 2036 1200 videbatur
2065 1136 2340 1215 augeri.

870 1241 1012 1303 455.
1098 1242 1175 1305 In
1206 1242 1770 1322 Quadragesima
1799 1252 2036 1306 autem
2061 1242 2248 1305 idem
2280 1241 2355 1305 P.
2383 1240 2648 1305 Paulus
2682 1240 2723 1320 ¹,
2759 1260 2850 1304 ex
2879 1240 3218 1321 praescri-

751 1358 871 1427 pto
901 1348 1397 1429 Provincialis‚
1439 1350 1896 1430 evangelium
1922 1349 2370 1412 scholasticis
2413 1359 2658 1412 nostro
2702 1349 2774 1411 in
2815 1348 3076 1428 templo
3109 1346 3220 1409 de·

744 1451 1095 1535 clarabat3
1124 1457 1421 1521 aderant
1436 1467 1505 1520 et
1529 1458 1650 1521 alii
1672 1458 1949 1522 externi
1971 1456 2178 1520 simul
2199 1474 2364 1520 cum
2385 1456 2855 1520 scholasticis,
2882 1454 2960 1518 P.
2985 1462 3221 1517 autem

752 1560 1009 1625 Daniel
1039 1560 1062 1593 ³
1093 1562 1283 1642 apud
1313 1581 1703 1629 conversas
1742 1565 1992 1629 eodem
2031 1581 2354 1642 munere,
2387 1564 2658 1628 scilicet
2687 1610 2702 1641 ,
2745 1561 3220 1633 ecclesiaste5‚

750 1669 1210 1749 fungebatur,
1244 1680 1314 1733 et
1344 1671 1462 1734 alii
1490 1671 1563 1735 in
1592 1672 2055 1736 xenodochiis
2075 1721 2090 1752 ,
2123 1683 2194 1736 et
2239 1671 2648 1735 carceribus
2687 1682 2758 1732 et
2795 1668 2954 1732 aliis
2982 1682 3220 1731 mona-

754 1778 988 1841 steriis
1006 1826 1020 1855 ,
1054 1778 1270 1842 immo
1300 1787 1371 1841 et
1400 1780 1471 1842 in
1502 1778 1908 1844 triremibus
1939 1780 2324 1843 conciones
2355 1797 2398 1842 a
2427 1778 2690 1842 nostris
2719 1777 2983 1840 utiliter
3014 1775 3220 1839 habe·

752 1883 1035 1962 bantur,
1066 1885 1285 1949 immo
1314 1866 1383 1947 et
1411 1902 1539 1965 per
1568 1888 1865 1967 plateas,
1901 1887 1992 1950 ad
2020 1904 2198 1967 quas
2220 1886 2438 1967 aliqui
2461 1884 2722 1948 fratres
2739 1883 3056 1963 Juniores
3084 1882 3222 1945 die-

754 1990 887 2053 bus
902 1989 1099 2054 festis
1116 1984 1685 2072 egrediebantur,
1706 2004 1783 2057 ut
1800 2010 1945 2073 eOS,
1974 1994 2093 2075 qui
2111 1993 2203 2057 ad
2222 1993 2484 2073 templa
2502 2009 2644 2055 non
2665 1989 3121 2063 accedebant,
3155 1997 3222 2051 et

755 2107 993 2161 tamen
1016 2099 1155 2161 illis
1176 2100 1248 2162 in
1274 2100 1449 2163 locis
1470 2100 2023 2181 frequentissimi
2047 2100 2364 2179 aderant,
2395 2116 2578 2181 quae
2600 2098 2692 2161 ad
2715 2100 3018 2161 salutem
3041 2097 3220 2176 ipso-

756 2222 913 2267 rum
939 2206 1347 2269 necessaria
1376 2217 1580 2271 erant
1611 2208 1855 2272 audire
1887 2206 2413 2289 quodammodo
2437 2214 2798 2285 cogerent.
2833 2202 3218 2268 Conciona·

758 2311 1013 2373 bantur
1042 2321 1278 2377 autem
1308 2313 1649 2377 vicissim.

873 2416 1015 2479 456.
1104 2417 1462 2497 Quantum
1502 2432 1737 2485 autem
1782 2422 2043 2501 populo
2073 2421 2145 2484 id
2185 2419 2555 2484 charitatis
2595 2417 2900 2482 officium
2935 2427 3220 2497 gratum

758 2536 965 2601 esset,
1000 2527 1115 2588 vel
1144 2525 1308 2590 inde
1334 2528 1575 2607 colligi
1605 2536 1859 2610 potest,
1895 2528 2087 2609 quod
2117 2538 2502 2608 antequam
2541 2526 2798 2606 aliquis
2825 2542 2916 2588 ex
2947 2524 3058 2587 his
3085 2523 3219 2586 fra·

754 2630 981 2694 tribus
1011 2634 1563 2698 concionaturus
1592 2634 1989 2710 accederet,
2025 2634 2389 2698 auditores
2419 2635 2578 2697 loca
2607 2634 2724 2695 illa
2752 2632 3218 2712 occupabant,

752 2755 928 2817 quos
946 2755 1109 2803 cum
1130 2756 1393 2820 magna
1417 2742 1787 2805 charitatis
1813 2740 2332 2822 significatione
2347 2741 2448 2804 illi
2465 2740 2765 2822 juvenes
2779 2738 3222 2802 inflammare

754 2843 847 2905 ad
876 2846 1214 2911 virtutem
1242 2857 1313 2909 et
1341 2846 1700 2913 deterrere
1730 2866 1772 2911 a
1802 2849 2001 2913 vitiis
2033 2848 2388 2912 solebant:
2421 2865 2553 2911 nec
2583 2848 2812 2910 solum
2843 2846 3220 2909 moveban-

750 2964 866 3014 tur
896 2953 1259 3016 auditores
1287 2964 1357 3017 et
1386 2954 1948 3033 admirabantur,
1985 2954 2110 3019 sed
2140 2966 2210 3017 et
2238 2956 2429 3019 vitae
2455 2953 2940 3019 emendandae
2969 2969 3218 3033 propo·

748 3059 960 3121 situm
992 3061 1403 3141 capiebant,
1438 3073 1508 3125 et
1548 3060 1639 3125 ad
1670 3062 2197 3126 confessionem
2237 3078 2530 3125 suorum
2570 3068 3028 3141 peccatorum
3059 3076 3221 3122 cum

746 3166 1013 3243 gemitu
1044 3176 1111 3230 et
1142 3168 1479 3249 lacrymis
1510 3170 1914 3247 veniebant;
1951 3188 2134 3251 quae
2166 3179 2574 3233 nostrorum
2617 3166 3038 3231 exercitatio
3078 3184 3218 3229 non

748 3273 1196 3352 popularium
1225 3285 1523 3355 tantum,
1558 3276 1683 3340 sed
1710 3276 1930 3340 etiam
1963 3277 2384 3358 optimatum
2412 3286 2482 3339 et
2524 3274 2924 3340 Cardinalis
2946 3273 3212 3354 judicio

746 3379 955 3442 valde
986 3379 1393 3446 honorificis
1432 3384 1674 3448 verbis
1703 3384 2185 3464 probabatur;
2218 3400 2350 3445 nec
2381 3382 2769 3460 immerite,
2803 3397 2968 3445 cum
3005 3381 3215 3443 homi-

749 3504 895 3564 neS,
930 3486 1049 3567 qui
1088 3488 1431 3568 plurimos
1462 3508 1721 3569 annos,
1755 3490 2002 3554 decem
2035 3490 2309 3553 scilicet
2337 3498 2408 3553 et
2445 3488 2723 3569 vig-inti,
2755 3504 2899 3551 non
2939 3486 3220 3551 fuerant

750 3590 1133 3675 [confessi],
1166 3604 1327 3675 post
1366 3595 1890 3661 confessionem
1941 3596 2476 3661 evidentissima
2531 3612 2703 3659 suae
2748 3594 3218 3675 poenitentiae

748 3701 957 3779 signa
1007 3700 1300 3783 dabant,
1355 3701 1749 3784 cujusmodi
1794 3714 2000 3769 erant
2053 3704 2288 3767 aliena
2334 3702 2730 3783 restituere,
2785 3701 3218 3765 concubinas

747 3807 1065 3885 legitimo
1088 3810 1439 3873 connubio
1464 3810 1597 3874 sibi
1618 3811 1977 3891 copulare,
2003 3819 2128 3875 aut
2145 3810 2524 3889 dimittere,
2553 3818 2621 3872 et
2638 3808 2781 3872 alia
2795 3806 3215 3889 hujusmodi.

868 3914 1008 3977 457.
1097 3914 1171 3978 P.
1206 3914 1509 3981 Michael
1548 3917 1861 3981 Botellus
1900 3933 2063 3981 cum
2105 3914 2179 3980 P.
2227 3914 2660 3981 Provinciali
2699 3913 3104 3977 Messanam
3140 3928 3216 3976 se

747 4020 1143 4101 conferenS,
1177 4032 1245 4087 et
1273 4023 1434 4087 inde
1464 4025 1604 4088 alia
1636 4024 1757 4087 via
1784 4023 2091 4103 redienS,
2118 4024 2357 4087 multis
2385 4023 2458 4086 in
2480 4022 2657 4086 locis
2686 4021 2950 4086 utiliter
2974 4018 3217 4084 semen

748 4127 945 4190 verbi
973 4127 1107 4191 Dei
1136 4131 1420 4209 sparsit,
1454 4130 1637 4194 inter
1667 4146 1848 4211 quae
1880 4130 2038 4193 loca
2069 4128 2337 4192 Bibona
2367 4128 2499 4192 fuit
2529 4127 2574 4191 ³.

865 4234 1005 4297 458.
1094 4234 1589 4301 confitentium
1610 4249 1847 4301 autem
1863 4253 2201 4300 numerus
2217 4247 2287 4299 et
2301 4236 2975 4299 communicantium
2997 4245 3070 4299 et
3083 4251 3216 4316 per

828 4548 842 4579 ¹
904 4545 960 4589 Ρ.
982 4546 1175 4591 Paulus
1196 4548 1241 4591 d’
1265 4548 1504 4594 Achillis.

828 4618 849 4647 ’Ξ
904 4616 960 4660 Ρ.
981 4616 1168 4663 Daniel
1192 4619 1521 4677 Paeybroek.

826 4690 849 4721 ³
910 4689 1037 4733 Vide
1060 4701 1235 4747 supra.
1255 4705 1374 4749 pag.
1400 4694 1479 4739 198
1496 4706 1553 4741 n.
1578 4692 1674 4737 ⁴³).
