<?xml version="1.0" encoding="UTF-8"?>
<!DOCTYPE html PUBLIC "-//W3C//DTD XHTML 1.0 Transitional//EN"
    "http://www.w3.org/TR/xhtml1/DTD/xhtml1-transitional.dtd">
<html xmlns="http://www.w3.org/1999/xhtml" xml:lang="en" lang="en">
 <head>
  <title>
</title>
<meta http-equiv="Content-Type" content="text/html;charset=utf-8" />
  <meta name='ocr-system' content='tesseract 3.04.00' />
  <meta name='ocr-capabilities' content='ocr_page ocr_carea ocr_par ocr_line ocrx_word'/>
</head>
<body>
  <div class='ocr_page' id='page_1' title='image "./vitaignatiiloio02polagoog_0546.png"; bbox 0 0 3742 5392; ppageno 0'>
   <div class='ocr_carea' id='block_1_1' title="bbox 15 142 19 946">
    <p class='ocr_par' dir='ltr' id='par_1_1' title="bbox 15 142 19 946">
     <span class='ocr_line' id='line_1_1' title="bbox 15 142 19 946; baseline 0 0"><span class='ocrx_word' id='word_1_1' title='bbox 15 142 19 946; x_wconf 95' lang='lat' dir='ltr'> </span> 
     </span>
    </p>
   </div>
   <div class='ocr_carea' id='block_1_2' title="bbox 685 467 2245 542">
    <p class='ocr_par' dir='ltr' id='par_1_2' title="bbox 685 467 2245 542">
     <span class='ocr_line' id='line_1_2' title="bbox 685 467 2245 542; baseline -0.002 -16"><span class='ocrx_word' id='word_1_2' title='bbox 685 468 795 530; x_wconf 65' lang='lat'>524.</span> <span class='ocrx_word' id='word_1_3' title='bbox 1606 467 1862 527; x_wconf 71' lang='lat' dir='ltr'>Canon.</span> <span class='ocrx_word' id='word_1_4' title='bbox 1906 467 2062 526; x_wconf 78' lang='lat' dir='ltr'>Soc·</span> <span class='ocrx_word' id='word_1_5' title='bbox 2103 468 2245 542; x_wconf 73' lang='lat' dir='ltr'>Jsss.</span> 
     </span>
    </p>
   </div>
   <div class='ocr_carea' id='block_1_3' title="bbox 671 614 3221 4444">
    <p class='ocr_par' dir='ltr' id='par_1_3' title="bbox 685 614 3168 1017">
     <span class='ocr_line' id='line_1_3' title="bbox 688 614 3165 696; baseline -0.001 -19"><span class='ocrx_word' id='word_1_6' title='bbox 688 625 1066 681; x_wconf 87' lang='lat' dir='ltr'>sexcentos</span> <span class='ocrx_word' id='word_1_7' title='bbox 1096 616 1402 680; x_wconf 88' lang='lat' dir='ltr'>accessit</span> <span class='ocrx_word' id='word_1_8' title='bbox 1419 664 1435 695; x_wconf 95' lang='lat'>,</span> <span class='ocrx_word' id='word_1_9' title='bbox 1466 616 1652 679; x_wconf 86' lang='lat' dir='ltr'>inter</span> <span class='ocrx_word' id='word_1_10' title='bbox 1675 632 1854 696; x_wconf 90' lang='lat' dir='ltr'>quos</span> <span class='ocrx_word' id='word_1_11' title='bbox 1882 615 2031 679; x_wconf 85' lang='lat' dir='ltr'>fere</span> <span class='ocrx_word' id='word_1_12' title='bbox 2061 615 2538 696; x_wconf 86' lang='lat' dir='ltr'>quadraginta</span> <span class='ocrx_word' id='word_1_13' title='bbox 2562 633 2653 678; x_wconf 85' lang='lat' dir='ltr'>ex</span> <span class='ocrx_word' id='word_1_14' title='bbox 2675 614 3017 694; x_wconf 88' lang='lat' dir='ltr'>primaria</span> <span class='ocrx_word' id='word_1_15' title='bbox 3040 630 3165 676; x_wconf 89' lang='lat' dir='ltr'>no-</span> 
     </span>
     <span class='ocr_line' id='line_1_4' title="bbox 687 721 3162 803; baseline -0.001 -17"><span class='ocrx_word' id='word_1_16' title='bbox 687 724 957 787; x_wconf 88' lang='lat' dir='ltr'>bilitate</span> <span class='ocrx_word' id='word_1_17' title='bbox 985 721 1470 802; x_wconf 79' lang='lat' dir='ltr'>portugalliae</span> <span class='ocrx_word' id='word_1_18' title='bbox 1510 731 1740 802; x_wconf 88' lang='lat' dir='ltr'>erant;</span> <span class='ocrx_word' id='word_1_19' title='bbox 1770 721 1898 786; x_wconf 90' lang='lat' dir='ltr'>sed</span> <span class='ocrx_word' id='word_1_20' title='bbox 1927 723 2095 803; x_wconf 88' lang='lat' dir='ltr'>quia</span> <span class='ocrx_word' id='word_1_21' title='bbox 2122 722 2293 785; x_wconf 91' lang='lat' dir='ltr'>urbs</span> <span class='ocrx_word' id='word_1_22' title='bbox 2325 722 2445 785; x_wconf 86' lang='lat' dir='ltr'>illa</span> <span class='ocrx_word' id='word_1_23' title='bbox 2476 737 2740 800; x_wconf 86' lang='lat' dir='ltr'>magna</span> <span class='ocrx_word' id='word_1_24' title='bbox 2771 721 2982 784; x_wconf 85' lang='lat' dir='ltr'>valde</span> <span class='ocrx_word' id='word_1_25' title='bbox 3026 730 3162 796; x_wconf 87' lang='lat' dir='ltr'>est,</span> 
     </span>
     <span class='ocr_line' id='line_1_5' title="bbox 687 828 3168 910; baseline -0.002 -17"><span class='ocrx_word' id='word_1_26' title='bbox 687 830 1192 894; x_wconf 82' lang='lat' dir='ltr'><strong>existimabant</strong></span> <span class='ocrx_word' id='word_1_27' title='bbox 1222 838 1592 894; x_wconf 88' lang='lat' dir='ltr'>senatores</span> <span class='ocrx_word' id='word_1_28' title='bbox 1619 830 1748 892; x_wconf 85' lang='lat' dir='ltr'>vix</span> <span class='ocrx_word' id='word_1_29' title='bbox 1776 829 2072 894; x_wconf 89' lang='lat' dir='ltr'>totidem</span> <span class='ocrx_word' id='word_1_30' title='bbox 2100 828 2280 892; x_wconf 87' lang='lat' dir='ltr'>alios</span> <span class='ocrx_word' id='word_1_31' title='bbox 2308 837 2816 910; x_wconf 85' lang='lat' dir='ltr'>praeceptores</span> <span class='ocrx_word' id='word_1_32' title='bbox 2844 829 3168 891; x_wconf 89' lang='lat' dir='ltr'>venturis</span> 
     </span>
     <span class='ocr_line' id='line_1_6' title="bbox 685 937 2323 1017; baseline 0.001 -18"><span class='ocrx_word' id='word_1_33' title='bbox 685 937 1056 1017; x_wconf 85' lang='lat' dir='ltr'><strong>discipulis</strong></span> <span class='ocrx_word' id='word_1_34' title='bbox 1084 937 1532 1001; x_wconf 67' lang='lat' dir='ltr'>suffecturos</span> <span class='ocrx_word' id='word_1_35' title='bbox 2320 943 2323 946; x_wconf 81' lang='grc'><strong><em>’</em></strong></span> 
     </span>
    </p>

    <p class='ocr_par' dir='ltr' id='par_1_4' title="bbox 679 1039 3221 2498">
     <span class='ocr_line' id='line_1_7' title="bbox 815 1039 3163 1134; baseline -0.001 -27"><span class='ocrx_word' id='word_1_36' title='bbox 815 1043 995 1134; x_wconf 57' lang='lat'>1109„</span> <span class='ocrx_word' id='word_1_37' title='bbox 1078 1043 1251 1108; x_wconf 88' lang='lat' dir='ltr'><strong>Erat</strong></span> <span class='ocrx_word' id='word_1_38' title='bbox 1279 1045 1553 1124; x_wconf 89' lang='lat' dir='ltr'>primae</span> <span class='ocrx_word' id='word_1_39' title='bbox 1583 1045 1834 1106; x_wconf 90' lang='lat' dir='ltr'>classis</span> <span class='ocrx_word' id='word_1_40' title='bbox 1865 1043 2275 1107; x_wconf 84' lang='lat' dir='ltr'>moderator</span> <span class='ocrx_word' id='word_1_41' title='bbox 2303 1042 2381 1107; x_wconf 92' lang='lat' dir='ltr'>P.</span> <span class='ocrx_word' id='word_1_42' title='bbox 2424 1042 2832 1124; x_wconf 87' lang='lat' dir='ltr'>Cyprianus</span> <span class='ocrx_word' id='word_1_43' title='bbox 2861 1039 3163 1120; x_wconf 76' lang='lat' dir='ltr'>Suarez,</span> 
     </span>
     <span class='ocr_line' id='line_1_8' title="bbox 681 1148 3221 1234; baseline -0.001 -19"><span class='ocrx_word' id='word_1_44' title='bbox 681 1153 974 1234; x_wconf 88' lang='lat' dir='ltr'>reliquis</span> <span class='ocrx_word' id='word_1_45' title='bbox 1003 1151 1216 1216; x_wconf 90' lang='lat' dir='ltr'>etiam</span> <span class='ocrx_word' id='word_1_46' title='bbox 1247 1151 1596 1214; x_wconf 90' lang='lat' dir='ltr'>classibus</span> <span class='ocrx_word' id='word_1_47' title='bbox 1615 1149 1806 1214; x_wconf 90' lang='lat' dir='ltr'>idem</span> <span class='ocrx_word' id='word_1_48' title='bbox 1833 1150 2241 1231; x_wconf 86' lang='lat' dir='ltr'>praefectus</span> <span class='ocrx_word' id='word_1_49' title='bbox 2263 1161 2441 1227; x_wconf 88' lang='lat' dir='ltr'>erat,</span> <span class='ocrx_word' id='word_1_50' title='bbox 2474 1158 2545 1212; x_wconf 90' lang='lat' dir='ltr'>et</span> <span class='ocrx_word' id='word_1_51' title='bbox 2567 1149 2721 1230; x_wconf 88' lang='lat' dir='ltr'>ejus</span> <span class='ocrx_word' id='word_1_52' title='bbox 2750 1148 3161 1226; x_wconf 78' lang='lat' dir='ltr'>eruditioni,</span> <span class='ocrx_word' id='word_1_53' title='bbox 3216 1227 3221 1232; x_wconf 21' lang='grc' dir='ltr'>ι</span> 
     </span>
     <span class='ocr_line' id='line_1_9' title="bbox 682 1257 3156 1338; baseline -0.001 -16"><span class='ocrx_word' id='word_1_54' title='bbox 682 1259 918 1323; x_wconf 90' lang='lat' dir='ltr'>studio</span> <span class='ocrx_word' id='word_1_55' title='bbox 949 1275 1036 1321; x_wconf 87' lang='lat' dir='ltr'>ac</span> <span class='ocrx_word' id='word_1_56' title='bbox 1065 1258 1482 1338; x_wconf 84' lang='lat' dir='ltr'>vigilantiae</span> <span class='ocrx_word' id='word_1_57' title='bbox 1511 1258 1955 1321; x_wconf 90' lang='lat' dir='ltr'>tribuebatur</span> <span class='ocrx_word' id='word_1_58' title='bbox 1992 1257 2267 1322; x_wconf 88' lang='lat' dir='ltr'>fructus</span> <span class='ocrx_word' id='word_1_59' title='bbox 2306 1257 2639 1337; x_wconf 80' lang='lat' dir='ltr'>insigniS,</span> <span class='ocrx_word' id='word_1_60' title='bbox 2677 1257 2795 1336; x_wconf 90' lang='lat' dir='ltr'>qui</span> <span class='ocrx_word' id='word_1_61' title='bbox 2826 1257 2899 1319; x_wconf 92' lang='lat' dir='ltr'>in</span> <span class='ocrx_word' id='word_1_62' title='bbox 2929 1265 3156 1320; x_wconf 86' lang='lat' dir='ltr'>exter-</span> 
     </span>
     <span class='ocr_line' id='line_1_10' title="bbox 684 1361 3163 1446; baseline -0.002 -16"><span class='ocrx_word' id='word_1_63' title='bbox 684 1368 797 1430; x_wconf 87' lang='lat' dir='ltr'>nis</span> <span class='ocrx_word' id='word_1_64' title='bbox 825 1361 1275 1430; x_wconf 86' lang='lat' dir='ltr'>scholasticis</span> <span class='ocrx_word' id='word_1_65' title='bbox 1303 1365 1757 1429; x_wconf 82' lang='lat' dir='ltr'>cernebatur:</span> <span class='ocrx_word' id='word_1_66' title='bbox 1803 1365 1896 1428; x_wconf 95' lang='lat' dir='ltr'>ad</span> <span class='ocrx_word' id='word_1_67' title='bbox 1937 1365 2415 1446; x_wconf 89' lang='lat' dir='ltr'>quadraginta</span> <span class='ocrx_word' id='word_1_68' title='bbox 2459 1363 2848 1445; x_wconf 89' lang='lat' dir='ltr'>discipulos</span> <span class='ocrx_word' id='word_1_69' title='bbox 2887 1363 3004 1426; x_wconf 92' lang='lat' dir='ltr'>ille</span> <span class='ocrx_word' id='word_1_70' title='bbox 3042 1361 3163 1426; x_wconf 89' lang='lat' dir='ltr'>ha·</span> 
     </span>
     <span class='ocr_line' id='line_1_11' title="bbox 681 1471 3169 1553; baseline -0 -18"><span class='ocrx_word' id='word_1_71' title='bbox 681 1474 914 1552; x_wconf 88' lang='lat' dir='ltr'>bebat,</span> <span class='ocrx_word' id='word_1_72' title='bbox 970 1473 1089 1553; x_wconf 91' lang='lat' dir='ltr'>qui</span> <span class='ocrx_word' id='word_1_73' title='bbox 1139 1473 1212 1537; x_wconf 91' lang='lat' dir='ltr'>in</span> <span class='ocrx_word' id='word_1_74' title='bbox 1253 1471 1536 1551; x_wconf 89' lang='lat' dir='ltr'>graecis</span> <span class='ocrx_word' id='word_1_75' title='bbox 1573 1481 1643 1536; x_wconf 91' lang='lat' dir='ltr'>et</span> <span class='ocrx_word' id='word_1_76' title='bbox 1680 1471 1921 1536; x_wconf 90' lang='lat' dir='ltr'>latinis</span> <span class='ocrx_word' id='word_1_77' title='bbox 1962 1471 2396 1536; x_wconf 85' lang='lat' dir='ltr'>carminibus</span> <span class='ocrx_word' id='word_1_78' title='bbox 2424 1483 2494 1534; x_wconf 90' lang='lat' dir='ltr'>et</span> <span class='ocrx_word' id='word_1_79' title='bbox 2525 1471 2968 1534; x_wconf 88' lang='lat' dir='ltr'>orationibus</span> <span class='ocrx_word' id='word_1_80' title='bbox 3012 1479 3169 1534; x_wconf 86' lang='lat' dir='ltr'>tam</span> 
     </span>
     <span class='ocr_line' id='line_1_12' title="bbox 681 1578 3156 1660; baseline 0 -18"><span class='ocrx_word' id='word_1_81' title='bbox 681 1579 996 1644; x_wconf 90' lang='lat' dir='ltr'>studiose</span> <span class='ocrx_word' id='word_1_82' title='bbox 1024 1597 1102 1643; x_wconf 92' lang='lat' dir='ltr'>se</span> <span class='ocrx_word' id='word_1_83' title='bbox 1133 1579 1563 1644; x_wconf 82' lang='lat' dir='ltr'>exercebant</span> <span class='ocrx_word' id='word_1_84' title='bbox 1601 1587 1701 1658; x_wconf 89' lang='lat' dir='ltr'>ut,</span> <span class='ocrx_word' id='word_1_85' title='bbox 1736 1579 1896 1642; x_wconf 89' lang='lat' dir='ltr'>aliis</span> <span class='ocrx_word' id='word_1_86' title='bbox 1924 1579 2264 1659; x_wconf 82' lang='lat' dir='ltr'>dimissiS,</span> <span class='ocrx_word' id='word_1_87' title='bbox 2299 1579 2437 1658; x_wconf 89' lang='lat' dir='ltr'>ipsi</span> <span class='ocrx_word' id='word_1_88' title='bbox 2466 1586 2835 1642; x_wconf 91' lang='lat' dir='ltr'>manerent</span> <span class='ocrx_word' id='word_1_89' title='bbox 2862 1578 2935 1642; x_wconf 91' lang='lat' dir='ltr'>in</span> <span class='ocrx_word' id='word_1_90' title='bbox 2958 1594 3156 1660; x_wconf 91' lang='lat' dir='ltr'>repe·</span> 
     </span>
     <span class='ocr_line' id='line_1_13' title="bbox 682 1684 3166 1766; baseline -0.001 -16"><span class='ocrx_word' id='word_1_91' title='bbox 682 1687 928 1751; x_wconf 91' lang='lat' dir='ltr'>titione</span> <span class='ocrx_word' id='word_1_92' title='bbox 957 1686 1343 1750; x_wconf 91' lang='lat' dir='ltr'>lectionum</span> <span class='ocrx_word' id='word_1_93' title='bbox 1371 1695 1441 1750; x_wconf 88' lang='lat' dir='ltr'>et</span> <span class='ocrx_word' id='word_1_94' title='bbox 1470 1687 1848 1750; x_wconf 87' lang='lat' dir='ltr'>collatione</span> <span class='ocrx_word' id='word_1_95' title='bbox 1880 1702 2157 1766; x_wconf 91' lang='lat' dir='ltr'>eorum,</span> <span class='ocrx_word' id='word_1_96' title='bbox 2194 1703 2375 1766; x_wconf 90' lang='lat' dir='ltr'>quae</span> <span class='ocrx_word' id='word_1_97' title='bbox 2412 1684 2820 1760; x_wconf 89' lang='lat' dir='ltr'>audierant,</span> <span class='ocrx_word' id='word_1_98' title='bbox 2855 1701 3166 1765; x_wconf 73' lang='lat' dir='ltr'>occupa·</span> 
     </span>
     <span class='ocr_line' id='line_1_14' title="bbox 687 1789 3149 1873; baseline -0.002 -15"><span class='ocrx_word' id='word_1_99' title='bbox 687 1795 762 1858; x_wconf 90' lang='lat' dir='ltr'>ti.</span> <span class='ocrx_word' id='word_1_100' title='bbox 795 1791 1308 1857; x_wconf 88' lang='lat' dir='ltr'>Declamarunt</span> <span class='ocrx_word' id='word_1_101' title='bbox 1337 1793 1412 1856; x_wconf 94' lang='lat' dir='ltr'>hi</span> <span class='ocrx_word' id='word_1_102' title='bbox 1439 1792 1716 1873; x_wconf 90' lang='lat' dir='ltr'>publice</span> <span class='ocrx_word' id='word_1_103' title='bbox 1744 1803 1907 1872; x_wconf 90' lang='lat' dir='ltr'>post</span> <span class='ocrx_word' id='word_1_104' title='bbox 1949 1791 2207 1856; x_wconf 84' lang='lat' dir='ltr'>festum</span> <span class='ocrx_word' id='word_1_105' title='bbox 2242 1791 2811 1855; x_wconf 86' lang='lat' dir='ltr'>Resurrectionis</span> <span class='ocrx_word' id='word_1_106' title='bbox 2841 1789 3149 1854; x_wconf 88' lang='lat' dir='ltr'>Portale-</span> 
     </span>
     <span class='ocr_line' id='line_1_15' title="bbox 679 1897 3162 1980; baseline -0.002 -16"><span class='ocrx_word' id='word_1_107' title='bbox 679 1901 923 1980; x_wconf 88' lang='lat' dir='ltr'>grensi</span> <span class='ocrx_word' id='word_1_108' title='bbox 951 1900 1335 1980; x_wconf 85' lang='lat' dir='ltr'>EpiscopO,</span> <span class='ocrx_word' id='word_1_109' title='bbox 1370 1909 1440 1963; x_wconf 92' lang='lat' dir='ltr'>et</span> <span class='ocrx_word' id='word_1_110' title='bbox 1467 1899 1950 1977; x_wconf 80' lang='lat' dir='ltr'>senatoribuS,</span> <span class='ocrx_word' id='word_1_111' title='bbox 1983 1908 2054 1962; x_wconf 92' lang='lat' dir='ltr'>et</span> <span class='ocrx_word' id='word_1_112' title='bbox 2084 1899 2323 1962; x_wconf 90' lang='lat' dir='ltr'>multis</span> <span class='ocrx_word' id='word_1_113' title='bbox 2366 1898 2720 1962; x_wconf 90' lang='lat' dir='ltr'>nobilibus</span> <span class='ocrx_word' id='word_1_114' title='bbox 2748 1907 2818 1960; x_wconf 90' lang='lat' dir='ltr'>et</span> <span class='ocrx_word' id='word_1_115' title='bbox 2859 1897 3162 1962; x_wconf 87' lang='lat' dir='ltr'>eruditis</span> 
     </span>
     <span class='ocr_line' id='line_1_16' title="bbox 680 2004 3150 2088; baseline -0.001 -19"><span class='ocrx_word' id='word_1_116' title='bbox 680 2008 858 2071; x_wconf 90' lang='lat' dir='ltr'>viris</span> <span class='ocrx_word' id='word_1_117' title='bbox 885 2007 1404 2088; x_wconf 88' lang='lat' dir='ltr'>praesentibus;</span> <span class='ocrx_word' id='word_1_118' title='bbox 1437 2015 1507 2070; x_wconf 91' lang='lat' dir='ltr'>et</span> <span class='ocrx_word' id='word_1_119' title='bbox 1537 2015 1686 2070; x_wconf 88' lang='lat' dir='ltr'>tam</span> <span class='ocrx_word' id='word_1_120' title='bbox 1715 2007 2080 2085; x_wconf 84' lang='lat' dir='ltr'>eleganter</span> <span class='ocrx_word' id='word_1_121' title='bbox 2110 2023 2241 2068; x_wconf 91' lang='lat' dir='ltr'>suo</span> <span class='ocrx_word' id='word_1_122' title='bbox 2270 2022 2563 2069; x_wconf 86' lang='lat' dir='ltr'>munere</span> <span class='ocrx_word' id='word_1_123' title='bbox 2588 2004 2814 2068; x_wconf 90' lang='lat' dir='ltr'>functi</span> <span class='ocrx_word' id='word_1_124' title='bbox 2844 2014 3039 2082; x_wconf 91' lang='lat' dir='ltr'>sunt,</span> <span class='ocrx_word' id='word_1_125' title='bbox 3072 2018 3150 2068; x_wconf 91' lang='lat' dir='ltr'>ut</span> 
     </span>
     <span class='ocr_line' id='line_1_17' title="bbox 683 2111 3156 2178; baseline -0.001 -2"><span class='ocrx_word' id='word_1_126' title='bbox 683 2115 1009 2178; x_wconf 89' lang='lat' dir='ltr'>omnibus</span> <span class='ocrx_word' id='word_1_127' title='bbox 1039 2114 1318 2177; x_wconf 87' lang='lat' dir='ltr'>abunde</span> <span class='ocrx_word' id='word_1_128' title='bbox 1347 2112 1844 2176; x_wconf 88' lang='lat' dir='ltr'>satisfecerint:</span> <span class='ocrx_word' id='word_1_129' title='bbox 1874 2130 2037 2176; x_wconf 88' lang='lat' dir='ltr'>cum</span> <span class='ocrx_word' id='word_1_130' title='bbox 2062 2123 2300 2175; x_wconf 91' lang='lat' dir='ltr'>autem</span> <span class='ocrx_word' id='word_1_131' title='bbox 2322 2113 2395 2175; x_wconf 92' lang='lat' dir='ltr'>in</span> <span class='ocrx_word' id='word_1_132' title='bbox 2418 2112 2767 2175; x_wconf 87' lang='lat' dir='ltr'>columnis</span> <span class='ocrx_word' id='word_1_133' title='bbox 2792 2111 2956 2176; x_wconf 92' lang='lat' dir='ltr'>atrii</span> <span class='ocrx_word' id='word_1_134' title='bbox 2979 2129 3156 2175; x_wconf 90' lang='lat' dir='ltr'>non·</span> 
     </span>
     <span class='ocr_line' id='line_1_18' title="bbox 683 2218 3160 2300; baseline -0.001 -15"><span class='ocrx_word' id='word_1_135' title='bbox 683 2223 876 2285; x_wconf 89' lang='lat' dir='ltr'>nulla</span> <span class='ocrx_word' id='word_1_136' title='bbox 909 2221 1231 2285; x_wconf 87' lang='lat' dir='ltr'>carmina</span> <span class='ocrx_word' id='word_1_137' title='bbox 1257 2237 1526 2300; x_wconf 86' lang='lat' dir='ltr'>graeca</span> <span class='ocrx_word' id='word_1_138' title='bbox 1555 2229 1624 2283; x_wconf 92' lang='lat' dir='ltr'>et</span> <span class='ocrx_word' id='word_1_139' title='bbox 1653 2220 1877 2282; x_wconf 86' lang='lat' dir='ltr'>latina</span> <span class='ocrx_word' id='word_1_140' title='bbox 1909 2218 2122 2282; x_wconf 84' lang='lat' dir='ltr'>affixa</span> <span class='ocrx_word' id='word_1_141' title='bbox 2152 2237 2194 2282; x_wconf 87' lang='lat' dir='ltr'>a</span> <span class='ocrx_word' id='word_1_142' title='bbox 2221 2219 2807 2300; x_wconf 87' lang='lat' dir='ltr'>praeceptoribus</span> <span class='ocrx_word' id='word_1_143' title='bbox 2829 2218 3160 2296; x_wconf 79' lang='lat' dir='ltr'>fuissent,</span> 
     </span>
     <span class='ocr_line' id='line_1_19' title="bbox 681 2326 3153 2409; baseline -0.001 -17"><span class='ocrx_word' id='word_1_144' title='bbox 681 2329 817 2392; x_wconf 93' lang='lat' dir='ltr'>hoc</span> <span class='ocrx_word' id='word_1_145' title='bbox 862 2329 1351 2409; x_wconf 89' lang='lat' dir='ltr'>spectaculum</span> <span class='ocrx_word' id='word_1_146' title='bbox 1387 2344 1652 2409; x_wconf 91' lang='lat' dir='ltr'>pueros</span> <span class='ocrx_word' id='word_1_147' title='bbox 1691 2327 2074 2390; x_wconf 87' lang='lat' dir='ltr'>delectavit</span> <span class='ocrx_word' id='word_1_148' title='bbox 2110 2327 2494 2406; x_wconf 89' lang='lat' dir='ltr'>plurimum</span> <span class='ocrx_word' id='word_1_149' title='bbox 2530 2337 2597 2390; x_wconf 91' lang='lat' dir='ltr'>et</span> <span class='ocrx_word' id='word_1_150' title='bbox 2642 2326 2734 2389; x_wconf 91' lang='lat' dir='ltr'>ad</span> <span class='ocrx_word' id='word_1_151' title='bbox 2772 2326 3007 2390; x_wconf 91' lang='lat' dir='ltr'>studia</span> <span class='ocrx_word' id='word_1_152' title='bbox 3050 2327 3153 2390; x_wconf 91' lang='lat' dir='ltr'>in·</span> 
     </span>
     <span class='ocr_line' id='line_1_20' title="bbox 684 2435 1106 2498; baseline -0.002 0"><span class='ocrx_word' id='word_1_153' title='bbox 684 2435 1106 2498; x_wconf 86' lang='lat' dir='ltr'>flammavit.</span> 
     </span>
    </p>

    <p class='ocr_par' dir='ltr' id='par_1_5' title="bbox 671 2539 3165 4444">
     <span class='ocr_line' id='line_1_21' title="bbox 804 2539 3159 2621; baseline 0 -18"><span class='ocrx_word' id='word_1_154' title='bbox 804 2541 979 2603; x_wconf 89' lang='lat'>1110.</span> <span class='ocrx_word' id='word_1_155' title='bbox 1065 2540 1551 2621; x_wconf 81' lang='lat' dir='ltr'>Augmentum</span> <span class='ocrx_word' id='word_1_156' title='bbox 1567 2540 1842 2604; x_wconf 89' lang='lat' dir='ltr'>numeri</span> <span class='ocrx_word' id='word_1_157' title='bbox 1860 2541 2339 2604; x_wconf 81' lang='lat' dir='ltr'>studiosorum</span> <span class='ocrx_word' id='word_1_158' title='bbox 2364 2541 2438 2604; x_wconf 91' lang='lat' dir='ltr'>in</span> <span class='ocrx_word' id='word_1_159' title='bbox 2459 2557 2679 2604; x_wconf 87' lang='lat' dir='ltr'>causa</span> <span class='ocrx_word' id='word_1_160' title='bbox 2700 2539 2833 2604; x_wconf 87' lang='lat' dir='ltr'>fuit</span> <span class='ocrx_word' id='word_1_161' title='bbox 2854 2551 2935 2604; x_wconf 91' lang='lat' dir='ltr'>ut</span> <span class='ocrx_word' id='word_1_162' title='bbox 2961 2541 3159 2617; x_wconf 83' lang='lat' dir='ltr'>quin·</span> 
     </span>
     <span class='ocr_line' id='line_1_22' title="bbox 675 2646 3165 2729; baseline -0.001 -18"><span class='ocrx_word' id='word_1_163' title='bbox 675 2665 810 2729; x_wconf 93' lang='lat' dir='ltr'>que</span> <span class='ocrx_word' id='word_1_164' title='bbox 841 2649 1192 2712; x_wconf 90' lang='lat' dir='ltr'>classibus</span> <span class='ocrx_word' id='word_1_165' title='bbox 1220 2655 1425 2711; x_wconf 83' lang='lat' dir='ltr'>sexta</span> <span class='ocrx_word' id='word_1_166' title='bbox 1450 2646 1661 2710; x_wconf 87' lang='lat' dir='ltr'>fuerit</span> <span class='ocrx_word' id='word_1_167' title='bbox 1692 2647 2049 2721; x_wconf 86' lang='lat' dir='ltr'>addenda;</span> <span class='ocrx_word' id='word_1_168' title='bbox 2085 2647 2401 2727; x_wconf 88' lang='lat' dir='ltr'>quotidie</span> <span class='ocrx_word' id='word_1_169' title='bbox 2430 2648 2619 2710; x_wconf 91' lang='lat' dir='ltr'>enim</span> <span class='ocrx_word' id='word_1_170' title='bbox 2642 2647 2763 2710; x_wconf 89' lang='lat' dir='ltr'>alii</span> <span class='ocrx_word' id='word_1_171' title='bbox 2794 2656 3010 2727; x_wconf 90' lang='lat' dir='ltr'>atque</span> <span class='ocrx_word' id='word_1_172' title='bbox 3034 2647 3165 2715; x_wconf 83' lang='lat' dir='ltr'>alif</span> 
     </span>
     <span class='ocr_line' id='line_1_23' title="bbox 677 2753 3155 2834; baseline -0 -15"><span class='ocrx_word' id='word_1_173' title='bbox 677 2755 1145 2831; x_wconf 89' lang='lat' dir='ltr'>accedebant,</span> <span class='ocrx_word' id='word_1_174' title='bbox 1177 2763 1247 2818; x_wconf 92' lang='lat' dir='ltr'>et</span> <span class='ocrx_word' id='word_1_175' title='bbox 1277 2771 1524 2818; x_wconf 89' lang='lat' dir='ltr'>eorum</span> <span class='ocrx_word' id='word_1_176' title='bbox 1565 2765 1901 2834; x_wconf 89' lang='lat' dir='ltr'>parentes</span> <span class='ocrx_word' id='word_1_177' title='bbox 1938 2755 2156 2817; x_wconf 89' lang='lat' dir='ltr'>etiam</span> <span class='ocrx_word' id='word_1_178' title='bbox 2183 2753 2637 2818; x_wconf 91' lang='lat' dir='ltr'>Conimbrica</span> <span class='ocrx_word' id='word_1_179' title='bbox 2678 2763 2747 2817; x_wconf 92' lang='lat' dir='ltr'>et</span> <span class='ocrx_word' id='word_1_180' title='bbox 2787 2755 2947 2818; x_wconf 89' lang='lat' dir='ltr'>aliis</span> <span class='ocrx_word' id='word_1_181' title='bbox 2977 2755 3155 2818; x_wconf 88' lang='lat' dir='ltr'>locis</span> 
     </span>
     <span class='ocr_line' id='line_1_24' title="bbox 676 2859 3155 2942; baseline -0.001 -16"><span class='ocrx_word' id='word_1_182' title='bbox 676 2862 860 2926; x_wconf 90' lang='lat' dir='ltr'>filios</span> <span class='ocrx_word' id='word_1_183' title='bbox 887 2862 1349 2941; x_wconf 89' lang='lat' dir='ltr'>revocabant,</span> <span class='ocrx_word' id='word_1_184' title='bbox 1383 2878 1562 2942; x_wconf 91' lang='lat' dir='ltr'>quos</span> <span class='ocrx_word' id='word_1_185' title='bbox 1582 2877 1666 2923; x_wconf 92' lang='lat' dir='ltr'>eo</span> <span class='ocrx_word' id='word_1_186' title='bbox 1691 2860 1908 2924; x_wconf 92' lang='lat' dir='ltr'>studii</span> <span class='ocrx_word' id='word_1_187' title='bbox 1928 2861 2161 2940; x_wconf 87' lang='lat' dir='ltr'>gratia</span> <span class='ocrx_word' id='word_1_188' title='bbox 2186 2861 2550 2940; x_wconf 87' lang='lat' dir='ltr'>miserant,</span> <span class='ocrx_word' id='word_1_189' title='bbox 2578 2870 2653 2924; x_wconf 89' lang='lat' dir='ltr'>ut</span> <span class='ocrx_word' id='word_1_190' title='bbox 2678 2859 3155 2942; x_wconf 87' lang='lat' dir='ltr'>Olyssiponae</span> 
     </span>
     <span class='ocr_line' id='line_1_25' title="bbox 681 2966 3155 3050; baseline -0.001 -18"><span class='ocrx_word' id='word_1_191' title='bbox 681 2969 1184 3034; x_wconf 83' lang='lat' dir='ltr'>commoditate</span> <span class='ocrx_word' id='word_1_192' title='bbox 1208 2968 1344 3032; x_wconf 92' lang='lat' dir='ltr'>hac</span> <span class='ocrx_word' id='word_1_193' title='bbox 1367 2968 1776 3032; x_wconf 87' lang='lat' dir='ltr'>scholarum</span> <span class='ocrx_word' id='word_1_194' title='bbox 1794 2977 2207 3031; x_wconf 87' lang='lat' dir='ltr'>nostrarum</span> <span class='ocrx_word' id='word_1_195' title='bbox 2223 2966 2655 3047; x_wconf 88' lang='lat' dir='ltr'>fruerentur,</span> <span class='ocrx_word' id='word_1_196' title='bbox 2681 2977 2753 3030; x_wconf 91' lang='lat' dir='ltr'>et</span> <span class='ocrx_word' id='word_1_197' title='bbox 2769 2969 2889 3050; x_wconf 93' lang='lat' dir='ltr'>qui</span> <span class='ocrx_word' id='word_1_198' title='bbox 2913 2968 3155 3048; x_wconf 89' lang='lat' dir='ltr'>procul</span> 
     </span>
     <span class='ocr_line' id='line_1_26' title="bbox 679 3073 3153 3155; baseline -0 -16"><span class='ocrx_word' id='word_1_199' title='bbox 679 3093 722 3139; x_wconf 90' lang='lat' dir='ltr'>a</span> <span class='ocrx_word' id='word_1_200' title='bbox 748 3075 1067 3155; x_wconf 89' lang='lat' dir='ltr'>Collegio</span> <span class='ocrx_word' id='word_1_201' title='bbox 1090 3075 1531 3154; x_wconf 89' lang='lat' dir='ltr'>habitabant,</span> <span class='ocrx_word' id='word_1_202' title='bbox 1561 3074 1947 3154; x_wconf 89' lang='lat' dir='ltr'>aliquando</span> <span class='ocrx_word' id='word_1_203' title='bbox 1972 3073 2155 3138; x_wconf 90' lang='lat' dir='ltr'>filios</span> <span class='ocrx_word' id='word_1_204' title='bbox 2180 3091 2349 3139; x_wconf 89' lang='lat' dir='ltr'>suos</span> <span class='ocrx_word' id='word_1_205' title='bbox 2379 3091 2541 3138; x_wconf 91' lang='lat' dir='ltr'>cum</span> <span class='ocrx_word' id='word_1_206' title='bbox 2568 3074 3013 3155; x_wconf 86' lang='lat' dir='ltr'>paedagogis</span> <span class='ocrx_word' id='word_1_207' title='bbox 3039 3092 3153 3139; x_wconf 83' lang='lat' dir='ltr'>ex-</span> 
     </span>
     <span class='ocr_line' id='line_1_27' title="bbox 684 3180 3153 3262; baseline -0 -16"><span class='ocrx_word' id='word_1_208' title='bbox 684 3193 795 3246; x_wconf 88' lang='lat' dir='ltr'>tra</span> <span class='ocrx_word' id='word_1_209' title='bbox 827 3183 1116 3246; x_wconf 89' lang='lat' dir='ltr'>domum</span> <span class='ocrx_word' id='word_1_210' title='bbox 1145 3182 1511 3262; x_wconf 77' lang='lat' dir='ltr'>propriam</span> <span class='ocrx_word' id='word_1_211' title='bbox 1540 3182 1632 3245; x_wconf 91' lang='lat' dir='ltr'>ad</span> <span class='ocrx_word' id='word_1_212' title='bbox 1667 3182 1846 3244; x_wconf 87' lang='lat' dir='ltr'>alias</span> <span class='ocrx_word' id='word_1_213' title='bbox 1878 3180 2197 3260; x_wconf 80' lang='lat' dir='ltr'>Collegio</span> <span class='ocrx_word' id='word_1_214' title='bbox 2228 3181 2614 3244; x_wconf 86' lang='lat' dir='ltr'>viciniores</span> <span class='ocrx_word' id='word_1_215' title='bbox 2641 3182 3046 3261; x_wconf 84' lang='lat' dir='ltr'>mittebant,</span> <span class='ocrx_word' id='word_1_216' title='bbox 3080 3192 3153 3246; x_wconf 88' lang='lat' dir='ltr'>ut</span> 
     </span>
     <span class='ocr_line' id='line_1_28' title="bbox 679 3287 3153 3371; baseline 0 -19"><span class='ocrx_word' id='word_1_217' title='bbox 679 3289 1122 3354; x_wconf 91' lang='lat' dir='ltr'>commodius</span> <span class='ocrx_word' id='word_1_218' title='bbox 1143 3289 1237 3352; x_wconf 87' lang='lat' dir='ltr'>ad</span> <span class='ocrx_word' id='word_1_219' title='bbox 1254 3288 1649 3368; x_wconf 89' lang='lat' dir='ltr'>Collegium</span> <span class='ocrx_word' id='word_1_220' title='bbox 1673 3288 2017 3353; x_wconf 82' lang='lat' dir='ltr'>accedere</span> <span class='ocrx_word' id='word_1_221' title='bbox 2040 3305 2127 3351; x_wconf 90' lang='lat' dir='ltr'>ac</span> <span class='ocrx_word' id='word_1_222' title='bbox 2149 3287 2436 3351; x_wconf 91' lang='lat' dir='ltr'>studere</span> <span class='ocrx_word' id='word_1_223' title='bbox 2462 3299 2776 3369; x_wconf 90' lang='lat' dir='ltr'>possent:</span> <span class='ocrx_word' id='word_1_224' title='bbox 2804 3289 2949 3367; x_wconf 90' lang='lat' dir='ltr'>alii,</span> <span class='ocrx_word' id='word_1_225' title='bbox 2976 3306 3153 3371; x_wconf 92' lang='lat' dir='ltr'>quos</span> 
     </span>
     <span class='ocr_line' id='line_1_29' title="bbox 673 3394 3153 3477; baseline 0 -17"><span class='ocrx_word' id='word_1_226' title='bbox 673 3396 853 3460; x_wconf 90' lang='lat' dir='ltr'>filios</span> <span class='ocrx_word' id='word_1_227' title='bbox 873 3397 1168 3461; x_wconf 90' lang='lat' dir='ltr'>domare</span> <span class='ocrx_word' id='word_1_228' title='bbox 1191 3397 1480 3460; x_wconf 90' lang='lat' dir='ltr'>minime</span> <span class='ocrx_word' id='word_1_229' title='bbox 1503 3405 1859 3476; x_wconf 88' lang='lat' dir='ltr'>poterant,</span> <span class='ocrx_word' id='word_1_230' title='bbox 1886 3395 1978 3459; x_wconf 89' lang='lat' dir='ltr'>ad</span> <span class='ocrx_word' id='word_1_231' title='bbox 2000 3394 2395 3475; x_wconf 87' lang='lat' dir='ltr'>Collegium</span> <span class='ocrx_word' id='word_1_232' title='bbox 2415 3396 2813 3474; x_wconf 88' lang='lat' dir='ltr'>mittebant,</span> <span class='ocrx_word' id='word_1_233' title='bbox 2842 3397 2978 3460; x_wconf 91' lang='lat' dir='ltr'>sibi</span> <span class='ocrx_word' id='word_1_234' title='bbox 3000 3414 3153 3477; x_wconf 88' lang='lat' dir='ltr'>per-</span> 
     </span>
     <span class='ocr_line' id='line_1_30' title="bbox 673 3503 3151 3584; baseline 0 -17"><span class='ocrx_word' id='word_1_235' title='bbox 673 3504 1056 3567; x_wconf 89' lang='lat' dir='ltr'>suadentes</span> <span class='ocrx_word' id='word_1_236' title='bbox 1080 3504 1272 3584; x_wconf 84' lang='lat' dir='ltr'>quod</span> <span class='ocrx_word' id='word_1_237' title='bbox 1300 3504 1373 3567; x_wconf 92' lang='lat' dir='ltr'>in</span> <span class='ocrx_word' id='word_1_238' title='bbox 1397 3504 1578 3567; x_wconf 87' lang='lat' dir='ltr'>alios</span> <span class='ocrx_word' id='word_1_239' title='bbox 1601 3504 1921 3567; x_wconf 89' lang='lat' dir='ltr'>mutandi</span> <span class='ocrx_word' id='word_1_240' title='bbox 1944 3511 2203 3582; x_wconf 87' lang='lat' dir='ltr'>essent;</span> <span class='ocrx_word' id='word_1_241' title='bbox 2230 3512 2300 3566; x_wconf 91' lang='lat' dir='ltr'>et</span> <span class='ocrx_word' id='word_1_242' title='bbox 2324 3503 2569 3568; x_wconf 89' lang='lat' dir='ltr'>divina</span> <span class='ocrx_word' id='word_1_243' title='bbox 2591 3505 2873 3568; x_wconf 90' lang='lat' dir='ltr'>bonitas</span> <span class='ocrx_word' id='word_1_244' title='bbox 2896 3522 2986 3568; x_wconf 91' lang='lat' dir='ltr'>ne</span> <span class='ocrx_word' id='word_1_245' title='bbox 3008 3503 3151 3567; x_wconf 86' lang='lat' dir='ltr'>fru—</span> 
     </span>
     <span class='ocr_line' id='line_1_31' title="bbox 677 3609 3143 3692; baseline 0 -18"><span class='ocrx_word' id='word_1_246' title='bbox 677 3620 828 3674; x_wconf 87' lang='lat' dir='ltr'>stra</span> <span class='ocrx_word' id='word_1_247' title='bbox 849 3611 922 3676; x_wconf 80' lang='lat' dir='ltr'>id</span> <span class='ocrx_word' id='word_1_248' title='bbox 951 3620 1324 3692; x_wconf 88' lang='lat' dir='ltr'>sperarent</span> <span class='ocrx_word' id='word_1_249' title='bbox 1346 3609 1716 3690; x_wconf 89' lang='lat' dir='ltr'>efficiebat,</span> <span class='ocrx_word' id='word_1_250' title='bbox 1743 3627 1909 3674; x_wconf 90' lang='lat' dir='ltr'>nam</span> <span class='ocrx_word' id='word_1_251' title='bbox 1932 3610 2194 3691; x_wconf 88' lang='lat' dir='ltr'>partim</span> <span class='ocrx_word' id='word_1_252' title='bbox 2214 3627 2340 3690; x_wconf 92' lang='lat' dir='ltr'>per</span> <span class='ocrx_word' id='word_1_253' title='bbox 2364 3611 2891 3676; x_wconf 89' lang='lat' dir='ltr'>confessionum</span> <span class='ocrx_word' id='word_1_254' title='bbox 2915 3628 3143 3687; x_wconf 88' lang='lat' dir='ltr'>usum,</span> 
     </span>
     <span class='ocr_line' id='line_1_32' title="bbox 678 3717 3155 3798; baseline -0 -17"><span class='ocrx_word' id='word_1_255' title='bbox 678 3717 940 3797; x_wconf 88' lang='lat' dir='ltr'>partim</span> <span class='ocrx_word' id='word_1_256' title='bbox 969 3718 1060 3781; x_wconf 92' lang='lat' dir='ltr'>ob</span> <span class='ocrx_word' id='word_1_257' title='bbox 1088 3720 1567 3781; x_wconf 87' lang='lat' dir='ltr'>reverentiam</span> <span class='ocrx_word' id='word_1_258' title='bbox 1591 3733 1766 3796; x_wconf 85' lang='lat' dir='ltr'>erga</span> <span class='ocrx_word' id='word_1_259' title='bbox 1795 3734 1965 3780; x_wconf 92' lang='lat' dir='ltr'>suos</span> <span class='ocrx_word' id='word_1_260' title='bbox 2008 3726 2511 3798; x_wconf 88' lang='lat' dir='ltr'>praeceptores</span> <span class='ocrx_word' id='word_1_261' title='bbox 2540 3728 2610 3781; x_wconf 90' lang='lat' dir='ltr'>et</span> <span class='ocrx_word' id='word_1_262' title='bbox 2646 3719 3057 3782; x_wconf 88' lang='lat' dir='ltr'>continuam</span> <span class='ocrx_word' id='word_1_263' title='bbox 3083 3720 3155 3781; x_wconf 85' lang='lat' dir='ltr'>in</span> 
     </span>
     <span class='ocr_line' id='line_1_33' title="bbox 675 3824 3153 3903; baseline 0.001 -16"><span class='ocrx_word' id='word_1_264' title='bbox 675 3825 888 3888; x_wconf 91' lang='lat' dir='ltr'>rebus</span> <span class='ocrx_word' id='word_1_265' title='bbox 917 3824 1258 3888; x_wconf 91' lang='lat' dir='ltr'>studiosis</span> <span class='ocrx_word' id='word_1_266' title='bbox 1286 3825 1897 3903; x_wconf 87' lang='lat' dir='ltr'>exercitationem,</span> <span class='ocrx_word' id='word_1_267' title='bbox 1926 3841 2160 3888; x_wconf 89' lang='lat' dir='ltr'>mores</span> <span class='ocrx_word' id='word_1_268' title='bbox 2190 3843 2277 3888; x_wconf 93' lang='lat' dir='ltr'>ac</span> <span class='ocrx_word' id='word_1_269' title='bbox 2300 3826 2523 3889; x_wconf 88' lang='lat' dir='ltr'>vitam</span> <span class='ocrx_word' id='word_1_270' title='bbox 2550 3827 2623 3889; x_wconf 92' lang='lat' dir='ltr'>in</span> <span class='ocrx_word' id='word_1_271' title='bbox 2652 3827 2905 3890; x_wconf 88' lang='lat' dir='ltr'>melius</span> <span class='ocrx_word' id='word_1_272' title='bbox 2929 3835 3153 3890; x_wconf 88' lang='lat' dir='ltr'>muta-</span> 
     </span>
     <span class='ocr_line' id='line_1_34' title="bbox 671 3931 3155 4013; baseline 0.001 -19"><span class='ocrx_word' id='word_1_273' title='bbox 671 3932 864 3995; x_wconf 90' lang='lat' dir='ltr'>bant.</span> <span class='ocrx_word' id='word_1_274' title='bbox 923 3931 1232 3996; x_wconf 88' lang='lat' dir='ltr'>Domina</span> <span class='ocrx_word' id='word_1_275' title='bbox 1281 3931 1605 4009; x_wconf 89' lang='lat' dir='ltr'>Isabella,</span> <span class='ocrx_word' id='word_1_276' title='bbox 1657 3931 1899 3995; x_wconf 90' lang='lat' dir='ltr'>Infans</span> <span class='ocrx_word' id='word_1_277' title='bbox 1949 3931 2435 4011; x_wconf 78' lang='lat' dir='ltr'>portugalliae</span> <span class='ocrx_word' id='word_1_278' title='bbox 2489 3931 2533 4010; x_wconf 85' lang='lat'>¹,</span> <span class='ocrx_word' id='word_1_279' title='bbox 2578 3935 2908 4013; x_wconf 89' lang='lat' dir='ltr'>quamvis</span> <span class='ocrx_word' id='word_1_280' title='bbox 2959 3933 3155 3997; x_wconf 88' lang='lat' dir='ltr'>domi</span> 
     </span>
     <span class='ocr_line' id='line_1_35' title="bbox 676 4039 3159 4122; baseline 0.001 -20"><span class='ocrx_word' id='word_1_281' title='bbox 676 4056 850 4104; x_wconf 88' lang='lat' dir='ltr'>suae</span> <span class='ocrx_word' id='word_1_282' title='bbox 879 4040 1090 4104; x_wconf 87' lang='lat' dir='ltr'>valde</span> <span class='ocrx_word' id='word_1_283' title='bbox 1121 4040 1474 4104; x_wconf 91' lang='lat' dir='ltr'>eruditum</span> <span class='ocrx_word' id='word_1_284' title='bbox 1500 4039 1626 4103; x_wconf 90' lang='lat' dir='ltr'>filii</span> <span class='ocrx_word' id='word_1_285' title='bbox 1655 4040 1769 4103; x_wconf 92' lang='lat' dir='ltr'>sui</span> <span class='ocrx_word' id='word_1_286' title='bbox 1797 4049 2345 4120; x_wconf 88' lang='lat' dir='ltr'>praeceptorem</span> <span class='ocrx_word' id='word_1_287' title='bbox 2366 4039 2663 4104; x_wconf 87' lang='lat' dir='ltr'>haberet</span> <span class='ocrx_word' id='word_1_288' title='bbox 2680 4090 2695 4120; x_wconf 90' lang='lat'>‚</span> <span class='ocrx_word' id='word_1_289' title='bbox 2722 4041 3159 4122; x_wconf 87' lang='lat' dir='ltr'>significavit</span> 
     </span>
     <span class='ocr_line' id='line_1_36' title="bbox 684 4145 3153 4212; baseline 0.001 -3"><span class='ocrx_word' id='word_1_290' title='bbox 684 4157 924 4210; x_wconf 90' lang='lat' dir='ltr'>tamen</span> <span class='ocrx_word' id='word_1_291' title='bbox 953 4147 1235 4211; x_wconf 88' lang='lat' dir='ltr'>cuidam</span> <span class='ocrx_word' id='word_1_292' title='bbox 1264 4164 1356 4210; x_wconf 83' lang='lat' dir='ltr'>ex</span> <span class='ocrx_word' id='word_1_293' title='bbox 1383 4147 1648 4210; x_wconf 91' lang='lat' dir='ltr'>nostris</span> <span class='ocrx_word' id='word_1_294' title='bbox 1690 4147 1911 4210; x_wconf 92' lang='lat' dir='ltr'>filium</span> <span class='ocrx_word' id='word_1_295' title='bbox 1949 4145 2276 4211; x_wconf 90' lang='lat' dir='ltr'>eumdem</span> <span class='ocrx_word' id='word_1_296' title='bbox 2319 4165 2523 4211; x_wconf 90' lang='lat' dir='ltr'>suum</span> <span class='ocrx_word' id='word_1_297' title='bbox 2567 4148 2661 4211; x_wconf 92' lang='lat' dir='ltr'>ad</span> <span class='ocrx_word' id='word_1_298' title='bbox 2703 4148 2988 4212; x_wconf 88' lang='lat' dir='ltr'>scholas</span> <span class='ocrx_word' id='word_1_299' title='bbox 3029 4166 3153 4211; x_wconf 90' lang='lat' dir='ltr'>no-</span> 
     </span>
     <span class='ocr_line' id='line_1_37' title="bbox 671 4254 3153 4337; baseline 0 -19"><span class='ocrx_word' id='word_1_300' title='bbox 671 4263 861 4318; x_wconf 88' lang='lat' dir='ltr'>stras</span> <span class='ocrx_word' id='word_1_301' title='bbox 889 4273 968 4319; x_wconf 92' lang='lat' dir='ltr'>se</span> <span class='ocrx_word' id='word_1_302' title='bbox 997 4255 1412 4332; x_wconf 88' lang='lat' dir='ltr'>missuram,</span> <span class='ocrx_word' id='word_1_303' title='bbox 1440 4255 1505 4317; x_wconf 91' lang='lat' dir='ltr'>si</span> <span class='ocrx_word' id='word_1_304' title='bbox 1533 4270 1800 4335; x_wconf 88' lang='lat' dir='ltr'>magna</span> <span class='ocrx_word' id='word_1_305' title='bbox 1824 4254 2169 4318; x_wconf 89' lang='lat' dir='ltr'>distantia</span> <span class='ocrx_word' id='word_1_306' title='bbox 2194 4255 2658 4320; x_wconf 89' lang='lat' dir='ltr'>habitationis</span> <span class='ocrx_word' id='word_1_307' title='bbox 2686 4256 2754 4319; x_wconf 96' lang='lat' dir='ltr'>id</span> <span class='ocrx_word' id='word_1_308' title='bbox 2775 4273 2917 4321; x_wconf 92' lang='lat' dir='ltr'>non</span> <span class='ocrx_word' id='word_1_309' title='bbox 2940 4257 3153 4337; x_wconf 87' lang='lat' dir='ltr'>impe·</span> 
     </span>
     <span class='ocr_line' id='line_1_38' title="bbox 672 4361 3143 4444; baseline 0.001 -20"><span class='ocrx_word' id='word_1_310' title='bbox 672 4361 884 4443; x_wconf 89' lang='lat' dir='ltr'>diret,</span> <span class='ocrx_word' id='word_1_311' title='bbox 918 4371 989 4426; x_wconf 89' lang='lat' dir='ltr'>et</span> <span class='ocrx_word' id='word_1_312' title='bbox 1018 4363 1270 4426; x_wconf 88' lang='lat' dir='ltr'>saltem</span> <span class='ocrx_word' id='word_1_313' title='bbox 1301 4363 1682 4442; x_wconf 88' lang='lat' dir='ltr'>aliquando</span> <span class='ocrx_word' id='word_1_314' title='bbox 1727 4363 2067 4426; x_wconf 86' lang='lat' dir='ltr'>volebant</span> <span class='ocrx_word' id='word_1_315' title='bbox 2110 4379 2272 4426; x_wconf 92' lang='lat' dir='ltr'>eum</span> <span class='ocrx_word' id='word_1_316' title='bbox 2316 4361 2341 4394; x_wconf 78' lang='lat'>⁸</span> <span class='ocrx_word' id='word_1_317' title='bbox 2390 4363 2482 4427; x_wconf 92' lang='lat' dir='ltr'>ad</span> <span class='ocrx_word' id='word_1_318' title='bbox 2532 4364 2799 4427; x_wconf 89' lang='lat' dir='ltr'>classes</span> <span class='ocrx_word' id='word_1_319' title='bbox 2838 4363 3143 4444; x_wconf 89' lang='lat' dir='ltr'>Collegii</span> 
     </span>
    </p>
   </div>
   <div class='ocr_carea' id='block_1_4' title="bbox 675 4491 1069 4506">
    <p class='ocr_par' dir='ltr' id='par_1_6' title="bbox 675 4491 1069 4506">
     <span class='ocr_line' id='line_1_39' title="bbox 675 4491 1069 4506; baseline 0 886"><span class='ocrx_word' id='word_1_320' title='bbox 675 4491 1069 4506; x_wconf 95' lang='lat' dir='ltr'> </span> 
     </span>
    </p>
   </div>
   <div class='ocr_carea' id='block_1_5' title="bbox 754 4567 3145 4624">
    <p class='ocr_par' dir='ltr' id='par_1_7' title="bbox 754 4567 3145 4624">
     <span class='ocr_line' id='line_1_40' title="bbox 754 4567 3145 4624; baseline -0.001 -10"><span class='ocrx_word' id='word_1_321' title='bbox 754 4571 771 4604; x_wconf 80' lang='lat'>¹</span> <span class='ocrx_word' id='word_1_322' title='bbox 827 4570 962 4614; x_wconf 85' lang='lat' dir='ltr'>Vide</span> <span class='ocrx_word' id='word_1_323' title='bbox 1001 4580 1183 4624; x_wconf 71' lang='lat' dir='ltr'>supra.</span> <span class='ocrx_word' id='word_1_324' title='bbox 1222 4574 1259 4612; x_wconf 90' lang='lat' dir='ltr'>t.</span> <span class='ocrx_word' id='word_1_325' title='bbox 1299 4579 1376 4620; x_wconf 87' lang='lat'>111,</span> <span class='ocrx_word' id='word_1_326' title='bbox 1415 4579 1538 4622; x_wconf 73' lang='lat' dir='ltr'>pag.</span> <span class='ocrx_word' id='word_1_327' title='bbox 1575 4569 1672 4620; x_wconf 79' lang='lat'><strong>355.</strong></span> <span class='ocrx_word' id='word_1_328' title='bbox 1707 4568 1815 4620; x_wconf 77' lang='lat'>356,</span> <span class='ocrx_word' id='word_1_329' title='bbox 1851 4567 1936 4612; x_wconf 82' lang='lat'>359</span> <span class='ocrx_word' id='word_1_330' title='bbox 1972 4575 2026 4612; x_wconf 88' lang='lat' dir='ltr'>et</span> <span class='ocrx_word' id='word_1_331' title='bbox 2059 4568 2156 4622; x_wconf 73' lang='lat'>408,</span> <span class='ocrx_word' id='word_1_332' title='bbox 2187 4577 2241 4613; x_wconf 84' lang='lat' dir='ltr'>et</span> <span class='ocrx_word' id='word_1_333' title='bbox 2268 4567 2514 4614; x_wconf 60' lang='lat' dir='ltr'>Litterae</span> <span class='ocrx_word' id='word_1_334' title='bbox 2542 4569 3007 4622; x_wconf 70' lang='lat' dir='ltr'>Quadrimestres,</span> <span class='ocrx_word' id='word_1_335' title='bbox 3034 4577 3071 4612; x_wconf 89' lang='lat' dir='ltr'>t.</span> <span class='ocrx_word' id='word_1_336' title='bbox 3098 4580 3145 4612; x_wconf 77' lang='lat' dir='ltr'>n</span> 
     </span>
    </p>
   </div>
   <div class='ocr_carea' id='block_1_6' title="bbox 673 4641 1714 4768">
    <p class='ocr_par' dir='ltr' id='par_1_8' title="bbox 673 4641 1714 4768">
     <span class='ocr_line' id='line_1_41' title="bbox 673 4641 1171 4696; baseline -0.006 -11"><span class='ocrx_word' id='word_1_337' title='bbox 673 4653 796 4696; x_wconf 79' lang='lat' dir='ltr'>pag.</span> <span class='ocrx_word' id='word_1_338' title='bbox 815 4641 912 4694; x_wconf 85' lang='lat'>675,</span> <span class='ocrx_word' id='word_1_339' title='bbox 935 4648 1110 4686; x_wconf 79' lang='lat' dir='ltr'>annot.</span> <span class='ocrx_word' id='word_1_340' title='bbox 1129 4641 1171 4683; x_wconf 77' lang='grc' dir='ltr'>Β.</span> 
     </span>
     <span class='ocr_line' id='line_1_42' title="bbox 750 4713 1714 4768; baseline 0 -10"><span class='ocrx_word' id='word_1_341' title='bbox 750 4715 774 4746; x_wconf 76' lang='lat'>⁸</span> <span class='ocrx_word' id='word_1_342' title='bbox 829 4713 1040 4758; x_wconf 74' lang='lat' dir='ltr'>Scilucet</span> <span class='ocrx_word' id='word_1_343' title='bbox 1057 4746 1069 4768; x_wconf 92' lang='lat'>,</span> <span class='ocrx_word' id='word_1_344' title='bbox 1091 4713 1179 4757; x_wconf 82' lang='lat' dir='ltr'>filii</span> <span class='ocrx_word' id='word_1_345' title='bbox 1201 4715 1280 4757; x_wconf 84' lang='lat' dir='ltr'>sui</span> <span class='ocrx_word' id='word_1_346' title='bbox 1303 4721 1714 4768; x_wconf 79' lang='lat' dir='ltr'>praeceptorem.</span> 
     </span>
    </p>
   </div>
   <div class='ocr_carea' id='block_1_7' title="bbox 3719 0 3728 2886">
    <p class='ocr_par' dir='ltr' id='par_1_9' title="bbox 3719 0 3728 2886">
     <span class='ocr_line' id='line_1_43' title="bbox 3719 0 3728 2886; baseline 0 0"><span class='ocrx_word' id='word_1_347' title='bbox 3719 0 3728 2886; x_wconf 95' lang='lat' dir='ltr'> </span> 
     </span>
    </p>
   </div>
   <div class='ocr_carea' id='block_1_8' title="bbox 3716 0 3731 4738">
    <p class='ocr_par' dir='ltr' id='par_1_10' title="bbox 3716 0 3731 4738">
     <span class='ocr_line' id='line_1_44' title="bbox 3716 0 3731 4738; baseline 0 0"><span class='ocrx_word' id='word_1_348' title='bbox 3716 0 3731 4738; x_wconf 95' lang='lat' dir='ltr'> </span> 
     </span>
    </p>
   </div>
  </div>
 </body>
</html>
