3742 5392
1659 511 1786 568 ΑΝ.
1832 511 1973 568 1554
2981 511 3049 570 31

573 656 966 736 Republica
997 673 1074 718 se
1107 657 1634 734 impetraturos.
1672 655 1818 720 Res
1855 667 2227 736 praeterea
2258 656 2627 736 Corsicae,
2672 675 2853 739 quae
2873 659 3053 722 satis

578 773 784 827 erant
813 763 912 826 illi
942 763 1218 825 civitati
1267 765 1638 842 molestae,
1693 773 1762 826 et
1805 763 2051 826 variae
2105 766 2611 845 occupationes
2640 782 2731 829 ne
2759 783 2877 830 res
2904 775 3051 829 tam

577 882 908 934 maturae
941 867 1224 951 [forent]
1258 887 1342 932 ac
1373 870 1473 934 illi
1503 871 1843 950 optabant
1876 868 2133 934 effecit.

704 978 807 1042 42.
897 975 1324 1040 Sacerdotes
1362 977 1460 1039 illi
1499 987 1963 1040 cortonenses
2000 977 2047 1056 ¹,
2091 978 2208 1058 qui
2240 979 2553 1042 animum
2598 980 2689 1043 ad
2742 978 3057 1044 Societa-

585 1095 729 1150 tem
761 1084 1070 1165 adjicere
1098 1083 1554 1162 videbantur,
1599 1101 1742 1146 non
1781 1083 2131 1148 invitandi
2167 1084 2597 1149 videbantur
2644 1086 2839 1150 Patri
2869 1086 3055 1167 Lay-

583 1210 718 1256 nez
745 1202 822 1255 ut
850 1191 940 1254 ad
971 1190 1400 1255 Societatem
1430 1191 1885 1270 accederent,
1920 1192 2145 1256 donec
2181 1193 2557 1273 collegium
2588 1211 2671 1256 eo
2717 1195 3052 1267 venisset,

579 1311 657 1364 et
685 1300 1227 1363 constitutiones
1257 1297 1636 1363 Societatis
1676 1300 1956 1363 ostendi
1994 1301 2260 1364 eisdem
2308 1301 2728 1381 potuissent,
2772 1304 2887 1365 vel
2918 1304 3049 1365 sal-

587 1420 732 1471 tem
759 1407 942 1482 illae,
989 1423 1170 1486 quae
1215 1406 1286 1468 in
1331 1406 1652 1484 collegiis
1702 1405 2192 1470 observandae
2230 1417 2429 1485 sunt;
2471 1418 2539 1472 et
2569 1419 2739 1472 tunc
2770 1408 3056 1489 quidem

585 1523 782 1584 eum,
816 1505 936 1585 qui
967 1504 1234 1584 primas
1265 1504 1445 1567 inter
1477 1522 1599 1568 eos
1628 1505 1945 1583 tenebat,
1980 1504 2280 1569 Romam
2311 1523 2467 1570 esse
2500 1507 2949 1584 mittendum,
2986 1516 3061 1569 ut

590 1613 850 1677 ibidem
897 1612 1275 1676 Societatis
1324 1611 1720 1676 institutum
1770 1613 2021 1677 melius
2074 1614 2473 1678 addisceret
2519 1625 2587 1679 et
2631 1616 2879 1680 melius
2910 1615 3061 1695 ipse

587 1729 1175 1800 cognosceretur,
1209 1719 1543 1781 censebat
1575 1717 1620 1782 ².

714 1826 816 1890 43.
905 1825 1290 1889 Recidebat
1346 1826 1724 1906 aliquando
1781 1827 1853 1890 in
1914 1828 2433 1906 aegritudinem
2501 1827 2578 1891 P.
2648 1829 2936 1910 Laynez
2994 1839 3063 1891 et

598 1936 874 1999 calculo
903 1933 1401 1997 molestissimo
1426 1934 1827 2012 laborabat;
1855 1944 1924 1997 et
1948 1943 2185 1998 tamen
2216 1935 2866 2016 praedicationibus
2888 1936 3060 1999 dare

591 2060 892 2124 operam
921 2041 1287 2122 pergebat.
1321 2039 1617 2121 Scripsit
1641 2051 1878 2104 autem
1904 2042 2081 2105 civis
2103 2042 2390 2122 quidam
2413 2044 2819 2122 genuensiS,
2848 2043 3063 2107 Fran-

603 2151 836 2214 ciscus
857 2148 1166 2212 Pinellus
1188 2147 1526 2212 Adornus
1549 2146 1594 2227 ⁸,
1616 2149 1966 2212 charitate
1993 2159 2249 2228 motuS,
2274 2149 2351 2213 P.
2381 2148 2657 2230 Ignatio
2680 2150 3065 2214 timendum

594 2274 796 2336 esse,
839 2257 900 2319 si
949 2255 1505 2336 praedicationis
1555 2255 1871 2319 laborem
1921 2255 1996 2319 P.
2051 2257 2340 2337 Laynez
2393 2259 2467 2321 in
2516 2257 3067 2337 quadragesima

605 2365 1031 2444 susciperet,
1063 2361 1214 2443 eJus
1244 2362 1668 2425 imbecillam
1697 2363 2179 2427 valetudinem
2202 2364 2523 2428 laborem
2544 2365 2734 2428 hunc
2758 2368 3068 2428 tolerare

606 2489 748 2535 non
777 2487 1022 2552 posse;
1053 2481 1122 2532 et
1152 2469 1249 2533 ita
1285 2468 1356 2531 P.
1392 2469 1710 2548 Ignatius
1759 2469 1990 2533 eidem
2040 2471 2325 2552 scripsit
2374 2481 2451 2535 ut
2500 2472 2803 2552 amplius
2853 2490 3065 2551 quam

605 2587 736 2658 ter,
769 2577 1068 2657 singulis
1098 2576 1560 2639 hebdomadis
1581 2577 1652 2639 in
1677 2577 2253 2657 quadragesima,
2281 2596 2422 2641 non
2446 2580 2993 2642 concionaretur
3018 2578 3063 2659 ⁴;

604 2686 737 2750 sed
765 2702 928 2748 cum
956 2683 1027 2747 id
1056 2699 1319 2762 magna
1347 2682 1794 2746 incommoda
1819 2684 2082 2747 habere
2108 2684 2302 2748 Patri
2326 2686 2616 2766 Laynez
2640 2687 2873 2750 visum
2906 2685 3072 2750 fuis-

609 2803 738 2868 set,
773 2810 934 2856 cum
963 2807 1414 2871 summopere
1442 2791 1640 2854 cives
1670 2807 2069 2870 genuenses
2100 2809 2259 2854 eum
2305 2793 2553 2855 audire
2577 2843 2591 2872 ,
2643 2802 2713 2856 et
2755 2793 3068 2874 quotidie

597 2900 913 2981 quidem,
948 2909 1317 2978 cuperent,
1351 2896 1504 2978 ejus
1546 2897 1840 2962 arbitrio
1890 2916 2007 2962 res
2056 2909 2163 2962 est
2211 2900 2632 2980 commissa,
2687 2900 3069 2965 dummodo

611 3007 927 3070 medicus
956 3023 1103 3068 non
1132 3014 1597 3086 repugnaret3
1629 3014 1696 3068 et
1729 3005 1826 3068 ita
1865 3007 2180 3070 secunda
2216 3007 2572 3070 dominica
2612 3008 3073 3088 quadragesi-

604 3131 770 3177 mae
803 3113 991 3194 apud
1021 3111 1090 3176 S.
1125 3111 1385 3192 Syrum
1415 3111 1866 3193 quotidianas
1897 3113 2298 3193 concioneS,
2332 3133 2493 3178 cum
2524 3115 2650 3178 vix
2693 3125 3073 3195 utcumque

611 3238 656 3283 a
687 3236 816 3283 suo
846 3219 1093 3282 morbo
1131 3221 1490 3282 relevatus
1541 3228 1760 3298 esset,
1813 3235 2201 3300 aggressus
2250 3231 2380 3285 est.
2413 3221 2588 3285 Erat
2614 3222 3073 3285 nihilominus

617 3337 856 3390 tantus
885 3325 1102 3390 animi
1137 3325 1339 3405 vigor
1371 3343 1454 3388 eo
1482 3325 1558 3388 in
1589 3325 1796 3388 Patre
1828 3326 1902 3389 in
1933 3343 2195 3408 magna
2219 3329 2546 3408 corporis
2568 3329 3071 3408 imbecillitate,

611 3444 714 3512 ut,
756 3451 917 3496 cum
957 3433 1272 3496 audisset
1313 3431 1432 3512 agi
1471 3432 1559 3496 de
1598 3433 1917 3512 collegiis
1957 3434 2140 3526 inter
2185 3433 2497 3498 infideles
2542 3435 2992 3499 instituendis
3025 3437 3073 3517 ⁵,

616 3557 744 3604 sua
774 3538 1148 3616 desideria,
1183 3539 1434 3602 crebro
1464 3541 1930 3619 recurrentia,
1965 3540 2041 3603 P.
2084 3540 2361 3620 Ignatio
2392 3559 2520 3623 per
2557 3544 2831 3606 litteras
2862 3561 3075 3624 expo-

617 3647 870 3723 suerit,
901 3647 1128 3710 vitam
1162 3646 1299 3709 illis
1339 3646 1411 3708 in
1454 3646 1630 3708 locis
1676 3645 1810 3708 Dei
1863 3647 2203 3727 obsequio
2254 3649 2745 3714 consecrandi.
2793 3648 2933 3713 Sed
2985 3651 3074 3714 ad

605 3747 1406 3831 conciones'redeundo,
1438 3752 1770 3832 frequens
1800 3762 1868 3814 et
1890 3753 2124 3817 nobile
2146 3754 2576 3819 auditorium
2607 3757 2742 3820 hac
2775 3757 3073 3837 quadra·

618 3861 890 3940 gesima
917 3861 1162 3923 habuit
1181 3910 1196 3941 ,
1231 3869 1299 3922 et
1329 3876 1592 3939 magna
1624 3877 1786 3923 cum
1815 3859 2303 3925 satisfactione
2327 3871 2395 3924 et
2419 3863 2889 3927 commotione
2912 3881 3075 3928 eum

620 3967 1033 4046 audiebant;
1067 3978 1135 4030 et
1165 3968 1567 4046 importuna
1597 3967 2119 4047 quodammodo
2150 3985 2398 4031 eorum
2438 3969 2745 4050 devoti0‚
2790 3981 3077 4050 praeter

606 4073 1066 4154 quotidianas
1104 4074 1514 4153 concioneS‚
1562 4072 1650 4136 ad
1691 4073 2177 4138 confessiones
2216 4076 2429 4138 etiam
2470 4077 2857 4141 audiendas
2886 4095 3076 4141 eum·

700 4318 715 4349 ¹
776 4316 860 4360 Sic
880 4317 1148 4371 perspicue
1167 4317 1221 4360 in
1242 4327 1352 4370 ms.;
1375 4315 1500 4360 alibi
1521 4323 1698 4360 tamen
1720 4317 1973 4370 scriptum
1996 4322 2075 4360 est
2105 4315 2477 4361 Toreonenses.

697 4388 720 4419 ¹
773 4387 850 4432 De
872 4387 934 4432 iis
953 4387 1161 4442 scripsit
1184 4387 1452 4438 Polancus.
1476 4397 1540 4430 ex
1562 4397 1711 4436 com„
1731 4385 1878 4430 Patri
1900 4386 2110 4441 Laynez
2132 4386 2385 4442 Genuam,
2407 4389 2435 4432 6
2453 4388 2687 4442 januarii
2710 4397 2763 4434 et
2801 4391 2851 4434 14
2882 4389 3079 4435 Martii.

699 4457 722 4488 ³
775 4458 826 4502 Is
844 4461 930 4503 ille
952 4469 1064 4503 esse
1083 4458 1307 4510 videtur,
1330 4459 1416 4512 qui
1438 4458 1590 4513 infra,
1611 4469 1665 4501 n.
1698 4458 1768 4511 62,
1800 4457 2113 4502 Francis-cus
2145 4459 2386 4504 Adornus
2416 4462 2717 4516 appellatur
2746 4469 2800 4507 et
2829 4463 3077 4517 hospitali

618 4530 980 4574 incurabilium
1002 4541 1243 4584 praeesse
1265 4529 1469 4574 dicitur.

698 4603 723 4635 ⁴
773 4601 990 4646 Litteris
1011 4613 1044 4646 a
1064 4601 1303 4651 Polanco.
1325 4613 1392 4644 ex
1411 4613 1562 4653 com„
1589 4603 1653 4646 ad
1685 4601 1895 4659 Laynez
1926 4603 2063 4646 datis
2091 4604 2119 4645 6
2148 4601 2383 4656 januarii
2416 4604 2537 4650 1554.
2568 4603 2702 4649 Vide
2734 4605 2894 4649 etiam
2925 4605 3077 4660 infra,

613 4683 670 4716 n.
689 4673 758 4726 ⁴5,
780 4679 957 4717 annot.
975 4674 1018 4718 5.

704 4745 726 4776 ⁸
780 4744 914 4790 Vide
933 4745 1086 4801 intra,
1107 4757 1191 4789 nn.
1214 4745 1292 4788 261
1313 4750 1366 4788 et
1384 4745 1480 4800 359,
1503 4751 1556 4788 et
1577 4756 1752 4800 supra,
1778 4752 1815 4790 t.
1839 4757 1914 4801 111,
1937 4758 2058 4802 pag.
2078 4747 2119 4802 5,
2140 4760 2188 4790 n.
2213 4750 2251 4793 1.
