3742 5392
1587 498 1714 557 Au.
1760 497 1904 557 1554
2887 496 2998 555 283

530 644 621 708 ad
650 654 935 707 nostros
964 661 1091 723 per
1121 661 1283 707 eum
1324 644 1793 723 mitterentur,
1838 652 1910 706 et
1947 643 2230 724 quidem
2263 654 2466 707 extra
2509 642 2932 707 fasciculum
2971 651 2988 683 ¹

530 762 606 814 ut
638 754 874 830 legere
902 751 1055 830 ipse
1086 759 1346 830 posset,
1390 766 1519 830 pro
1556 766 1821 829 magno
1864 748 2209 813 beneficio
2252 750 2324 812 id
2361 748 2687 829 ducebat3
2721 759 2789 814 et
2834 766 2996 813 cum

531 876 641 935 ea,
675 874 857 938 quae
887 857 1285 936 agebantur
1314 857 1387 920 in
1415 855 1733 934 Corsica,
1780 856 2267 935 intellexisset,
2307 873 2741 937 magnopere
2781 858 2993 920 laeta·

532 974 669 1043 tuS,
705 964 1205 1027 commendare
1234 963 1466 1044 coepit
1497 972 1572 1026 ut
1601 961 1974 1026 Sardiniae
2003 964 2286 1027 vicinae
2317 981 2586 1027 memor
2615 974 2804 1027 esset
2845 962 2893 1041 ²3
2927 972 2995 1025 et

530 1070 859 1150 quamvis
887 1070 1062 1133 nihil
1092 1080 1261 1133 tunc
1290 1070 1575 1150 scripsit
1615 1070 1702 1133 de
1747 1070 2074 1149 collegi0,
2109 1070 2298 1149 quod
2327 1070 2694 1133 instituere
2723 1070 2798 1132 in
2825 1071 2996 1133 civi-

530 1186 674 1240 tate
702 1176 1108 1254 Turritana,
1142 1194 1355 1256 quam
1386 1176 1606 1239 Sacer
1636 1178 1854 1255 vulgo
1887 1186 2183 1254 vocant,
2227 1177 2621 1257 cogitabat,
2656 1172 2806 1255 jam
2829 1183 2996 1239 tunc

530 1283 809 1347 videtur
838 1283 906 1347 id
938 1283 1319 1347 meditatus
1347 1282 1587 1363 fuisse,
1622 1285 1812 1363 quod
1839 1294 2088 1364 postea
2119 1301 2243 1364 per
2267 1301 2473 1347 suurn
2497 1293 3000 1347 testamentum

531 1390 677 1455 vita
708 1390 1059 1454 decedens
1090 1391 1366 1471 aperuit
1394 1388 1440 1449 ⁸.
1474 1389 1653 1454 Cum
1682 1392 1818 1453 hoc
1849 1407 2023 1469 ergo
2056 1389 2144 1454 D.
2177 1388 2500 1453 Fontana
2526 1390 2602 1453 P.
2636 1388 3002 1453 Adrianus

531 1498 829 1561 contulit
871 1515 1050 1578 quae
1100 1496 1187 1560 de
1232 1497 1668 1561 admittendo
1707 1498 2010 1576 collegio
2041 1496 2344 1561 Lovanii
2383 1497 2800 1576 agebantur;
2837 1514 3001 1559 cum

530 1613 769 1666 autem
797 1603 912 1667 ille
941 1604 1157 1667 sciret
1186 1613 1452 1667 statuta
1493 1604 1679 1667 illius
1707 1604 2125 1684 provinciae
2163 1604 2426 1667 nostris
2464 1604 2773 1682 obstare,
2817 1620 3002 1685 quae

530 1712 777 1774 nolunt
808 1711 900 1774 ad
931 1728 1218 1773 manum
1253 1722 1605 1774 mortuam
1644 1711 1832 1775 bona
1873 1712 2156 1775 stabilia
2198 1711 2444 1774 venire
2483 1709 2527 1783 ⁴3
2565 1728 2864 1791 cumque
2901 1710 3000 1773 in-

531 1818 880 1897 telligeret
908 1818 1301 1899 principem
1330 1817 1837 1897 Hispaniarum
1864 1818 2270 1898 Philippum
2299 1818 2564 1881 nostris
2592 1818 2744 1881 sore
2771 1818 3002 1898 propi-

534 1925 731 2004 tium,
772 1923 973 2003 quus
1015 1924 1364 1987 adventus
1400 1925 1473 1987 in
1514 1924 1837 2004 Belgium
1875 1925 2079 1988 brevi
2121 1925 2579 2005 sperabatur,
2622 1942 2773 1987 rem
2811 1923 3006 1987 diffe-

536 2032 833 2095 rendam
861 2031 933 2093 in
976 2032 1197 2112 ipsius
1241 2030 1627 2095 adventum
1668 2032 1971 2110 censuit,
2013 2041 2084 2094 et
2121 2031 2408 2095 interim
2445 2031 2845 2111 praesidem
2885 2029 3004 2093 Vi·

534 2140 780 2218 gnum,
843 2156 884 2200 a
936 2155 1073 2218 quo
1116 2156 1232 2201 res
1282 2148 1431 2201 tota
1480 2136 2004 2217 quodammodo
2054 2136 2434 2218 pendebat,
2492 2137 3008 2217 disponendum

534 2264 689 2309 esse
719 2263 844 2326 per
874 2245 1202 2308 abbatem
1228 2244 1542 2308 Blosium
1565 2244 1715 2325 jam
1744 2244 2032 2309 dictum.

653 2350 796 2413 610.
880 2351 1097 2415 Aliud
1155 2352 1370 2415 etiam
1425 2350 1732 2415 medium
1792 2349 2324 2415 tentaverat‘P.
2385 2351 2781 2430 AdrianuS,
2824 2352 3006 2415 scili·

535 2468 649 2521 cet
696 2456 773 2521 P.
832 2456 1120 2521 Petrum
1160 2458 1246 2521 de
1284 2456 1457 2521 Soto
1526 2456 1572 2535 ⁸,
1626 2458 1796 2521 olim
1846 2458 2302 2539 Imperatoris
2351 2456 2592 2522 Caroli
2653 2458 3006 2521 confessa·

620 2665 635 2695 ¹
695 2662 863 2707 Extra
882 2663 1203 2717 fasciculum,
1214 2662 1386 2719 fuera
1406 2662 1496 2705 del
1516 2663 1827 2715 ert-volcano,
1859 2662 1956 2706 hoc
1987 2668 2084 2716 est,
2109 2663 2160 2705 in
2181 2662 2374 2707 litteris
2393 2662 2593 2715 apertis
2623 2672 2713 2705 seu
2735 2672 2836 2705 non
2859 2662 2991 2705 obsi·

537 2736 729 2789 gnatis,
752 2740 906 2779 extra
938 2745 1118 2778 earnm
1149 2734 1465 2785 fasciculum,
1495 2746 1644 2789 qnae.
1679 2734 1800 2789 quia
1835 2745 1938 2778 non
1968 2735 2263 2778 communia
2287 2733 2379 2777 sed
2409 2734 2622 2787 privata
2643 2733 2994 2783 continebant.

537 2808 746 2851 clausae
766 2817 859 2851 seu
879 2807 1183 2860 obsignatae
1200 2807 1560 2850 mittebantur.
1580 2806 1721 2850 “Hae
1742 2806 1952 2849 litterae
1975 2806 2252 2849 mittuntur
2272 2815 2364 2860 per
2394 2804 2578 2849 Dnnm.
2602 2804 2850 2849 Alexium
2869 2802 3008 2848 Fon-

538 2883 735 2933 tanam,
755 2878 839 2923 cni
860 2879 1239 2923 communicare
1271 2878 1681 2933 quadrimestres
1710 2884 1763 2921 et
1792 2878 1930 2921 alias
1958 2879 2024 2922 ad
2061 2876 2473 2921 aedificationem
2509 2875 2764 2920 facientes
2792 2876 3002 2920 litteras

537 2952 725 2994 bonum
757 2958 910 3001 esset,
939 2961 1054 2994 cum
1083 2955 1296 3005 gratum
1325 2951 1374 2993 el
1405 2950 1560 2993 valde
1594 2950 1821 2993 futurum
1850 2950 1964 3001 sin„
1987 2949 2266 3003 Polaticus,
2311 2958 2377 2993 ex
2405 2959 2555 3000 com„
2586 2946 2734 2991 Patri
2769 2946 3004 2992 Adriano

540 3019 937 3071 Adriaenssens.
960 3020 1013 3064 19
1032 3019 1207 3064 Martii
1230 3018 1545 3065 mot-vide
1566 3020 1727 3063 etiam
1748 3020 1958 3064 litteras
1980 3020 2046 3064 ad
2067 3021 2236 3075 ipsum
2263 3020 2506 3065 Alexlum
2541 3018 2833 3062 Fontanam
2852 3019 3010 3064 datas

539 3092 721 3135 eadem
740 3092 823 3135 die
846 3092 899 3135 19
916 3092 1093 3137 Martii
1114 3092 1165 3136 in
1190 3092 1381 3136 Cartas
1403 3092 1471 3136 de
1492 3092 1603 3135 San
1625 3090 1863 3145 Ignacio,
1887 3096 1924 3135 t.
1946 3103 2018 3145 iv,
2041 3103 2161 3147 pag.
2186 3091 2280 3136 112.

624 3166 646 3197 ¹
702 3163 897 3207 Sardus
919 3172 1032 3207 erat
1054 3165 1273 3208 Alexins
1293 3176 1357 3208 ex
1378 3166 1503 3208 urbe
1524 3162 1733 3207 Sassari
1754 3174 1843 3207 seu
1866 3162 2044 3207 Sacer.

620 3238 643 3267 ⁵
698 3236 805 3279 Csr.
827 3236 972 3279 Hist.
995 3236 1108 3279 Soc.
1128 3236 1343 3292 Iesum.
1366 3246 1441 3289 111,
1465 3236 1552 3279 lib.
1578 3246 1652 3287 111,
1676 3247 1758 3279 nn.
1780 3236 1850 3289 77,
1868 3242 1920 3279 et
1940 3246 2046 3289 seq.

620 3309 645 3339 ⁴
697 3304 825 3350 “Lea
846 3306 1057 3350 anciens
1085 3307 1395 3351 souveraina
1425 3306 1487 3349 de
1522 3316 1613 3349 nos
1643 3306 1920 3359 provinces
1953 3306 2166 3350 avaient
2200 3305 2318 3361 deja
2349 3306 2500 3361 exige
2529 3308 2909 3362 l’approbatlon
2943 3308 3010 3351 du

541 3380 721 3432 prince
746 3389 875 3432 pour
902 3380 954 3421 la
974 3378 1232 3423 mutation
1262 3379 1323 3421 de
1354 3378 1499 3421 biens
1532 3378 1833 3422 immenbles
1865 3378 2158 3422 ordinaires
2189 3378 2369 3431 aequis
2399 3380 2432 3421 a
2460 3390 2524 3421 un
2547 3380 2670 3423 titre
2691 3380 3010 3433 quelconque

542 3462 639 3504 par
658 3450 735 3493 les
754 3453 1094 3502 monasteres,
1116 3451 1191 3493 les
1221 3450 1595 3505 corporations,
1614 3456 1732 3499 etc„
1754 3460 1815 3493 en
1832 3450 1978 3493 biens
1996 3448 2300 3503 privilegus
2320 3450 2382 3493 de
2403 3451 2543 3493 main
2573 3459 2755 3506 morte,
2779 3456 3020 3505 exempta

540 3522 634 3565 des
652 3522 816 3565 droits
835 3521 897 3565 de
927 3522 1301 3573 transmission,
1326 3520 1579 3575 d'impots.
1604 3529 1723 3574 etc.;
1750 3520 2146 3574 charles-Quint
2169 3521 2364 3565 etendit
2383 3531 2436 3565 et
2464 3522 2759 3576 generalisa
2781 3529 2920 3567 cette
2941 3524 3012 3565 le·

540 3592 785 3646 gislation
822 3604 920 3647 par
948 3602 1039 3636 son
1069 3592 1177 3636 edit
1203 3593 1472 3647 perpetuel
1504 3592 1572 3637 dn
1602 3591 1654 3634 10
1680 3594 1961 3636 novembre
1977 3591 2092 3635 4520
2121 3592 2392 3645 (Placards
2426 3593 2488 3636 de
2518 3592 2770 3647 Brabant,
2801 3594 2868 3636 1.ο
2897 3604 3015 3647 par-

543 3666 635 3717 tie,
655 3676 739 3719 pp.
760 3664 817 3709 80
835 3666 868 3707 a
886 3664 978 3718 84).
1004 3662 1045 3709 11
1067 3678 1102 3721 y
1122 3664 1219 3708 salt
1239 3667 1624 3719 expressement
1646 3665 1852 3708 defense
1868 3675 1974 3707 aux
1990 3668 2380 3708 communautes
2400 3666 2706 3719 religieuses
2727 3664 3015 3719 d'acquerir

541 3736 633 3781 des
656 3738 953 3781 immenbles
972 3738 1041 3779 ab
1071 3736 1289 3780 intestat
1325 3748 1389 3780 on
1420 3746 1515 3791 par
1548 3736 1853 3789 disposition
1885 3737 2281 3780 testamentali-e
2309 3748 2432 3780 sans
2447 3739 2495 3780 le
2527 3743 2912 3781 consentement
2941 3736 3012 3781 1.⁰

541 3808 607 3851 dn
645 3808 840 3862 prime,
870 3806 937 3852 2⁰
969 3808 1060 3852 des
1093 3819 1221 3862 gens
1250 3808 1312 3851 de
1342 3808 1413 3851 iol
1442 3808 1535 3851 des
1561 3808 1879 3851 chess-villes
1918 3810 1982 3851 ou
2020 3818 2108 3851 ces
2139 3808 2284 3851 biens
2313 3816 2430 3853 sont
2459 3808 2674 3861 assues„
2704 3808 3001 3859 Datamen,

542 3880 575 3931 1.
598 3892 660 3933 c..
682 3890 805 3933 pag.
824 3879 893 3933 73,
916 3885 1091 3923 annot.
1111 3881 1151 3924 1.

622 3950 643 3983 δ
699 3949 833 3995 Vide
862 3962 1037 4005 snpra,
1060 3956 1097 3994 t.
1119 3962 1174 4005 11,
1196 3962 1315 4005 pag.
1337 3950 1407 4002 76,
1428 3950 1524 4003 2⁷5,
1545 3950 1627 3994 475
1646 3956 1697 3993 et
1717 3950 1897 3995 476.-··
1912 3948 2038 3995 Soto
2055 3950 2174 4003 (Fr.
2196 3950 2362 3995 Pedro
2384 3951 2478 4001 de)
2497 3951 2648 3996 nacio
2667 3962 2732 3996 en
2755 3951 3010 4003 Cor-boba,

540 4026 679 4067 tomo
699 4024 750 4066 el
778 4023 956 4066 habito
992 4023 1055 4066 de
1089 4022 1249 4067 Santo
1270 4022 1525 4075 Domingo
1545 4033 1608 4065 en
1639 4020 1952 4067 salamanca
1967 4055 1978 4077 ‚
1999 4034 2034 4080 y
2055 4022 2138 4067 fue
2158 4024 2394 4067 confesor
2414 4024 2478 4066 de
2499 4023 2682 4067 Carlos
2703 4023 2766 4067 V.
2795 4024 2862 4067 El
2893 4024 3018 4068 Car-

540 4094 691 4138 denal
714 4094 847 4139 Oton
870 4094 934 4138 de
957 4094 1214 4138 Trnchses
1228 4128 1239 4147 ,
1262 4093 1451 4148 obispo
1468 4093 1531 4137 de
1552 4094 1831 4148 Ausburgo
1851 4096 1902 4138 lo
1925 4094 2130 4148 escogio
2157 4105 2293 4149 para
2313 4097 2534 4139 ensenar
2555 4096 2607 4138 la
2629 4097 2857 4150 teologia
2878 4106 2940 4139 en
2960 4098 3016 4139 la

542 4166 874 4210 nniversidad
896 4166 958 4210 de
978 4165 1218 4219 munga,
1241 4178 1275 4222 y
1296 4164 1476 4220 Felipe
1497 4163 1545 4208 11
1573 4167 1619 4209 le
1639 4167 1797 4210 llamo
1817 4168 1849 4210 a
1869 4164 2166 4220 Ing-interra
2200 4177 2330 4221 para
2359 4168 2681 4210 restablecer
2704 4167 2757 4211 la
2792 4166 3015 4221 religion

540 4236 767 4281 catolica
798 4247 861 4280 en
892 4238 947 4280 la
970 4238 1033 4279 de
1062 4235 1275 4281 Oxsord.
1295 4235 1549 4280 Retlrado
1582 4238 1635 4280 al
1667 4242 1922 4281 convento
1952 4237 2014 4281 de
2045 4237 2336 4291 Talavera,
2358 4249 2456 4292 qne
2484 4239 2534 4282 le
2563 4238 2680 4282 hizo
2711 4249 2772 4282 sn
2802 4239 2960 4293 prior.
2981 4252 3018 4295 y

540 4308 822 4351 nombrado
842 4308 1059 4363 despnes
1078 4319 1135 4352 su
1160 4308 1356 4352 vicario
1376 4308 1666 4362 provincial
1680 4341 1692 4361 ,
1716 4308 1764 4351 le
1786 4309 1938 4352 envio
1959 4308 2050 4352 Pio
2072 4307 2148 4352 1v
2168 4312 2200 4353 a
2220 4311 2273 4353 la
2291 4309 2476 4353 ultima
2505 4310 2720 4353 reunion
2739 4310 2824 4353 del
2852 4312 3018 4354 conci·

540 4380 628 4431 lio,
649 4392 684 4435 y
704 4380 795 4423 alli
826 4381 991 4423 mutio
1012 4382 1059 4424 el
1088 4379 1144 4423 20
1174 4380 1237 4423 de
1258 4380 1410 4424 Abril
1437 4381 1501 4425 de
1532 4380 1652 4423 1563.
1676 4378 1773 4433 (D.
1796 4378 2018 4424 Nicolds
2041 4381 2681 4433 amonim—Bibliotheca
2711 4382 3018 4437 hispana.—

540 4450 779 4505 Ecnaan,
802 4450 1104 4506 Scriptores
1127 4452 1348 4495 Ordinis
1366 4451 2102 4497 Praedicatorum.—Touaox
2123 4486 2133 4505 ‚
2169 4452 2403 4497 Varones
2425 4453 2650 4497 austres
2668 4454 2735 4497 de
2765 4454 2819 4497 la
2852 4454 3018 4499 arden

538 4523 607 4566 de
628 4522 795 4567 Samo
812 4522 1147 4577 Dom2·ngo.—
1160 4522 1470 4577 Maoautxa,
1491 4523 1721 4568 Manual
1751 4524 1819 4568 de
1850 4524 2498 4570 dominicos-Lucanum
2511 4558 2523 4579 ,
2545 4524 2792 4569 Historia
2826 4526 3018 4571 critica

541 4596 607 4638 de
626 4595 681 4639 Ia
702 4594 1034 4649 Inquisicion
1054 4596 1122 4639 de
1142 4594 1432 4651 Espaaa).„
1454 4594 1611 4639 Santz
1642 4608 1709 4640 oz
1730 4596 1986 4640 Batnon
2001 4629 2012 4651 ,
2035 4596 2248 4641 Netteia
2269 4598 2336 4641 de
2356 4598 2434 4641 los
2454 4598 2738 4653 esparloles
2760 4608 2862 4652 que
2880 4599 3018 4641 asis-

540 4669 715 4710 tieron
738 4668 794 4711 al
814 4666 1041 4711 Concilio
1060 4668 1127 4710 de
1155 4666 1350 4711 Trento
1380 4668 1429 4711 in
1454 4667 1719 4713 Coleccion
1740 4668 1808 4713 de
1829 4668 2176 4713 documentos
2208 4670 2442 4713 ineditos
2456 4674 2601 4725 para
2624 4669 2680 4713 la
2699 4668 2931 4712 historia
2952 4670 3020 4713 de

548 4738 789 4793 Espafla,
809 4746 847 4783 t.
867 4748 937 4793 xx,
960 4749 1087 4793 pag.
1106 4739 1177 4783 69.
