3742 5392
642 442 758 501 ⁰262
1578 440 1835 503 Cunox.
1878 442 2032 501 Soc.
2073 443 2214 515 Jsss.

642 586 869 651 aliam
926 588 1304 652 ecclesiam
1358 605 1521 651 cum
1578 589 1727 651 suis
1780 588 2122 651 reditibus
2177 597 2246 651 et
2301 590 2740 652 ornamentis
2788 590 3118 669 transire,

644 692 1041 774 optandum
1072 695 1279 758 nobis
1306 694 1379 758 id
1408 693 1659 758 videri.
1693 694 2159 775 Relinquebat
2189 706 2422 758 autem
2448 695 2715 776 judicio
2753 695 2830 760 P.
2869 697 3120 778 Lanoy

646 818 743 863 an
771 801 908 864 hoc
940 799 1033 863 ad
1063 800 1623 865 imminutionem
1651 802 1888 865 cultus
1927 801 2238 865 futurum
2267 811 2454 865 esset
2501 820 2760 867 necne:
2791 806 3122 884 quamvis

647 916 887 971 autem
912 907 990 971 P.
1016 908 1345 972 Canisius
1374 909 1667 990 optabat
1694 919 1771 971 ut
1794 908 1964 972 illud
1987 910 2380 989 Collegium
2407 910 2816 975 Viennense
2834 912 3120 992 reliquis

648 1025 937 1079 nostrae
968 1014 1344 1079 Societatis
1386 1017 1705 1096 collegiis
1756 1017 2119 1080 conforme
2162 1017 2606 1096 redderetur,
2639 1028 2708 1081 et
2737 1019 2842 1093 id,
2885 1019 3116 1099 quoad

648 1120 803 1201 ejus
826 1122 979 1185 fieri
1006 1132 1277 1204 posset,
1312 1122 1388 1187 P.
1421 1122 1739 1203 Ignatius
1768 1124 1982 1185 etiam
2021 1132 2330 1203 optaret,
2363 1140 2482 1202 ne,
2527 1133 2780 1187 contra
2823 1142 3118 1187 consue-

650 1228 967 1291 tudinem
1014 1230 1309 1294 Missam
1346 1231 1605 1294 ibidem
1642 1229 2008 1307 cantandi,
2052 1229 2358 1311 quadam
2399 1248 2560 1294 cum
2591 1231 2932 1294 violentia
2962 1249 3118 1311 pro·

660 1336 1066 1417 cederetur,
1100 1338 1809 1402 condescendendum
1840 1338 2024 1401 idem
2057 1336 2134 1399 P.
2165 1338 2484 1417 Ignatius
2513 1338 2817 1417 censuit,
2849 1356 2980 1401 nec
3003 1358 3116 1401 ex·

654 1460 901 1521 presse
931 1444 1441 1525 injungendum
1482 1444 1559 1507 P.
1592 1444 1882 1508 Rectori
1911 1443 2208 1524 Lanoyo
2252 1453 2326 1507 ut
2359 1444 2449 1507 ad
2499 1461 2826 1508 normam
2863 1446 3124 1508 consti—

654 1550 1005 1615 tutionum
1051 1562 1461 1616 nostrarum
1502 1562 1571 1615 et
1624 1553 1927 1615 aliorum
1977 1552 2437 1630 collegiorum
2489 1552 2724 1615 omnia
2775 1553 3120 1629 exigeret.

658 1658 1202 1722 Commendavit
1232 1668 1469 1722 tamen
1499 1670 1575 1721 ut
1606 1660 1676 1722 in
1708 1657 2110 1739 hujusmodi
2156 1659 2365 1721 rebus
2399 1668 2684 1739 praeter
2721 1659 3124 1723 Institutum

656 1775 1005 1845 nostrum,
1038 1766 1437 1830 restrictior
1464 1775 1671 1843 esset,
1702 1776 1772 1827 et
1796 1776 2136 1844 quantum
2167 1764 2316 1828 fieri
2337 1775 2578 1845 posset
2607 1766 2697 1829 ad
2720 1764 3124 1829 Institutum

656 1888 733 1935 se
764 1872 1375 1950 accommodaret3
1409 1881 1477 1935 et
1516 1871 1647 1948 ita,
1701 1872 1888 1951 quod
1929 1872 2019 1935 ad
2059 1888 2336 1949 organa
2383 1873 2728 1935 ecclesiae
2779 1873 3126 1936 attinebat

661 1980 853 2055 (nam
885 1981 971 2042 de
999 1979 1110 2043 his
1134 1979 1345 2042 etiam
1370 1980 1821 2041 consuluerat
1852 1996 1943 2041 an
1973 1989 2208 2041 essent
2230 1979 2626 2059 pulsanda),
2654 1980 3013 2060 prohibuit
3035 1998 3122 2043 ne

660 2086 967 2166 amplius
1016 2095 1293 2166 ageret,
1347 2103 1509 2149 cum
1560 2085 1871 2149 nondum
1923 2103 2169 2148 eorum
2217 2086 2690 2165 pulsationem
2748 2087 2971 2150 nostri
3023 2087 3124 2150 in-

658 2192 1043 2256 choassent
1074 2192 1117 2252 ¹.

777 2300 923 2363 564.
1014 2299 1219 2378 Quod
1249 2300 1501 2363 attinet
1529 2298 1616 2362 ad
1651 2299 1820 2363 illud
1870 2300 2326 2379 stipendium,
2381 2298 2568 2380 quod
2606 2299 3150 2380 professoribus.

661 2407 1095 2486 Theologiae
1124 2408 1339 2487 pendi
1368 2408 1653 2470 solitum
1681 2418 1867 2485 erat,
1903 2418 1973 2469 et
2001 2406 2078 2469 P.
2113 2406 2398 2471 Canisio
2429 2425 2514 2470 ac
2545 2405 2622 2470 P.
2671 2406 3019 2470 Gaudano
3051 2416 3126 2469 ut

660 2514 969 2595 publicis
998 2514 1519 2595 professoribus
1569 2514 2032 2592 offerebatur,
2081 2516 2407 2577 consulto
2452 2514 2550 2577 illi
2579 2515 2954 2594 pecuniam
2983 2532 3128 2578 non

657 2621 1127 2701 admiserant,
1181 2622 1443 2702 partim
1493 2621 1681 2702 quod
1734 2622 2352 2684 constitutionibus
2411 2638 2804 2685 consonum
2863 2622 2933 2684 id
2986 2640 3128 2685 non

656 2738 884 2809 esset,
910 2730 1173 2809 partim
1201 2729 1389 2810 quod
1432 2729 1777 2807 agebatur
1816 2730 1903 2791 de
1942 2730 2302 2792 dotatione
2351 2738 2688 2809 perpetua
2722 2729 3024 2807 collegii,
3057 2738 3130 2792 et

662 2854 809 2899 non
840 2836 1259 2916 expediebat
1299 2846 1397 2915 ut,
1442 2838 1647 2917 quasi
1681 2836 2065 2899 dotationis
2095 2854 2286 2916 parS,
2333 2836 2468 2898 hoc
2499 2835 2926 2915 stipendium
2957 2836 3128 2899 assi·

658 2953 1037 3021 gnaretur;
1071 2952 1319 3024 postea
1359 2944 1721 3006 consultus
1758 2942 1835 3005 P.
1880 2943 2198 3023 Ignatius
2234 2943 2600 3024 respondit
2643 2954 2810 3005 tunc
2841 2941 3130 3023 quidem

660 3068 807 3113 non
838 3067 995 3113 esse
1026 3049 1537 3113 admittendum
1566 3050 1970 3131 hujusmodi
2000 3049 2462 3130 stipendium;
2505 3049 2629 3113 sed
2669 3050 2843 3112 nihil
2874 3050 2946 3111 in
2978 3050 3127 3112 uni·

667 3172 961 3220 versum
1012 3158 1443 3220 constituere
1501 3158 1753 3235 voluit,
1796 3154 2021 3220 donec
2073 3158 2386 3219 rationes
2433 3156 2656 3219 nostri
2703 3157 3130 3219 viennenses

675 3264 749 3327 in
800 3274 1175 3345 utramque
1224 3274 1500 3345 partem
1551 3264 1616 3327 ei
1653 3265 2067 3328 scriberent.
2124 3263 2329 3344 Quod
2367 3273 2604 3326 autem
2650 3263 2720 3326 in
2749 3280 2968 3325 causa
2997 3262 3128 3327 fuit

661 3388 751 3433 ne
784 3381 1027 3450 aperte
1072 3372 1482 3435 excluderet
1530 3370 1930 3451 hujusmodi
1979 3372 2359 3452 stipendia,
2415 3371 2485 3433 id
2535 3380 2722 3445 erat,
2776 3371 2964 3450 quod
3007 3370 3126 3433 ha-

662 3478 893 3541 benda
934 3479 1117 3542 ratio
1146 3478 1522 3542 videbatur
1550 3478 1839 3559 majoris
1868 3479 2185 3559 obsequii
2217 3478 2353 3541 Dei
2390 3488 2458 3539 et
2498 3478 2892 3540 communis
2933 3476 3152 3553 boni„

664 3584 1064 3666 cujusmodi
1094 3594 1281 3649 esset
1309 3594 1533 3649 totum
1563 3603 1742 3649 onus
1772 3586 2152 3649 lectionum
2181 3585 2612 3663 Theologiae
2656 3582 2808 3662 ejus
2833 3584 3128 3647 Univer-

661 3693 898 3756 sitatis
927 3710 1324 3773 assumere,
1360 3702 1435 3756 ut
1472 3693 1739 3756 scilicet
1769 3694 1857 3755 ab
1889 3693 2414 3756 haereticorum
2437 3692 2762 3755 manibus
2793 3692 3130 3754 lectiones

661 3800 825 3862 illae
855 3800 1421 3878 vindicarentur,
1456 3810 1525 3862 et
1554 3798 1737 3863 forte
1764 3809 1915 3863 tota
1946 3800 2397 3864 Universitas
2431 3784 2647 3878 (q'uae
2691 3815 2868 3877 pene
2899 3799 3127 3861 conci·

664 3906 891 3985 derat,
926 3906 1113 3986 quod
1143 3906 1235 3970 ad
1264 3924 1385 3969 eas
1412 3906 1790 3969 facultates
1820 3906 2092 3983 attinet,
2128 3923 2306 3986 quas
2338 3906 2562 3968 nostri
2593 3904 2848 3967 docere
2878 3905 3132 3983 solent)

666 4014 737 4076 in
768 4012 1147 4077 Societatis
1182 4030 1436 4077 manus
1464 4014 1711 4076 venire
1734 4023 2048 4093 poterat;
2074 4023 2144 4076 et
2165 4013 2226 4075 si
2250 4029 2495 4075 omnes
2519 4020 3022 4091 praeceptores
3043 4011 3130 4074 de

664 4120 1021 4184 Societate
1065 4130 1311 4183 nostra
1352 4129 1618 4199 essent,
1652 4120 2094 4197 scholastici,
2136 4120 2256 4199 qui
2296 4120 2562 4199 passim
2603 4128 2894 4197 propter
2931 4135 3128 4197 prae·

664 4236 1035 4308 ceptorum
1063 4237 1472 4307 corruptam
1505 4227 1902 4290 doctrinam
1929 4226 2121 4290 infici
2141 4234 2468 4307 poterant
2487 4276 2501 4303 ,
2536 4226 2609 4288 in
2638 4225 2989 4287 catholica
3015 4224 3130 4287 do-

668 4336 900 4399 ctrina
930 4334 1202 4399 institui
1238 4335 1666 4417 potuissent;
1718 4343 1787 4397 et
1831 4343 1999 4397 tunc
2042 4332 2444 4413 hujusmodi
2487 4330 2756 4395 reditus
2793 4331 2883 4394 ad
2915 4328 3132 4410 majo-

674 4514 736 4521 ω..-

747 4612 764 4644 ¹
825 4610 969 4655 Haec
1004 4612 1069 4655 ad
1092 4612 1309 4654 verbum
1330 4610 1437 4654 fere
1460 4610 1766 4664 deprompta
1796 4615 1916 4653 sunt
1953 4620 2014 4651 ex
2053 4608 2184 4651 litter
2201 4608 2258 4657 is.
2279 4607 2410 4662 quas
2431 4607 2701 4658 pontacus,
2721 4617 2789 4651 ex
2823 4617 2935 4649 com
2959 4639 2970 4660 ,
2993 4607 3135 4651 dedit

664 4682 813 4728 Patri
834 4682 1049 4729 Nicolao
1069 4685 1129 4727 de
1152 4682 1352 4735 Lanov.
1372 4682 1427 4727 ‘22
1446 4682 1756 4726 Novembris
