3742 5392
717 487 790 545 90
1640 486 1900 549 Canon.
1939 487 2092 547 Soc.
2133 488 2274 561 Jsss.

718 632 1237 697 xenodochium
1266 650 1543 714 quoque
1586 643 1657 698 et
1684 650 2016 697 carceres
2045 633 2270 698 nostri
2319 650 2451 714 pro
2499 650 2696 697 more
2747 648 2827 697 se
2869 631 3194 696 confere·

718 737 911 819 bant,
938 748 1007 803 et
1028 739 1227 803 eisin
1249 741 1448 818 lociS,
1476 758 1639 805 cum
1660 742 2060 805 animarum
2082 741 2568 805 consolatione
2595 748 2666 803 et
2693 738 3040 821 profectu,
3067 740 3184 801 vel

718 846 1232 927 concionand0,
1274 849 1393 911 vel
1434 846 1877 911 familiariter
1914 846 2412 928 colloquend0‚
2468 844 2973 925 versabantur,
3017 863 3190 909 nam

716 962 785 1017 et
812 971 857 1016 a
886 953 1081 1017 vitiis
1106 954 1431 1018 homines
1459 954 1909 1018 deterrebant
1935 964 2005 1017 et
2035 953 2127 1017 ad
2157 962 2683 1017 sacramentum
2711 951 3182 1017 confessionis

716 1059 1186 1125 adducebant.
1378 1078 1393 1089 *
1664 1102 1709 1119 ..

842 1166 977 1231 175.
1064 1166 1269 1248 Quod
1312 1169 1564 1233 attinet
1610 1169 1706 1232 ad
1754 1185 1870 1231 res
1907 1168 2376 1246 necessariaS,
2423 1167 2598 1231 satis
2645 1166 2930 1231 solliciti
2981 1178 3188 1231 erant

716 1275 928 1338 amici
958 1293 1047 1339 ne
1086 1276 1349 1339 nostris
1386 1275 1735 1351 deessent,
1778 1275 2204 1355 praesertim
2242 1275 2330 1339 de
2369 1274 2499 1353 his,
2553 1290 2738 1353 quae
2777 1273 2870 1338 ad
2917 1274 3189 1338 victum

717 1382 1092 1463 pertinent.
1126 1380 1436 1447 Pecunia
1466 1383 1681 1447 etiam
1708 1383 1948 1463 aliqua
1993 1383 2085 1445 ab
2124 1382 2478 1462 Episcopo
2523 1380 3089 1469 subministrata,
3121 1382 3192 1444 si

720 1489 887 1571 quid
918 1490 1183 1569 deerat,
1218 1491 1613 1571 supplebat.
2617 1468 2630 1485 ’

843 1597 979 1661 176.
1063 1597 1363 1679 Ipsemet
1390 1597 1677 1676 Rector‚
1710 1598 1958 1662 diebus
1987 1598 2298 1673 sabbati,
2341 1598 2427 1662 de
2471 1599 2685 1663 rebus
2723 1599 2817 1662 ad
2855 1597 3182 1662 christia·

716 1720 885 1768 nam
926 1703 1324 1767 doctrinam
1367 1704 1881 1785 pertinentibus
1919 1718 2320 1769 sermonem
2349 1704 2535 1785 apud
2565 1703 3032 1768 scholasticos
3062 1702 3187 1767 ha-

716 1811 925 1874 bebat
972 1808 1013 1874 ¹.

842 1918 978 1983 177.
1064 1918 1251 1982 Inter
1301 1920 1596 1998 multos,
1651 1919 1769 1999 qui
1824 1936 1870 1981 a
1920 1928 2376 1999 peccatorum
2426 1936 2646 1983 coeno
2695 1918 3190 1997 emergebant,

723 2025 1075 2105 quaedam
1124 2025 1253 2089 fuit
1302 2026 1554 2089 mulier
1606 2043 1749 2088 non
1804 2026 2086 2089 infimae
2138 2025 2592 2104 conditioniS‚
2647 2042 2828 2105 quae
2857 2073 2872 2101 ,
2934 2024 3183 2087 favore

714 2148 1136 2210 magnorum
1176 2132 1492 2195 virorum
1522 2133 1915 2212 sublevata,
1949 2144 2018 2196 et
2049 2151 2092 2196 a
2123 2134 2380 2197 marito
2409 2150 2539 2198 suo
2567 2148 2892 2195 seorsum
2919 2131 3180 2211 agebat

716 2247 785 2302 et
814 2239 1052 2302 multis
1094 2256 1461 2303 accessum
1506 2240 1598 2303 ad
1636 2239 1925 2303 domum
1965 2257 2168 2304 suam
2210 2240 2596 2321 praebebat
2637 2256 2798 2303 cum
2835 2239 3187 2315 gravibus

714 2346 1021 2427 proximi
1069 2347 1447 2411 scandalis
1492 2346 1691 2410 Haec
1730 2364 1906 2424 ergo
1956 2364 2117 2411 cum
2165 2348 2530 2411 incidisset
2579 2348 2652 2411 in
2703 2345 2780 2409 P.
2832 2345 3182 2429 Joannem

713 2452 1193 2533 Laurentium,
1228 2454 1453 2517 vitam
1480 2471 1777 2534 prorsus
1807 2463 2103 2533 mutare,
2137 2466 2206 2517 et
2237 2454 2593 2534 maritum,
2629 2454 3176 2532 mendicantem,

713 2559 1000 2623 domum
1028 2577 1231 2623 suam
1262 2558 1623 2639 reducere,
1648 2574 1719 2625 et
1748 2571 2200 2626 sacramenta
2223 2561 2674 2642 frequentare
2707 2561 3049 2639 promisit.

838 2666 973 2729 178.
1058 2667 1236 2731 Cum
1263 2668 1599 2733 facultate
1626 2667 1703 2731 P.
1748 2667 2004 2748 Ignatii
2040 2667 2116 2732 P.
2157 2668 2472 2751 joannes
2510 2668 2964 2745 LaurentiuS,
3015 2666 3171 2733 Pla·

712 2774 1041 2853 zentiam,
1084 2792 1266 2855 quae
1304 2774 1537 2855 patria
1572 2775 1795 2855 ipsius
1836 2784 2014 2853 erat,
2069 2793 2144 2839 se
2174 2776 2496 2853 contulit,
2540 2784 2702 2856 post
2741 2774 3030 2838 biduum
3057 2776 3173 2837 vel

711 2880 1023 2944 triduum
1072 2881 1449 2945 rediturus.
1502 2880 1605 2945 Ibi
1654 2882 2075 2961 quibusdam
2123 2879 2536 2959 SocietatiS‚
2591 2899 2679 2945 ac
2729 2882 3176 2961 potissimum

710 2987 1013 3050 instituti
1051 2988 1511 3067 collegiorum
1537 3036 1551 3065 ,
1592 2989 1943 3051 rationem
1987 2988 2312 3052 reddidit.
2355 2987 2542 3052 Inter
2567 2988 2700 3051 hos
2737 2988 2996 3052 Comes
3032 2986 3174 3051 Au·

707 3095 1035 3174 gustinus
1061 3095 1149 3158 de
1179 3094 1428 3158 Lando
1458 3095 1587 3159 fuit
1616 3096 1771 3175 qui,
1806 3112 1967 3159 cum
1998 3097 2216 3159 multa
2245 3095 2334 3158 de
2362 3095 2715 3160 Societate
2745 3096 3184 3175 interrogas-

708 3212 847 3279 set,
900 3212 971 3264 et
1016 3201 1103 3265 de
1145 3202 1493 3281 collegiis,
1552 3220 1733 3281 quae
1774 3202 2032 3282 ubique
2075 3204 2563 3283 erigebantur,
2615 3204 2874 3266 certior
2914 3202 3175 3282 factuS,

705 3308 905 3388 petiit
934 3309 1023 3371 ab
1052 3325 1138 3371 eo
1183 3324 1354 3372 num
1391 3310 1691 3373 trecenti
1736 3310 1936 3373 aurei
1977 3310 2278 3391 singulis
2321 3311 2526 3375 annis
2565 3310 2808 3373 donati
2849 3310 3173 3375 sufficere

706 3415 798 3479 ad
830 3416 1209 3493 collegium
1238 3415 1718 3479 inchoandum
1761 3426 2076 3497 possent.
2111 3416 2500 3497 Respondit
2538 3418 2602 3481 ei
2641 3417 2955 3500 Joannes
2991 3419 3176 3495 Lau·

706 3522 997 3602 rentiuS,
1032 3522 1093 3586 si
1122 3522 1493 3586 commoda
1523 3523 1773 3587 domus
1803 3541 1960 3587 curn
1993 3526 2296 3588 ecclesia
2325 3534 2396 3588 et
2425 3524 2712 3589 mobilia
2739 3524 3174 3599 necessaria,

706 3718 847 3762 darsl
870 3720 1153 3762 solamente
1175 3729 1208 3762 a
1228 3729 1445 3772 persone
1466 3722 1626 3763 molto
1647 3721 1844 3774 capaci,
1866 3731 2010 3764 come
2033 3722 2250 3765 sarebbe
2266 3720 2332 3763 ad
2353 3720 2522 3764 alcuni
2545 3720 2714 3765 idonei
2744 3731 2839 3775 per
2869 3721 2922 3765 la
2951 3719 3173 3775 Compa-

705 3790 845 3845 gnia,
867 3802 897 3834 o
917 3793 1053 3835 altre
1072 3800 1291 3846 persone
1312 3790 1359 3834 d·
1378 3790 1721 3847 importum-uu
1744 3792 1934 3845 perche
1956 3791 2048 3836 alli
2070 3792 2162 3836 tall
2184 3794 2464 3836 sarebbero
2484 3793 2718 3847 singular
2739 3794 2880 3836 aluto
2911 3800 2964 3837 et
2997 3792 3039 3837 si
3071 3794 3174 3838 col-

702 3863 977 3907 locarebbe
996 3863 1123 3906 bene
1144 3864 1179 3907 ll
1202 3870 1373 3917 tempo
1395 3864 1444 3906 in
1466 3864 1593 3907 loro.
1630 3864 1699 3907 Et
1722 3875 1821 3907 non
1842 3865 1885 3908 si
1906 3865 2182 3919 meravigll
2204 3865 2257 3909 la
2277 3864 2338 3907 R.
2361 3864 2424 3907 V.
2447 3866 2542 3908 che
2564 3870 2711 3909 tanto
2737 3870 3107 3908 strettamente
3129 3866 3178 3909 si

702 3934 1033 3979 raccomandl
1054 3940 1237 3988 questa
1257 3944 1380 3978 cosa
1410 3936 1547 3987 degli
1582 3935 1857 3982 essercizii.
1878 3937 2068 3989 perche
2091 3936 2172 3980 fra
2191 3936 2226 3980 li
2245 3936 2400 3980 mezzi
2419 3938 2514 3980 che
2530 3946 2624 3980 usn
2639 3942 2818 3980 nostra
2836 3934 3175 3991 compagum,

706 4012 886 4061 questo
905 4004 940 4049 li
962 4008 989 4049 e
1010 4007 1170 4050 molto
1190 4007 1417 4060 proprio,
1441 4014 1493 4049 et
1514 4017 1608 4060 per
1628 4008 1798 4061 quello
1818 4005 1918 4052 Dio
1939 4006 2006 4050 N.
2035 4006 2086 4050 S.
2103 4007 2145 4050 sl
2161 4010 2188 4051 e
2205 4007 2402 4052 servito
2419 4008 2788 4061 grandemente
2809 4008 2858 4051 in
2879 4008 3170 4052 innumera-

702 4078 791 4122 blll
811 4078 999 4127 anime.
1020 4084 1071 4120 et
1092 4078 1145 4120 la
1164 4078 1399 4131 maggior
1420 4086 1571 4131 parte
1597 4077 1721 4121 delli
1742 4076 1894 4121 buoni
1915 4078 2168 4132 suppositi
2191 4078 2286 4123 che
2307 4089 2434 4122 sono
2455 4078 2612 4134 hoggi
2631 4080 2772 4124 nella
2791 4078 3112 4133 campagnia
3128 4079 3174 4123 si

700 4159 826 4193 sono
844 4148 1025 4193 ridottl
1042 4149 1129 4192 dal
1148 4150 1319 4193 secolo
1340 4160 1373 4193 a
1392 4150 1567 4203 quella
1586 4159 1678 4204 per
1698 4158 1885 4203 questa
1905 4151 2010 4202 νίας
2031 4150 2084 4193 dl
2103 4150 2253 4194 modo
2274 4152 2370 4194 che
2403 4160 2534 4205 pare
2565 4162 2656 4205 per
2684 4152 2888 4195 volerla
2915 4152 3168 4206 ampliare

702 4220 763 4264 de
786 4220 937 4265 buoni
954 4220 1207 4275 suppositi
1226 4220 1267 4264 sl
1290 4224 1318 4264 e
1339 4230 1522 4275 questa
1541 4231 1644 4264 una
1666 4221 1849 4266 ottima
1870 4222 1976 4275 νίας
1999 4226 2051 4265 et
2069 4232 2163 4275 per
2181 4222 2417 4266 maritati
2431 4230 2486 4266 et
2503 4224 2628 4268 altri
2643 4223 2863 4268 seculari
2879 4234 2910 4267 o
2927 4223 3168 4277 religiose

700 4302 918 4345 persone
937 4292 1097 4336 etiam
1118 4292 1394 4336 utilissima
1414 4292 1657 4337 masslme
1678 4294 1729 4337 la
1750 4294 1922 4347 prima
1940 4294 2238 4338 settimana.
2253 4326 2277 4346 „
2303 4294 2554 4339 Polaticus
2570 4326 2580 4343 .
2598 4306 2664 4339 ex
2683 4306 2814 4339 com.
2828 4326 2842 4347 ,
2871 4293 3018 4338 Patri
3055 4294 3174 4337 Pul-

700 4364 837 4419 lippo
860 4363 1073 4412 Leerno.
1094 4362 1396 4408 Mutinensis
1418 4362 1639 4417 Collegss
1662 4364 1873 4408 Rectorl
1890 4396 1900 4415 .
1921 4365 1950 4407 2
1970 4364 2258 4411 Februarii.
2273 4366 2478 4411 -Idcm
2506 4368 2758 4421 scriptum
2789 4372 2869 4410 est
2897 4366 2965 4410 ad
2994 4376 3178 4409 omnes

703 4434 983 4480 Societatls
1004 4436 1181 4479 domos
1201 4436 1341 4480 hisce
1363 4434 1563 4479 diebus.

780 4508 795 4540 ¹
856 4506 1036 4552 “Delia
1054 4507 1285 4551 dotti-lna
1304 4507 1593 4551 christiana
1613 4506 1680 4550 V.
1706 4506 1764 4551 R.
1788 4508 1914 4561 plgll
1936 4510 1987 4551 la
2005 4507 2136 4551 horn
2155 4510 2250 4551 che
2277 4510 2362 4563 piu
2379 4509 2646 4553 commoda
2661 4510 2698 4553 li
2714 4510 2920 4563 parer-a,
2937 4520 2988 4552 et
3005 4510 3168 4553 anche

696 4578 733 4621 il
753 4578 933 4631 giorno
952 4578 1033 4622 fra
1052 4578 1104 4621 la
1122 4578 1405 4622 settlmana
1424 4578 1511 4631 piu
1530 4584 1836 4631 opportuno;
1859 4577 1896 4621 il
1917 4578 2069 4631 luogo
2089 4590 2190 4622 non
2230 4579 2448 4624 doveria
2477 4590 2620 4623 esser
2653 4582 2698 4623 le
2729 4580 3047 4633 convertite,
3081 4590 3173 4623 mn.

696 4650 793 4693 Sao
816 4650 1057 4703 Antonio,
1078 4656 1129 4693 et
1150 4648 1443 4693 finalmente
1466 4650 1553 4703 pin
1574 4657 1748 4703 presto
1768 4650 1811 4693 sl
1834 4650 1994 4703 legg».
2011 4650 2062 4693 in
2083 4662 2186 4694 una
2213 4652 2392 4695 scuoln
2425 4652 2564 4695 della
2597 4664 2722 4696 casn
2751 4653 2844 4697 che
2877 4653 3008 4696 nelle
3045 4662 3167 4695 con-

694 4723 971 4773 vertite...„
994 4720 1263 4773 Polancus.
1288 4732 1354 4763 ex
1374 4731 1525 4775 com„
1545 4720 1690 4765 Patri
1714 4720 1950 4775 Philippo
1973 4721 2188 4775 Leerno,
2215 4722 2266 4765 10
2287 4722 2560 4769 Februarii
2583 4724 2706 4767 155⁴.
