3742 5392
1558 479 1686 539 ΑΝ.
1730 480 1871 539 1554
2843 479 2950 537 125

468 624 845 705 dederant,
880 636 958 689 ut
988 627 1080 690 ad
1107 624 1609 689 sustentandos
1636 635 1924 690 nostros
1954 625 2270 690 infirmos
2301 625 2724 689 accederent
2753 642 2957 688 cura-

478 742 767 812 verunt,
801 732 923 814 qui
952 733 1267 796 animum
1295 748 1501 797 suum
1528 732 1683 796 Deo
1724 734 1797 795 in
1839 731 2194 796 societate
2233 732 2666 795 inserviendi
2704 732 2782 796 P.
2825 731 2956 796 Re-

479 840 661 903 ctori
690 840 1181 919 declararunt;
1214 849 1284 903 et
1313 840 1406 903 ad
1434 839 1506 902 id
1536 850 1830 920 uterque
1858 838 2158 902 idoneus
2186 839 2596 918 videbatur,
2629 839 2958 918 quamvis

480 956 557 1011 ut
587 948 817 1027 magis
846 963 1096 1009 eorum
1124 946 1415 1027 spiritus
1442 955 1513 1010 et
1539 947 1829 1009 vocatio
1858 946 2313 1026 probaretur,
2359 945 2697 1009 admissio
2737 945 2956 1009 dilata

476 1052 717 1119 suerit.

599 1159 741 1223 246.
828 1161 1018 1224 Inter
1047 1170 1550 1241 praeceptores
1581 1160 1789 1241 hujus
1818 1160 2105 1225 scholae
2135 1159 2488 1223 Henricus
2517 1158 2946 1224 Summalius

467 1277 636 1331 -erat
679 1266 722 1346 ¹,
770 1268 921 1348 qui,
976 1284 1140 1331 cum
1177 1267 1467 1347 egregie
1496 1284 1626 1330 suo
1673 1265 1978 1331 docendi
2007 1284 2299 1330 munere
2342 1266 2759 1347 fungeretur
2789 1274 2858 1328 et
2903 1284 2946 1329 a

468 1374 848 1455 discipulis
899 1374 1109 1437 valde
1162 1382 1557 1452 amaretur,
1598 1373 2056 1437 nihilominus
2099 1373 2173 1437 in
2211 1374 2539 1436 morbum
2569 1372 2949 1453 quemdam

466 1498 785 1561 :gravem
812 1491 883 1544 et
913 1480 1185 1544 caduco
1213 1481 1511 1545 similem
1539 1480 1852 1545 incidere
1889 1481 2183 1560 solebat,
2216 1480 2425 1543 simul
2458 1489 2671 1560 atque
2705 1487 2828 1543 aer
2855 1480 2954 1542 in-

468 1589 916 1667 calescebat3
950 1588 1208 1652 medici
1236 1598 1471 1652 autem
1501 1590 1575 1651 in
1606 1596 1771 1652 aere
1798 1589 2081 1666 natiVO,
2117 1589 2232 1651 vel
2259 1588 2380 1669 qui
2410 1587 2653 1652 nativo
2697 1587 2946 1650 similis

468 1704 693 1775 -esset,
728 1695 979 1759 melius
1006 1712 1169 1758 eum
1199 1695 1609 1759 habiturum
1638 1712 1795 1759 esse
1828 1694 2300 1759 affirmabant.

600 1802 743 1866 247.
832 1801 1253 1867 Affirmabat
1280 1801 1358 1866 P.
1385 1801 1655 1865 Caesar
1676 1802 1970 1866 stabiles
1991 1809 2060 1864 et
2083 1800 2326 1865 firmos
2355 1802 2428 1865 in
2454 1801 2838 1864 vocatione
2864 1818 2952 1863 ac

472 1910 744 1973 virtute
772 1909 1269 1985 scholasticOS,
1306 1917 1517 1989 atque
1546 1910 1763 1972 etiam
1803 1907 2216 1971 sacerdotes
2241 1955 2258 1986 ,
2302 1908 2571 1972 nostris
2605 1907 2950 1971 Venetias

480 2016 664 2079 mitti
692 2024 1039 2096 oportere,
1074 2016 1334 2095 partim
1361 2024 1652 2095 propter
1674 2014 1995 2096 pericula
2017 2014 2438 2095 spiritualia,
2471 2015 2749 2095 quaein
2774 2015 2949 2077 urbe

482 2140 625 2186 non
655 2122 914 2202 exigua
946 2132 1171 2201 erant,
1201 2122 1466 2202 partim
1496 2123 1662 2203 quia
1701 2122 1954 2185 domus
1993 2130 2242 2185 nostra
2277 2122 2379 2185 sic
2422 2130 2578 2185 erat
2605 2120 2952 2201 disposita

485 2247 571 2292 eo
604 2240 954 2309 tempore,
987 2238 1065 2292 ut
1104 2230 1226 2309 qui
1251 2230 1497 2308 vellet,
1530 2228 1807 2307 hospite
1835 2228 2258 2307 insalutatO,
2292 2228 2500 2291 facile
2543 2236 2785 2307 posset
2815 2228 2951 2291 dis·

493 2336 778 2415 cedere;
809 2346 879 2399 et
902 2336 1183 2400 demum
1213 2337 1381 2417 quia
1409 2352 1672 2415 magna
1694 2336 2038 2416 patientia
2070 2352 2248 2415 opus
2278 2344 2433 2398 erat
2463 2333 2554 2397 ad
2581 2334 2948 2399 ferendam

490 2444 727 2506 victus
772 2443 1423 2507 incommoditatem
1474 2460 1559 2506 ac
1606 2443 1954 2517 laborem,
2009 2459 2148 2521 quo
2199 2459 2316 2504 res
2358 2441 2808 2505 necessariae
2860 2458 2952 2505 ex

488 2550 699 2614 domo
730 2549 998 2613 Prioris
1020 2549 1518 2613 obtinebantur
1548 2547 1594 2629 ';
1625 2566 1793 2612 nam
1815 2549 2032 2611 etiam
2063 2549 2257 2627 ligna
2280 2548 2534 2628 aliquis
2565 2566 2656 2611 ex
2683 2550 2948 2611 nostris

490 2658 681 2721 intra
708 2657 1004 2719 brachia
1035 2656 1220 2719 ferre
1249 2674 1340 2719 ex
1368 2655 1517 2736 eJ'us
1548 2655 1756 2719 domo
1787 2656 1859 2718 in
1891 2655 2267 2734 collegium
2299 2655 2600 2718 debebat
2629 2653 2673 2734 ³,
2708 2664 2776 2718 et
2805 2673 2950 2718 ma·

470 2766 650 2845 gnis
698 2763 1056 2827 laboribus
1106 2763 1384 2827 onerati
1431 2773 1932 2844 praeceptores
1985 2763 2173 2825 hunc
2231 2770 2303 2824 et
2349 2762 2527 2824 alios
2576 2760 2948 2841 adjunctos

482 2872 720 2936 subire
751 2871 1028 2935 difficile
1059 2879 1411 2952 poterant.
1442 2870 1533 2935 Et
1561 2888 1725 2933 cum
1753 2868 1824 2933 id
1854 2870 2120 2933 Rector
2148 2869 2239 2933 D.
2280 2869 2511 2933 Priori
2551 2868 2942 2947 significas-

482 2988 615 3055 set,
643 2977 1117 3058 respondebat
1140 2978 1253 3039 ille
1276 2976 1466 3058 quod
1487 2994 1617 3057 pro
1639 2976 2084 3041 recreatione
2106 2977 2246 3040 hoc
2275 2976 2540 3041 nostris
2563 2994 2720 3039 esse
2743 2976 2951 3039 debe-

482 3093 614 3164 ret;
647 3094 717 3148 et
748 3086 809 3147 si
839 3084 1006 3165 quid
1050 3086 1189 3148 tale
1228 3084 1303 3147 P.
1337 3083 1727 3148 Francisco
1757 3081 1781 3114 ⁴
1809 3083 2298 3163 injungeretur
2321 3132 2337 3164 ,
2371 3084 2560 3164 quod
2589 3084 2704 3147 ille
2735 3084 2951 3147 liben-

566 3290 581 3323 ¹
638 3290 771 3334 Vide
790 3300 964 3344 supra,
988 3296 1026 3333 t.
1048 3300 1121 3343 ur,
1141 3301 1262 3344 pag.
1287 3288 1379 3334 153.

559 3362 583 3394 ¹
638 3361 788 3405 Haud
808 3363 918 3406 sine
943 3372 1103 3404 causa
1124 3362 1185 3403 de
1208 3360 1270 3404 iis
1290 3360 1606 3415 querebatur
1626 3360 1789 3405 bonus
1810 3359 1865 3403 Ρ.
1891 3359 2106 3413 Caesar3
2129 3370 2265 3414 nam,
2287 3364 2344 3403 ut
2365 3372 2430 3403 ex
2451 3360 2659 3413 litteriS,
2682 3372 2810 3414 quas
2827 3360 2941 3414 ipsi,

468 3444 549 3477 -ex
568 3444 717 3487 com„
738 3434 879 3477 dedit
900 3432 1156 3477 Polancus
1180 3432 1231 3475 17
1248 3431 1400 3486 Nova,
1419 3433 1637 3501 eruitur,
1658 3443 1760 3475 non
1780 3443 1966 3486 parum
1983 3434 2176 3485 negotii
2191 3432 2238 3475 ei
2255 3432 2580 3476 facessebant
2601 3432 2695 3475 hoc
2713 3437 2946 3486 tempore

478 3505 787 3549 Thaddaeus
808 3504 1065 3555 Senensis,
1090 3504 1276 3547 Petrus
1296 3504 1357 3547 de
1382 3504 1552 3557 Atrio,
1575 3511 1628 3547 et
1650 3504 1836 3547 Petrus
1858 3503 2248 3557 Neapolitanus.
2271 3503 2620 3548 Posteriorem
2642 3504 2774 3547 hunc
2792 3504 2946 3559 jussit

476 3576 711 3631 {gnatius
740 3584 797 3620 nt
818 3575 1196 3630 peregrinando
1217 3574 1503 3619 Lauretum
1518 3576 1815 3619 mitteretur
1836 3580 1890 3618 et
1910 3575 2027 3619 inde
2049 3575 2281 3630 Romam,
2301 3576 2434 3629 quod
2454 3586 2611 3629 saepe
2633 3587 2750 3619 cum
2769 3576 2848 3626 iis,
2863 3576 2949 3630 qui

474 3660 509 3691 a
530 3647 790 3691 Societate
812 3647 1103 3690 dimittendi
1123 3653 1290 3699 erant,
1310 3646 1485 3689 fiebat.

556 3720 580 3753 ⁸
634 3720 793 3763 “Dell'
814 3719 1179 3763 incommoclita
1201 3718 1253 3763 dl
1274 3724 1457 3773 portat
1475 3720 1529 3761 la
1550 3718 1719 3771 legna,
1744 3726 1866 3770 etc..
1889 3718 1941 3762 in
1973 3724 2154 3773 questo
2185 3728 2354 3762 mezzo
2375 3718 2468 3761 che
2501 3718 2728 3771 provede
2760 3718 2945 3763 Mensi-

474 3802 609 3845 gnor
629 3791 667 3835 il
688 3790 838 3833 Prior
858 3802 887 3833 o
907 3790 951 3833 si
973 3798 1194 3833 trovano
1215 3788 1479 3841 servitori,
1500 3800 1600 3833 non
1620 3789 1757 3849 porti
1779 3800 1879 3832 uno
1899 3790 2009 3833 solo
2031 3791 2083 3833 la
2104 3790 2274 3844 legna,
2298 3801 2383 3834 ma
2413 3790 2494 3833 doi
2525 3790 2736 3833 insieme
2757 3822 2767 3843 ,
2800 3801 2944 3833 come

474 3874 577 3917 qua
596 3863 639 3907 si
660 3862 731 3913 fa,
752 3862 801 3906 in
822 3869 968 3906 certo
989 3862 1331 3906 instrumento
1352 3862 1403 3905 di
1424 3860 1507 3905 doi
1529 3861 1732 3905 bastoni
1757 3867 1811 3905 et
1830 3867 1972 3904 certe
1996 3860 2149 3905 corde
2172 3862 2224 3904 in
2254 3871 2425 3905 mezzo
2457 3861 2506 3905 di
2539 3863 2664 3904 loro.
2697 3860 2767 3905 Et
2803 3861 2946 3905 tinai-

476 3940 647 3979 mente
668 3933 733 3977 V.
762 3933 824 3977 R.
854 3934 1081 3989 proceda
1111 3934 1147 3976 il
1179 3933 1368 3987 meglio
1403 3933 1497 3976 che
1526 3934 1697 3987 potra,
1726 3944 1813 3977 ma
1844 3933 2028 3987 sappia
2052 3934 2146 3976 che
2181 3932 2370 3977 Nostro
2406 3932 2572 3975 Padre
2603 3934 2812 3987 giudica.
2847 3944 2945 3977 non

468 4012 623 4062 poter
642 4006 858 4049 mandat
880 4016 976 4048 con
1008 4007 1144 4047 bona
1175 4004 1491 4048 conscientia
1512 4007 1574 4047 ne
1604 4005 1793 4048 lettore
1825 4007 1888 4047 ne
1923 4005 2196 4048 sacerdote
2225 4016 2445 4047 nessuno
2467 4004 2514 4047 in
2539 4012 2686 4048 tanto
2719 4006 2812 4047 che
2845 4016 2946 4048 non

473 4079 646 4122 hauno
673 4078 891 4131 meglior
918 4076 1285 4129 commodita.„
1306 4074 1587 4127 Polaticus,
1609 4086 1675 4119 ex
1695 4087 1845 4129 com„
1867 4075 2013 4120 Patri
2036 4075 2250 4120 Caesari
2276 4076 2461 4127 Helmi,
2487 4077 2536 4119 13
2554 4076 2788 4128 januarii
2821 4076 2944 4120 1554.

472 4149 599 4195 -Et
617 4149 669 4193 21
690 4149 903 4203 Aprilis:
924 4147 1019 4190 ⁶·V.
1040 4147 1100 4192 R.
1121 4148 1201 4191 sia
1221 4146 1495 4191 avvertita
1523 4148 1573 4191 dl
1596 4147 1817 4193 aiutarsi
1846 4150 1982 4192 uelle
2003 4160 2122 4191 cose
2143 4148 2240 4192 che
2260 4148 2544 4203 bisognano
2565 4150 2672 4192 alla
2694 4160 2818 4193 casa
2847 4161 2946 4193 con

468 4222 519 4263 le
540 4220 773 4264 limosine
794 4219 917 4262 delli
936 4217 1117 4271 divoti,
1141 4230 1240 4261 non
1260 4218 1501 4261 havendo
1534 4219 1672 4262 altro
1700 4218 1940 4273 rispetto,
1960 4220 2148 4273 perche
2183 4220 2227 4263 si
2259 4221 2390 4263 vede
2413 4222 2582 4273 quello
2616 4221 2822 4275 seguita
2851 4231 2946 4274 per

468 4292 777 4335 trattenersi
797 4290 833 4333 li
853 4290 1049 4334 fratelli
1080 4290 1131 4333 ln
1151 4289 1347 4344 disagi:
1367 4296 1422 4333 et
1453 4288 1763 4333 similmente
1795 4301 1942 4343 pare,
1964 4302 2056 4345 per
2076 4302 2175 4334 nou
2206 4290 2448 4335 affaticar
2479 4299 2626 4336 tauto
2661 4292 2816 4347 quelli
2848 4292 2943 4336 che

468 4374 693 4407 servono
714 4362 797 4405 nel
816 4362 897 4405 far
918 4367 1099 4416 portat
1118 4362 1171 4404 la
1190 4362 1347 4415 legna
1366 4361 1417 4405 di
1438 4372 1563 4405 casa
1583 4361 1636 4405 di
1666 4360 1982 4417 monsignor,
2003 4370 2119 4413 etc..
2142 4363 2192 4407 di
2213 4363 2356 4406 darsi
2389 4364 2560 4407 alcuni
2593 4364 2844 4417 quattrini
2876 4365 2946 4408 ad

468 4434 643 4479 alcuni
658 4432 883 4478 facchlni
902 4443 998 4488 per
1015 4433 1267 4487 portaria,
1284 4444 1379 4487 per
1399 4444 1499 4476 non
1517 4432 1563 4477 si
1582 4434 1678 4477 dar
1694 4434 1962 4477 occasione
1979 4445 2013 4478 a
2028 4434 2185 4489 quelli
2205 4435 2300 4478 che
2319 4442 2509 4480 stanno
2530 4435 2582 4479 in
2601 4446 2727 4479 casa
2744 4436 2789 4479 d’
2805 4447 2944 4480 ama·

467 4504 599 4550 latai
622 4516 651 4549 ο
672 4505 723 4549 di
744 4511 859 4548 star
879 4505 931 4548 di
953 4504 1091 4547 mala
1112 4504 1335 4558 trogum„

554 4579 579 4611 ὁ
629 4574 929 4621 Verisimile
949 4582 1029 4619 est
1049 4576 1135 4619 hic
1154 4577 1343 4620 bonum
1362 4574 1597 4619 Priorem
1617 4576 1811 4620 nostris
1832 4576 2164 4621 scholasticis
2181 4578 2470 4631 exemplum
2492 4576 2820 4631 proposuisse
2842 4578 2942 4621 Pa·

470 4650 569 4695 tris
604 4648 872 4693 Francisci
905 4646 1123 4703 Xavier,
1151 4647 1297 4701 cujus
1337 4647 1547 4691 litterae
1583 4653 1695 4693 tum
1722 4648 1970 4702 temporis
1999 4660 2092 4703 per
2125 4648 2514 4693 Tramezzinum
2535 4648 2771 4693 venetiis
2801 4650 2940 4705 typis

458 4721 775 4777 edebantur,
789 4726 845 4765 et
863 4730 1085 4775 magnae
1104 4727 1256 4764 erant
1275 4718 1641 4775 aedificationi,
1658 4722 1744 4765 vel
1765 4720 1901 4764 forte
1923 4720 2098 4765 Patris
2118 4720 2384 4766 Francisci
2409 4720 2615 4775 Borgia,
2634 4732 2785 4776 quem
2801 4721 2942 4775 igno·
