3742 5392
1656 493 1785 553 An.
1828 494 1970 553 1554
2941 492 3054 553 2⁷15

580 638 977 721 Utrumque
1034 648 1274 705 autem
1332 640 1814 705 Romanorum
1871 639 2028 703 Rex
2083 642 2458 720 expetebat
2514 650 2584 703 et
2621 639 2780 703 ideo
2836 640 3048 703 valde

576 746 967 827 jucundum
996 748 1333 813 nuncium
1363 748 1499 827 ipsi
1529 748 1660 811 fuit
1694 746 1735 807 '.

700 854 843 919 553.
932 854 1319 918 Matertera
1351 855 1677 935 magistri
1704 853 2130 918 Theodorici
2159 852 2431 918 Canisii
2475 853 2766 917 domum
2807 870 3044 933 quam·

584 959 751 1024 dam
787 960 1221 1041 Noviomagi
1263 960 1603 1025 Societati
1646 959 2018 1038 offerebat,
2050 976 2234 1040 quae
2279 962 2488 1039 virgo
2534 970 2706 1024 natu
2753 959 3052 1040 grandis

575 1065 725 1147 jam
767 1077 954 1145 erat,
988 1066 1116 1131 sed
1156 1068 1525 1149 rescripsit
1563 1065 1638 1130 P.
1674 1066 1996 1146 Ignatius
2034 1064 2111 1129 P.
2146 1066 2436 1131 Canisio
2475 1065 2864 1131 donatricis
2903 1068 3050 1130 ani-

668 1306 687 1339 ¹
746 1306 889 1360 Quae
922 1308 985 1352 de
1016 1306 1114 1352 hoc
1146 1308 1336 1361 duplici
1372 1308 1663 1361 theologiae
1696 1307 1996 1363 compendio
2027 1314 2148 1351 acta
2178 1308 2439 1363 hucusque
2472 1308 2704 1362 fuerant,
2740 1308 2814 1353 sic
2845 1306 3048 1363 colligit

581 1377 1013 1423 Baium-annona:
1036 1378 1421 1423 *Ferdinandus
1440 1379 1465 1423 1
1486 1380 1681 1423 litteris
1699 1379 1904 1423 Vienna
1928 1379 1984 1423 15
2008 1378 2243 1432 januarii
2273 1380 2382 1423 1554
2401 1391 2434 1423 a
2454 1379 2508 1424 S.
2527 1379 2733 1435 Ignatio
2753 1380 2920 1435 petiit,
2937 1388 2994 1425 ut
3014 1392 3044 1425 a

580 1450 749 1495 doctis
797 1451 1056 1505 aliquibus
1090 1451 1220 1495 viris
1254 1450 1533 1495 Societatis
1578 1450 1773 1495 Romae
1818 1450 2162 1495 existentibus
2201 1452 2555 1505 compendium
2592 1452 2800 1507 aliquod
2850 1454 3050 1496 theolo-

578 1522 698 1577 giae
732 1522 1157 1565 conscribendum
1186 1530 1397 1566 curaret
1428 1522 1561 1576 quod
1590 1528 1699 1566 tam
1731 1522 2103 1566 ecclesiasticis
2123 1533 2277 1576 quam
2299 1523 2619 1567 secularibus
2648 1523 2816 1567 instar
2829 1524 3044 1578 reg-uiae

579 1598 631 1637 et
651 1603 863 1637 normae
899 1600 1055 1646 esset,
1092 1592 1299 1647 levique
1332 1594 1499 1648 pretio
1536 1596 1601 1637 ab
1634 1592 1871 1637 omnibus
1896 1594 2060 1637 coemi
2089 1600 2279 1647 posset.
2315 1592 2378 1636 Se
2403 1601 2702 1639 curaturum
2718 1595 2843 1639 illud
2863 1595 3044 1640 statim

580 1663 815 1708 Viennae
836 1665 976 1723 typis
1015 1665 1198 1709 excudi
1233 1672 1285 1707 et
1318 1676 1417 1708 non
1450 1666 1613 1708 solum
1648 1665 1697 1709 in
1719 1665 1991 1709 academia
2025 1666 2309 1717 viennensi,
2342 1664 2433 1709 sed
2452 1672 2506 1709 et
2534 1676 2629 1719 per
2651 1678 2814 1720 regna
2834 1677 2931 1710 sua
2964 1666 3052 1709 do·

579 1735 704 1790 ceri,
734 1735 1044 1789 praesertim
1078 1746 1205 1780 vero
1240 1747 1453 1791 operam
1488 1737 1757 1789 daturum,
1787 1742 1845 1780 ut
1875 1736 1966 1780 iilo
1997 1737 2213 1791 parochi
2256 1736 2580 1791 aliarumque
2601 1738 2935 1781 ecclesiarum
2969 1748 3050 1781 re-

578 1811 753 1851 ctores
783 1808 836 1851 in
865 1808 1149 1862 provinciis
1168 1808 1277 1851 suis
1296 1814 1587 1853 uterentur.
1620 1807 1979 1851 Deliberatum
2012 1807 2218 1862 quidem
2249 1807 2346 1852 sibi
2381 1808 2538 1851 fuisse
2559 1808 2610 1852 id
2633 1818 2760 1863 opus
2789 1810 3050 1853 nonnuuis

580 1876 859 1923 societatis
897 1879 1197 1922 doctoribus
1235 1879 1286 1923 in
1331 1879 1612 1923 Academia
1657 1878 1935 1923 Viennensi
1967 1880 2332 1932 existentibus,
2375 1880 2724 1932 committere;
2757 1881 2847 1924 sed
2877 1890 2931 1923 se
2963 1891 3042 1924 co·

580 1950 839 2005 gnevisse.
871 1960 960 1993 eos
994 1950 1045 1993 in
1084 1950 1239 1994 vinea
1269 1950 1473 1995 Domini
1505 1958 1653 1994 tanta
1676 1950 1955 1994 sedulitate
1985 1950 2120 1994 alias
2148 1951 2494 2005 praelegendo
2515 1958 2567 1995 et
2589 1951 2834 2003 docendo,
2855 1958 2964 1995 tam
2995 1953 3045 1995 in

578 2022 771 2066 scholis
790 2032 945 2076 qnam
965 2022 1016 2066 in
1048 2030 1297 2077 suggestu
1317 2024 1576 2077 laborare,
1594 2023 1727 2077 quod
1751 2029 1900 2066 tanto
1923 2023 2067 2077 operi
2097 2024 2292 2077 absque
2312 2022 2579 2077 dispendio
2598 2030 2652 2067 et
2671 2023 3039 2078 discipulorum

578 2104 789 2137 suorum
811 2099 863 2137 et
892 2094 1165 2138 christiani
1186 2094 1381 2148 gregis,
1415 2105 1609 2138 vacare
1640 2105 1970 2149 nequaquam
2009 2102 2233 2148 possent.
2263 2092 2498 2149 Ignatius
2529 2092 2694 2139 Roma
2731 2096 2785 2138 27
2816 2093 3046 2139 Februa-

578 2164 645 2209 rii
666 2164 773 2208 155⁴
788 2164 903 2218 regi
922 2166 1209 2219 rescripsit:
1231 2165 1355 2209 Post
1378 2165 1832 2221 quadragesimam
1854 2176 2037 2209 manus
2055 2164 2132 2209 illi
2151 2165 2294 2220 operi
2321 2164 2517 2209 Romae
2537 2165 2797 2210 admotum
2818 2166 2900 2210 iri.
2933 2166 3044 2210 Non

578 2234 1017 2279 dissimulabimus
1048 2244 1241 2288 tamen.
1276 2236 1409 2292 quod
1444 2237 1697 2291 exactius,
1728 2248 1792 2281 ac
1822 2236 2036 2290 proinde
2068 2236 2268 2279 doctius
2305 2243 2356 2279 et
2391 2236 2660 2285 difficilius.
2691 2236 2900 2281 videtur
2921 2248 3052 2291 opus

582 2308 931 2351 necessarium
951 2319 1082 2361 esse,
1106 2318 1161 2352 ut
1182 2308 1416 2352 Viennae
1432 2319 1464 2352 a
1481 2308 1795 2363 ‘theologiae
1821 2308 2204 2353 Professor-ibus
2217 2310 2572 2361 praelegatur.
2595 2319 2765 2363 quam,
2787 2318 2843 2353 ut
2864 2308 2915 2352 in
2933 2320 3048 2363 pro-

586 2378 774 2424 vinciis
794 2390 827 2423 a
846 2380 1140 2423 curionibus
1160 2386 1212 2423 et
1233 2379 1571 2424 ecclesiarum
1591 2380 1898 2429 rectoribus.
1927 2379 2012 2435 qui
2034 2389 2217 2434 parum
2239 2378 2426 2423 eruditi
2447 2390 2604 2434 saepe
2633 2390 2746 2423 esse
2782 2381 2967 2431 solent,
2991 2380 3042 2423 in

584 2450 825 2495 manibus
853 2451 1129 2495 habeatur.
1164 2450 1539 2496 Verumtamen
1572 2452 1805 2506 utrisque
1842 2452 1940 2495 hoc
1961 2462 2107 2505 opus,
2143 2450 2310 2505 quoad
2345 2450 2455 2506 ejus
2487 2451 2598 2495 fieri
2628 2451 2838 2506 poterit.
2860 2456 3048 2496 attem-

582 2532 825 2576 perare...
847 2524 1156 2575 enitemur...
1174 2524 1325 2575 (Acta
1344 2523 1665 2567 Sanctorum
1685 2522 1805 2576 Julii
1823 2522 1924 2567 vn
1942 2522 2175 2577 [Parisiis
2195 2528 2246 2565 et
2268 2520 2462 2566 Romae
2485 2522 2626 2577 18681,
2646 2522 2746 2566 508.
2771 2522 2961 2567 cartas
2980 2524 3050 2566 de

580 2591 692 2637 San
712 2593 944 2647 Ignacio.
964 2605 1037 2649 xv,
1065 2594 1261 2639 Sol-503.
1280 2594 1497 2647 437438.)
1518 2594 1665 2639 Hanc
1685 2594 1877 2649 Ignatii
1895 2594 2282 2649 promissionem
2302 2593 2400 2637 sibi
2421 2594 2775 2647 gratissimam
2795 2594 3046 2639 accidisse

581 2664 940 2709 Ferdinandus
959 2665 1125 2711 eidem
1146 2665 1461 2721 significavit
1480 2669 1507 2698 ⁸¹
1527 2666 1716 2710 litteris
1731 2665 1976 2710 Vienna‘l
1989 2665 2110 2710 Maii
2129 2666 2246 2715 155⁴.
2260 2666 2416 2719 datis,
2439 2677 2570 2720 quae
2585 2666 2892 2711 etiamnunc
2907 2667 3045 2720 apud

578 2747 673 2781 nos
691 2742 853 2790 sunt...
870 2737 905 2781 i.
918 2748 979 2789 c..
1000 2748 1119 2792 pag.
1137 2738 1232 2792 472.
1250 2744 1425 2782 annot.
1442 2738 1485 2783 5.
1506 2738 1576 2781 Et
1598 2738 1647 2781 in
1666 2748 1785 2792 pag.
1800 2738 1898 2790 473,
1920 2738 1984 2781 ad
2003 2737 2134 2781 haec
2147 2736 2340 2781 Canisii
2356 2739 2536 2781 verba:
2554 2736 2894 2782 “Promissum
2906 2738 3040 2781 enim

580 2807 711 2862 Regi
731 2808 829 2853 fuit
851 2821 882 2854 a
898 2809 1063 2862 nobis,
1082 2811 1304 2853 aiterum
1322 2810 1433 2854 fore
1454 2809 1808 2864 compendium
1828 2820 1922 2863 pro
1944 2808 2229 2863 parrochie.
2246 2810 2472 2853 alterum
2488 2819 2582 2862 pro
2599 2808 2876 2865 gymnasii
2893 2808 3050 2853 huius

580 2880 859 2935 ‘theologis
889 2888 942 2925 et
971 2882 1218 2935 probavit
1251 2879 1365 2925 Rex
1397 2881 1737 2935 institutum„
1766 2880 1956 2932 subdit,
1991 2886 2168 2925 annot.
2201 2883 2253 2924 A:
2283 2880 2519 2924 “Cauisio
2548 2886 2670 2924 tunc
2707 2880 2809 2925 iam
2843 2880 3048 2935 scripta

578 2951 739 2996 fuisse
760 2953 1003 2997 videntur
1024 2963 1056 2996 a
1080 2953 1323 3006 Polanco,
1356 2964 1488 3008 quae
1520 2952 1571 2997 S.
1609 2952 1848 3007 Ignatius
1879 2952 2207 2997 Ferdinando
2242 2950 2405 2995 Roma
2439 2952 2494 2995 18
2523 2951 2645 3005 Julii
2680 2952 2782 2995 ¹554
2815 2952 3039 3007 scripsit:

582 3022 738 3067 “Cum
758 3024 821 3067 de
850 3035 907 3067 re
928 3024 1095 3068 serius
1124 3030 1345 3079 pensata
1378 3025 1513 3069 idem
1545 3024 1841 3079 theologiae
1874 3024 2228 3078 compendium
2259 3024 2570 3076 erationibus,
2611 3029 2669 3067 ut
2699 3025 2943 3078 populum
2976 3024 3050 3068 in-

580 3102 861 3147 struerent,
883 3102 937 3139 et
956 3096 1353 3150 professoribus,
1373 3102 1433 3140 ut
1464 3096 1515 3141 in
1544 3096 1736 3140 scholis
1767 3102 2096 3149 enarrarent,
2132 3095 2338 3139 minime
2372 3096 2649 3139 convenire
2679 3106 2830 3149 posse
2860 3095 3049 3140 inteili-

580 3178 836 3221 geremus,
868 3168 1038 3211 visum
1073 3175 1153 3211 est
1183 3169 1393 3212 tandem
1413 3198 1425 3216 .
1457 3168 1649 3222 duplici
1682 3169 1861 3211 labore
1895 3174 2168 3222 utrumque
2199 3178 2326 3221 opus
2356 3166 2701 3210 inchoandum
2730 3177 2885 3221 esse„
2915 3166 3049 3211 Inte·

580 3248 731 3291 gram
752 3240 1031 3293 epistulam
1052 3250 1115 3283 ex
1138 3240 1467 3293 autographo
1482 3238 1709 3283 Berolini
1724 3244 1962 3283 exstante
1980 3238 2138 3283 edidit
2161 3238 2318 3282 Gottl.
2341 3237 2752 3289 Friedlaender,
2767 3236 3049 3293 Beitraege

578 3320 669 3353 zur
690 3308 1380 3365 Reformationsgeschichte
1402 3310 1597 3362 (Berlin
1620 3308 1761 3363 1837).
1782 3323 1831 3366 p.
1852 3310 2053 3365 277-2783
2075 3318 2156 3354 est
2177 3310 2338 3354 etiam
2365 3310 2418 3353 in
2449 3308 2641 3353 Cartas
2660 3309 2722 3353 de
2747 3308 2858 3353 San
2888 3308 3051 3363 Igna-

576 3381 669 3434 εἰσ.
688 3390 762 3437 tv,
781 3382 1011 3436 467-46a„

658 3451 879 3508 Scripsit
901 3453 1137 3498 canisius
1170 3454 1395 3499 Poianco
1417 3456 1467 3498 16
1494 3456 1745 3510 Augusti:
1785 3453 2006 3499 “Literis
2029 3453 2238 3499 vestris.
2266 3462 2397 3508 quae
2417 3452 2728 3507 promittunt
2759 3462 2888 3506 opus
2917 3451 3043 3496 iilud

578 3524 943 3577 theologicum,
964 3524 1077 3569 Rex
1100 3524 1195 3569 fuit
1214 3526 1555 3580 exhilaratus,
1578 3528 1817 3581 cupitque
1838 3532 2018 3570 vestro
2043 3524 2224 3569 iuditio
2245 3532 2296 3568 et
2317 3524 2536 3567 arbitrio
2564 3524 2766 3568 absolvi
2799 3524 2898 3568 itas
2925 3534 3047 3579 pat·—

576 3600 673 3646 tes.
694 3602 805 3640 tum
823 3606 919 3651 pro
939 3596 1297 3641 sacerdotibus
1316 3604 1371 3640 et
1392 3596 1627 3651 Clericis,
1647 3606 1755 3642 tum
1777 3609 1871 3653 pro
1893 3597 2058 3641 doctis
2091 3602 2143 3639 et
2163 3595 2410 3639 studiosis
2428 3594 2744 3648 Theologiae
2764 3594 3037 3639 facultatis

578 3672 687 3711 tam
720 3666 1029 3711 Viennensis
1044 3699 1056 3721 ,
1078 3678 1233 3722 quam
1262 3666 1644 3723 Friburgensis.
1669 3669 1956 3723 Utrumque
1979 3666 2319 3725 Gymnasium
2339 3664 2570 3709 Viennae
2591 3672 2644 3709 et
2665 3666 2909 3721 Friburgi
2930 3664 3044 3711 Rex

577 3738 852 3792 gubernat,
872 3746 926 3783 et
948 3738 1215 3783 catholice
1234 3749 1449 3793 prorsus
1478 3740 1651 3784 doceri
1682 3741 1858 3784 vellet.
1881 3739 2053 3792 Quare
2077 3738 2133 3782 R.
2155 3738 2212 3783 P.
2243 3737 2606 3792 Praepositum
2635 3748 2763 3791 rogo
2791 3744 2848 3781 ut
2880 3748 3037 3793 quan-

577 3816 687 3853 tum
712 3820 841 3865 opus
869 3816 949 3854 est
970 3810 1061 3866 oti}
1094 3818 1147 3854 et
1178 3818 1441 3865 temporis,
1464 3812 1694 3856 habeant
1716 3812 1775 3855 R.
1799 3812 1857 3855 R.
1883 3811 2068 3855 Patres
2101 3808 2164 3854 D.
2199 3809 2410 3866 Laynez
2439 3816 2492 3853 et
2516 3808 2580 3853 D.
2605 3807 2818 3852 Frusius
2839 3809 2906 3853 ad
2925 3820 3046 3854 con-

574 3881 901 3926 scribendum
932 3883 1117 3927 librum
1150 3890 1441 3937 utrumque,
1476 3892 1533 3927 ut
1566 3884 1753 3927 saltem
1773 3884 1917 3927 circa
1945 3882 2208 3937 sequentis
2244 3881 2364 3925 anni
2395 3880 2707 3935 principium
2735 3890 2828 3933 pro
2865 3878 3048 3937 XeniJs

576 3952 706 3997 haec
738 3962 923 3998 sancta
943 3952 1073 4009 Regi
1096 3954 1311 3999 donaria
1343 3954 1651 4007 offerantur,
1672 3962 1725 3999 et
1746 3955 1958 3998 coelesti
1983 3953 2113 4008 Regi
2132 3964 2227 4009 pro
2247 3951 2516 4006 Magorum
2541 3952 2838 3995 muneribus
2858 3962 3044 3996 nuncu-

576 4030 765 4077 pentur
782 4032 835 4067 et
856 4031 1267 4077 consecrentur.„
1286 4023 1714 4075 Bnaunsnaaoan,
1747 4026 1781 4068 i.
1812 4035 1876 4078 c..
1905 4035 2028 4078 pag.
2046 4024 2138 4067 485-
2165 4022 2266 4067 Sed
2301 4022 2529 4066 scribere
2562 4021 2736 4065 debuit
2770 4022 2905 4067 alias
2924 4030 3046 4067 ante

574 4094 923 4139 Novembrem
950 4095 1175 4149 litteras,
1206 4107 1337 4151 quae
1372 4096 1587 4151 periisse
1610 4097 1869 4150 videntur,
1903 4096 2086 4151 quibus
2117 4095 2301 4140 horum
2322 4103 2536 4149 operum
2561 4094 2957 4147 exequutionem
2975 4096 3050 4139 ni-

574 4166 672 4209 mis
690 4166 929 4219 urgebat.
950 4164 1245 4221 Respondet
1264 4166 1399 4211 enim
1418 4167 1465 4211 ei
1488 4166 1782 4211 duriuscule
1818 4166 2093 4215 Poiancus.
2115 4176 2182 4210 ex
2210 4174 2362 4215 com„
2379 4164 2612 4207 scribens
2631 4164 2688 4206 ‘22
2718 4162 2763 4207 N
2766 4165 3043 4219 ovembris,

574 4238 705 4280 haec
726 4236 863 4281 inter
877 4237 1011 4281 alia:
1046 4236 1183 4282 *chi
1203 4238 1418 4282 vedesse
1437 4240 1490 4282 la
1520 4240 1617 4284 lra.
1650 4238 1699 4283 di
1720 4238 1786 4281 V.
1811 4238 1873 4283 R.
1902 4245 1955 4283 et
1985 4239 2020 4281 ii
2053 4238 2202 4283 modo
2234 4237 2332 4281 che
2351 4237 2488 4281 tiene
2519 4237 2570 4281 in
2593 4236 2894 4281 lamentarsi
2929 4248 3044 4291 per·

574 4310 670 4353 che
688 4320 791 4353 non
810 4310 853 4353 si
874 4308 1121 4354 finiscono
1148 4310 1305 4366 quelli
1326 4311 1462 4363 libri,
1484 4312 1655 4365 petria
1678 4322 1898 4365 pensare
1928 4310 2025 4354 che
2045 4321 2146 4354 non
2175 4308 2218 4353 si
2239 4308 2459 4352 recorda
2485 4307 2545 4351 V.
2567 4307 2630 4351 R.
2653 4308 2746 4351 che
2769 4308 3046 4353 habbiamo

574 4382 711 4425 altro
729 4380 796 4425 da
823 4380 935 4425 fare
966 4380 1018 4425 in
1046 4380 1227 4425 Roma.
1248 4381 1439 4437 Voguo
1468 4382 1563 4427 che
1596 4383 1781 4438 sappia
1811 4383 1908 4426 che
1929 4382 1979 4426 di
2011 4380 2257 4437 parecchi
2276 4380 2404 4424 mesi
2425 4378 2477 4422 in
2497 4390 2600 4434 qua
2627 4386 2710 4423 sta
2731 4384 2984 4434 occupato
3004 4382 3041 4423 il

574 4451 631 4495 P.
654 4451 841 4497 Frusio
860 4452 912 4497 in
932 4458 1119 4507 questa
1149 4464 1323 4508 opera.
1348 4456 1403 4497 et
1428 4454 1480 4498 in
1512 4456 1587 4498 tal
1608 4455 1758 4498 modo
1786 4455 1900 4509 che,
1922 4453 2140 4498 essendo
2172 4454 2332 4497 iettor
2352 4451 2554 4506 publico
2577 4450 2628 4494 di
2649 4461 2760 4494 nro.
2792 4449 3048 4506 Collegio,

572 4534 673 4568 non
696 4528 795 4578 pub
815 4524 1042 4578 leggere3
1073 4530 1128 4569 et
1158 4528 1256 4578 pub
1276 4535 1495 4579 pensare
1530 4536 1587 4569 se
1619 4526 1796 4580 patira
1814 4536 1925 4569 nro.
1949 4524 2197 4579 collegio,
2217 4534 2248 4568 o
2267 4534 2331 4566 no
2337 4552 2438 4566 ......
2461 4521 2526 4565 Di
2558 4522 2736 4576 gratia
2764 4520 2831 4566 V.
2853 4520 2915 4565 R.
2945 4534 3046 4565 non

572 4595 655 4639 sia
672 4605 765 4649 per
784 4593 1080 4639 l'advenire
1110 4602 1259 4640 tanto
1288 4596 1502 4640 liberale
1532 4595 1585 4639 in
1614 4601 1932 4651 promettere
1952 4596 2148 4640 fatiche
2179 4594 2228 4638 d'
2258 4593 2398 4647 altri,
2432 4594 2636 4637 aimeno
2655 4602 2810 4636 senza
2843 4596 3045 4637 consul-

572 4674 691 4710 tare
712 4666 882 4721 prima
912 4666 1103 4711 Nostro
1130 4666 1316 4717 padre,
1342 4668 1531 4721 perche
1558 4668 1611 4712 di
1634 4669 1805 4722 quello
1838 4669 1910 4722 gli
1942 4668 2012 4711 ha
2043 4656 2246 4712 costato
2276 4677 2368 4709 suo
2389 4663 2725 4717 catechismo,
2757 4667 2858 4719 pub
2891 4666 3048 4708 misu—

575 4748 696 4781 rare
720 4739 750 4781 l’
768 4748 893 4793 opre
915 4738 965 4782 di
986 4750 1085 4793 qua
1106 4746 1256 4783 tanto
1276 4740 1363 4793 piu
1381 4739 1618 4791 difficili...
