3742 5392
775 505 888 565 3723
1695 509 1952 569 Canon.
1994 509 2145 569 Soc.
2187 510 2327 583 Jsss.

798 652 1144 733 Quamvis
1175 665 1408 718 autem
1439 654 1836 735 Episcopus
1867 655 1938 717 in
1967 654 2297 736 hospitali
2327 674 2617 721 manere
2639 654 2715 719 P.
2746 655 3075 722 Stradam
3098 677 3257 739 per--

790 762 1122 837 misisset,
1155 762 1267 824 vir
1292 762 1577 842 quidam
1605 762 1852 840 bonuS‚
1884 760 2051 843 [qui]
2070 762 2249 843 juris
2270 763 2477 843 periti
2498 762 2729 826 officio
2750 765 2823 827 in
2846 782 2930 827 ea
2955 765 3245 828 civitate

793 869 1246 949 fungebatur,
1279 886 1440 931 eum
1490 870 1828 949 compulit
1878 878 1977 947 ut,
2032 888 2119 932 ex
2170 870 2505 951 hospitali
2542 888 2897 951 egressuS,
2937 873 3123 951 apud
3162 890 3235 935 se

791 976 1174 1057 hospitium
1207 976 1587 1056 acciperet,
1619 986 1694 1039 ut
1723 976 2090 1052 ecclesiae,
2123 976 2241 1038 ubi
2272 977 2821 1041 concionaturus
2852 988 3029 1057 erat,
3068 981 3235 1043 vici-

786 1084 945 1147 nior
968 1094 1176 1147 esset.
1201 1081 1496 1147 Remisit
1522 1094 1754 1146 autem
1780 1084 2049 1146 socium
2074 1082 2285 1147 Pater
2308 1082 2563 1147 Strada
2588 1084 3245 1165 Caesaraugustam

788 1201 863 1254 ut
892 1190 964 1254 in
995 1190 1554 1255 confessionibus
1583 1191 1848 1253 nostris
1882 1191 2145 1253 auxilio
2176 1200 2385 1253 esset.

893 1297 1039 1363 796.
1135 1298 1520 1377 Postquam
1545 1308 1694 1360 aut<
1711 1315 1778 1359 m
1803 1298 1870 1359 in
1896 1297 2077 1360 sesto
2096 1297 2261 1361 Divi
2284 1298 2523 1361 Lucae
2539 1300 3000 1363 concionatus
3022 1308 3229 1378 esset,

784 1418 853 1470 tt
885 1424 1044 1469 cum
1077 1406 1429 1486 Episcopo
1463 1406 1873 1467 contulisset
1904 1405 1989 1467 de
2020 1405 2151 1483 his,
2186 1415 2475 1485 propter
2504 1424 2684 1485 quae
2708 1407 3068 1485 quaesitus
3092 1406 3233 1469 fue-

781 1523 917 1587 rat,
952 1524 1020 1577 et
1052 1514 1200 1593 ipse
1232 1513 1878 1591 Caesaraugustam
1910 1512 2119 1574 valde
2150 1522 2568 1592 expectatus
2596 1513 2836 1585 rediit;
2870 1532 3037 1576 nam
3074 1515 3229 1594 ipso

787 1622 898 1685 die
933 1620 1263 1684 Omnium
1298 1618 1720 1683 Sanctorum
1754 1620 1818 1681 in
1853 1622 2114 1698 templo
2146 1618 2311 1682 Sstsse
2334 1619 2603 1683 Mariae
2642 1620 2751 1681 del
2790 1619 3007 1697 Pilar,
3050 1631 3117 1683 et
3156 1622 3229 1684 in

785 1728 1120 1793 Adventu
1154 1726 1275 1809 [in]
1309 1728 1608 1790 ecclesia
1641 1727 2009 1806 hospitalis
2044 1727 2085 1805 ¹,
2118 1737 2185 1790 et
2216 1727 2373 1790 aliis
2396 1728 2609 1791 etiam
2638 1728 2707 1789 in
2742 1729 3039 1807 templiS,
3066 1745 3225 1791 con-

769 1838 1182 1899 cionaturus
1210 1844 1386 1897 erat.

895 1942 1037 2005 797.
1125 1942 1316 2005 Misit
1359 1942 1755 2022 Episcopus
1797 1938 2293 2019 Segurbiensis
2338 1940 2673 2003 famulum
2724 1959 2881 2003 cum
2926 1943 3231 2021 pecunia

771 2051 1292 2113 Barchinonam
1325 2051 1411 2112 ad
1446 2050 1786 2121 ecclesiae
1817 2048 2003 2110 illius
2034 2048 2425 2111 aedificium
2452 2049 2965 2111 absolvendum
2986 2048 3031 2125 ³,
3060 2059 3129 2112 et
3150 2050 3223 2113 in

773 2158 1022 2220 eadem
1052 2158 1590 2219 concionantem
1615 2155 1688 2219 P.
1718 2154 2045 2218 Stradam
2074 2156 2317 2217 audire
2343 2156 2646 2218 volebat:
2674 2156 3219 2236 quadragesima

769 2265 1092 2343 sequenti
1121 2265 1190 2327 in
1223 2264 1580 2327 exercitiis
1619 2264 1832 2326 etiam
1873 2262 2355 2343 spiritualibus
2405 2262 2492 2324 ab
2540 2264 2787 2326 eodem
2834 2263 3221 2327 Barchino-

767 2390 902 2435 nae
931 2372 1201 2435 institui
1233 2371 1640 2451 postulavit,
1673 2387 1838 2432 nam
1871 2380 2039 2432 tunc
2070 2368 2091 2399 ³
2132 2370 2199 2431 in
2232 2370 2477 2449 gregis
2514 2371 2623 2432 sui
2664 2371 3067 2434 visitatione
3106 2390 3221 2435 oc·
3262 2443 3271 2453 ‚

769 2488 1072 2559 cupatus
1101 2487 1277 2541 erat.
1309 2478 1642 2557 Magnam
1675 2478 1866 2539 vitae
1896 2478 2358 2539 mutationem
2390 2478 2458 2539 in
2498 2478 2749 2539 melius
2780 2478 2893 2539 hic
2930 2479 3215 2555 Episco-

758 2604 892 2667 pus
911 2585 1203 2663 fecerat,
1231 2598 1549 2665 sumptus
1573 2583 1965 2665 superfluos
1988 2600 2159 2646 suae
2183 2583 2435 2646 domus
2457 2595 2933 2658 resecaverat,
2962 2595 3031 2647 et
3054 2604 3213 2649 cum

763 2696 1057 2756 multum
1091 2693 1376 2755 deberet
1407 2692 1746 2772 pecuniae
1779 2702 1846 2754 et
1885 2709 2043 2754 cum
2075 2690 2333 2754 damno
2362 2710 2499 2754 non
2534 2693 2875 2755 mediocri
2913 2693 3213 2757 cambio-

709 2788 716 2797 ’
761 2818 918 2865 rum
949 2818 1106 2863 eam
1138 2810 1322 2863 esset
1347 2810 1798 2879 accepturuS,
1835 2800 2029 2860 venit
2068 2799 2169 2862 illi
2198 2798 2267 2860 in
2306 2809 2611 2862 mentem
2650 2798 2837 2879 quod
2876 2818 3219 2881 magnam

765 2908 910 2971 vim
943 2908 1219 2988 argenti
1251 2908 1336 2969 ad
1372 2924 1659 2971 mensae
1689 2923 1858 2968 suae
1889 2906 2353 2969 ministerium
2385 2906 2700 2983 haberet,
2732 2915 2800 2968 et
2830 2907 2927 2969 ita
2956 2924 3045 2970 ex
3086 2925 3219 2970 va·-

759 3016 856 3078 sis
885 3031 1048 3095 arg<
1064 3016 1248 3077 nteis
1277 3014 1650 3094 pecuniam
1675 3012 1979 3075 confecit
2008 3022 2079 3075 et
2108 3012 2339 3075 debita
2367 3030 2495 3076 sua
2519 3014 2861 3091 dissolvit,
2882 3013 3220 3079 fictilibus.

751 3123 950 3185 vasis
980 3131 1378 3185 contentus.

879 3228 1021 3293 798.
1108 3228 1370 3293 Missus
1424 3228 1550 3291 fuit
1601 3229 1738 3291 hoc
1791 3237 2130 3291 autumno
2182 3226 2505 3291 Valentia
2554 3226 3209 3307 Caesaraugustam

760 3335 952 3415 Mag.
987 3334 1365 3399 Balthasar
1407 3334 1693 3415 PignaS,
1735 3333 1881 3414 jam
1921 3334 2286 3411 diaconuS,
2328 3335 2446 3415 qui
2486 3334 2723 3397 statim
2764 3334 2853 3397 ad
2881 3337 3201 3399 sacerdo-

748 3444 920 3507 tium
969 3453 1343 3524 promotus
1382 3452 1449 3506 et
1497 3442 1651 3523 ipso
1695 3442 1806 3505 die
1847 3441 2178 3506 Omnium
2222 3439 2643 3506 Sanctorum
2687 3443 2989 3523 primam
3026 3446 3199 3507 cele·

743 3551 962 3614 brans
1009 3550 1326 3629 Missam,
1382 3550 1453 3613 in
1504 3548 2029 3613 confessionum
2078 3548 2469 3611 ministerio
2520 3547 2913 3629 Collegium
2944 3548 3211 3630 Juvare

745 3658 1001 3737 coepit,
1033 3674 1200 3720 nam
1231 3657 1630 3736 theologiae
1661 3674 1946 3719 cursum
1981 3654 2125 3735 jam
2157 3656 2583 3719 absolverat.

856 3763 999 3829 799.
1089 3764 1455 3843 Agebatur
1483 3764 1570 3827 de
1600 3764 1810 3827 domo
1835 3760 1984 3843 jam
2011 3772 2245 3843 empta
2271 3763 2416 3826 suis
2439 3764 2894 3845 restituenda,
2920 3783 3057 3828 non
3085 3783 3199 3829 so·-

733 3872 880 3935 lum
909 3871 1098 3952 quod
1129 3879 1433 3951 angusta
1465 3879 1672 3949 esset,
1698 3870 1823 3933 sed
1854 3868 2041 3951 quod
2070 3870 2375 3933 vinculis
2403 3871 2820 3951 quibusdam
2853 3873 3197 3952 obligata,

729 3978 1078 4059 Quamvis
1107 3988 1338 4043 tamen
1374 3978 1669 4042 sollicite
1699 3977 1786 4041 de
1817 3978 1957 4041 alia
1986 3977 2281 4040 emenda
2314 3987 2669 4057 ageretur,
2704 3990 2770 4042 et
2801 3980 2942 4043 duo
2972 3980 3189 4043 millia

736 4096 807 4149 et
836 4087 1263 4167 quingentos
1291 4103 1548 4150 aureos
1578 4103 1706 4167 pro
1737 4103 1822 4149 ea
1853 4085 2027 4149 dare
2059 4087 2353 4161 vellent,
2386 4103 2524 4149 non
2551 4094 2786 4149 tamen
2824 4086 2960 4150 hoc
3002 4105 3202 4152 anno·

737 4194 809 4258 id
853 4193 1168 4257 obtinere
1211 4202 1611 4275 potuerunt.
1665 4194 2062 4273 Episcopus
2099 4190 2592 4271 Segurbiensis
2634 4194 2973 4258 auxilium
3009 4195 3185 4257 redi-

733 4311 928 4365 tuum
969 4301 1612 4365 ecclesiasticorum
1643 4302 2022 4379 obtulerat,
2057 4308 2125 4362 et
2158 4300 2275 4362 alii
2304 4299 2453 4363 fere
2483 4300 3037 4380 quadringentos
3068 4320 3195 4365 au—

722 4425 888 4472 reos
919 4408 1132 4471 annui
1161 4408 1458 4484 reditus;
1500 4408 1624 4471 sed
1668 4408 2005 4470 beneficia
2040 4407 2155 4469 illa
2202 4406 2289 4469 ab
2332 4407 2725 4471 animarum
2764 4426 2935 4471 cura
2963 4410 3195 4473 libera

798 4616 811 4647 ¹
870 4614 1008 4659 Vide
1029 4626 1204 4669 supra.
1227 4626 1346 4669 pag.
1367 4614 1466 4666 367.
1487 4626 1534 4658 n.
1555 4614 1650 4657 783.

795 4686 816 4718 ²
871 4686 1006 4730 Vide
1029 4697 1204 4741 supra,
1227 4698 1346 4741 pag.
1367 4686 1463 4738 3⁴2.
1487 4696 1535 4729 n.
1555 4686 1653 4729 730.

795 4758 819 4789 ὃ
876 4756 1107 4809 Scilicet.
1129 4757 1362 4801 autumni
1385 4765 1434 4800 et
1459 4756 1662 4815 hyemis
1683 4764 1933 4811 tempore.
