3742 5392
692 499 801 559 260
1620 498 1876 561 Canon.
1919 500 2070 561 Soc.
2112 501 2251 575 JES.

693 662 952 727 scopos
990 662 1077 709 ac
1125 647 1495 727 penuriam
1544 647 2197 711 ecclesiasticorum
2229 648 2512 728 culpam
2539 646 2962 728 rejicienteS,
2997 666 3180 729 quo-—

693 752 1073 817 dammodo
1102 752 1606 834 desperabant:
1638 754 2073 834 procedebat
2112 763 2348 817 autem
2387 754 2505 817 iila
2546 754 2973 818 consultatio
3015 754 3176 819 len—-

690 859 829 925 tius
868 878 1083 941 quam
1142 861 1367 925 nostri
1422 869 1819 942 optassent,
1881 870 1949 924 et
2006 861 2289 925 demum
2343 862 2478 924 hoc
2534 878 2724 924 anno
2781 861 3176 942 quicquam-

699 968 977 1047 insigne
1009 986 1101 1031 ex
1128 985 1213 1031 ea
1242 984 1385 1031 non
1413 968 1744 1047 provenit
1788 966 1828 1027 ¹.

806 1075 951 1139 559.
1038 1072 1203 1137 Duo
1274 1074 1602 1138 canonici
1669 1075 2306 1155 noviomagenseS,
2381 1092 2680 1157 quorum
2751 1078 2931 1138 alter
3004 1086 3158 1138 erat

688 1181 765 1245 P.
824 1181 1177 1246 Henricus
1231 1180 1654 1262 DionysiuS,
1721 1180 2146 1262 Magistrum
2205 1181 2731 1247 ssheodoricum
2789 1182 3176 1247 Canisium.

686 1288 1043 1354 Viennam
1074 1289 1353 1371 sequuti
1397 1287 1717 1369 fuerunt,
1765 1298 1833 1352 et
1876 1288 2039 1353 inde
2080 1289 2383 1353 Romam
2424 1291 2820 1369 venienteS,
2868 1307 2945 1354 se
2997 1289 3152 1354 obe-

683 1396 990 1461 dientiae
1020 1395 1397 1461 Societatis
1424 1395 1903 1459 submiserunt
1940 1393 1986 1460 ⁹.

802 1502 946 1567 560.
1038 1503 1250 1586 Junio
1301 1519 1543 1566 mense
1590 1502 1904 1583 affligere
1953 1502 2029 1565 P.
2085 1502 2449 1567 canisium
2499 1513 2918 1585 coeperunt,
2971 1504 3157 1567 tristi

689 1612 1044 1676 mentione
1061 1610 1252 1674 facta
1264 1610 1735 1690 Episcopatus
1750 1608 2179 1672 Viennensis
2195 1610 2331 1690 ipsi
2344 1608 2692 1688 tradendi;
2712 1610 2838 1674 sed
2853 1609 2929 1672 P.
2949 1610 3152 1691 Igna-

689 1720 859 1799 tius,
892 1727 968 1781 ut
1007 1716 1333 1798 superius
1382 1734 1509 1779 suo
1541 1718 1698 1780 loco
1742 1714 2008 1779 dictum
2037 1725 2175 1794 est,
2227 1716 2363 1780 hoc
2413 1716 2607 1780 illum
2649 1717 2900 1780 timore
2941 1727 3009 1781 et
3039 1736 3153 1799 pe-

684 1826 909 1889 riculo
939 1824 1269 1888 liberavit
1308 1822 1353 1887 ³.

799 1930 942 1993 561.
1045 1929 1321 1994 Domus
1376 1928 1853 2010 probationiS,
1909 1930 1981 1991 in
2039 1946 2180 2010 qua
2236 1939 2538 2009 quatuor
2604 1929 2864 1994 fratres
2927 1932 3170 1995 nostri-

684 2038 940 2103 novitii
971 2046 1201 2115 erant,
1234 2036 1334 2100 sic
1365 2035 1690 2117 Viennae
1718 2036 2052 2099 inchoata
2082 2036 2242 2113 fuit,
2289 2043 2363 2098 ut
2392 2036 2644 2099 novitii
2683 2036 2759 2100 P.
2795 2037 3150 2103 Erardum

756 2386 773 2417 ¹
1335 2414 1348 2427 ο

758 2457 781 2489 ²
835 2385 1386 2501 gsgffnicnufgstssrffad
1408 2453 1669 2498 canisium
1691 2455 1829 2499 datis
1852 2455 1905 2497 15
1924 2454 2165 2498 Octobris
2183 2453 2320 2498 (vide
2341 2464 2516 2509 supra,
2536 2466 2586 2499 n.
2607 2455 2704 2507 541,
2727 2466 2847 2510 pag.
2869 2456 2985 2511 248),
3007 2465 3147 2511 post·

679 2541 835 2585 quam
854 2540 969 2573 eum
990 2529 1050 2572 de
1074 2528 1255 2572 fratris
1274 2526 1581 2571 Theoderici
1602 2526 1820 2570 Romam
1840 2526 2070 2569 adventu
2091 2527 2366 2569 certiorem
2387 2526 2612 2579 fecisset,
2635 2527 2764 2571 haec
2785 2528 2848 2571 de
2863 2528 2926 2572 iis
2941 2530 3148 2573 canoni·

674 2602 751 2645 cis
779 2601 951 2645 addit:
974 2596 1358 2643 “Pervenerunt
1378 2604 1428 2643 et
1448 2598 1549 2641 duo
1577 2598 1653 2642 ilii
1676 2597 1922 2642 canonici
1948 2597 2412 2651 Nouiomagenses.
2435 2598 2520 2652 qui
2545 2600 2706 2641 multo
2727 2600 2882 2643 citius
2903 2600 3005 2643 iter
3025 2612 3146 2644 con-

676 2673 939 2726 fecerunt,
962 2678 1015 2715 et
1036 2672 1273 2725 quamuis
1292 2670 1458 2714 minus
1478 2670 1579 2713 sint
1602 2668 1749 2713 nobis
1768 2669 2058 2723 explorati,
2082 2669 2250 2712 adhuc
2271 2670 2398 2712 bene
2420 2680 2694 2723 speramus
2717 2670 2778 2712 de
2800 2676 3064 2725 utroque.„

753 2744 777 2777 ὃ
831 2743 966 2787 Vide
988 2754 1162 2797 supra,
1186 2754 1233 2787 n.
1257 2740 1487 2785 16.—“De
1511 2740 1791 2784 Viennensi
1822 2741 2124 2795 episcopatu
2157 2741 2436 2784 renovavit
2464 2741 2588 2785 mihi
2608 2741 2814 2787 tristem
2843 2745 3144 2789 memoriam

608 2836 616 2841 ·
677 2815 1159 2860 Reverendissimus
1193 2814 1447 2867 Nuncius‚
1469 2814 1657 2858 falsum
1693 2824 1807 2857 esse
1836 2820 1959 2867 opto
1980 2814 2114 2866 quod
2144 2824 2208 2855 ex
2241 2812 2380 2857 illius
2413 2814 2590 2857 verbis
2618 2814 2872 2869 suspicari
2901 2825 3074 2869 cogor.
3093 2823 3142 2859 et

672 2899 837 2943 nuper
856 2899 917 2931 ea
938 2888 999 2931 de
1020 2898 1076 2931 re
1097 2888 1291 2941 scripto
1312 2887 1396 2940 egi
1418 2896 1534 2929 cum
1548 2884 1855 2929 Reverendo
1875 2884 2174 2939 praeposito
2193 2891 2388 2928 nostro.
2411 2884 2523 2929 Non
2541 2886 2676 2929 sinet
2696 2886 2784 2929 ille
2806 2885 3002 2931 Christi
3024 2898 3144 2941 gra·

672 2958 748 3003 tia
783 2958 1022 3013 favente,
1053 2964 1109 3001 ut
1145 2970 1209 3001 ex
1242 2958 1413 3001 animo
1448 2956 1711 3010 desidero,
1745 2968 1825 2999 me
1860 2956 2104 3000 miserum
2138 2956 2188 2999 in
2228 2958 2332 2999 tale
2368 2956 2640 3010 pistrinum
2674 2962 2728 3000 et
2762 2956 3142 3011 Labyrinthum

671 3030 883 3086 coniici:
908 3041 940 3073 a
960 3030 1303 3085 dignitatibus
1324 3030 1510 3073 liberet
1529 3039 1787 3083 pauperes
1816 3038 1938 3071 suos
1957 3026 2191 3071 dominus
2219 3026 2422 3080 JESUS
2442 3028 2714 3081 christus„
2735 3027 2975 3073 canisius
2996 3030 3142 3074 Patri

671 3101 857 3154 Joanni
883 3104 943 3145 <ie
966 3102 1205 3153 Polanco.
1224 3102 1251 3144 7
1270 3100 1389 3153 Juiii
1413 3100 1534 3144 1554.
1560 3098 1733 3152 Qubus
1754 3100 1928 3142 subdit
1952 3100 2122 3142 editor
2143 3099 2569 3143 Baaunssnnosa:
2600 3099 2983 3144 “Ferdinandus
3003 3101 3140 3146 litte-

670 3175 745 3219 ris
766 3176 861 3218 sub
882 3174 1016 3217 idem
1037 3180 1240 3227 tempus
1260 3179 1311 3216 et
1334 3171 1401 3215 ad
1433 3177 1827 3225 procuratorem
1858 3182 2006 3213 suum
2037 3181 2306 3214 romanum
2330 3176 2382 3215 et
2401 3171 2468 3213 ad
2487 3170 2806 3215 cardinalem
2827 3171 3142 3227 carpensem

670 3245 811 3288 datis
844 3245 1103 3289 instanter
1124 3244 1231 3297 egit
1247 3275 1257 3294 ,
1279 3250 1335 3286 ut
1358 3243 1693 3297 episcopatus
1724 3242 2021 3285 viennensis
2043 3240 2252 3285 canisio
2279 3242 2672 3296 imponeretur.„
2695 3242 2902 3286 canisii
2921 3242 3142 3298 Epistu-

668 3317 757 3360 lae
778 3319 831 3361 et
852 3315 1005 3367 Acta,
1024 3327 1057 3368 1,
1078 3326 1199 3370 pag.
1218 3314 1364 3359 478.-
1375 3313 1614 3358 canisius
1635 3313 1823 3357 iterum
1845 3313 2068 3357 Polanco
2091 3314 2144 3356 16
2162 3314 2412 3367 Augusti:
2443 3313 2624 3366 “Quod
2645 3314 2710 3356 ad
2745 3314 2990 3358 miserum
3019 3312 3162 3369 Epi--

666 3394 939 3442 scopatum
969 3388 1305 3441 attinet,non
1326 3396 1533 3441 possum
1554 3396 1655 3429 non
1686 3385 1735 3428 in
1766 3384 1925 3429 anxia
1949 3396 2060 3429 esse
2085 3386 2469 3439 expectatione,
2499 3396 2616 3429 cum
2645 3385 2852 3429 audiam
2883 3387 3090 3431 litteras
3108 3399 3140 3430 a

668 3460 809 3513 Rege
838 3460 1063 3504 simulet
1093 3458 1295 3511 Legato
1318 3457 1455 3501 mitti
1486 3456 1670 3508 serias.
1696 3457 1880 3511 quibus
1901 3467 2062 3511 cogar
2093 3467 2220 3500 onus
2249 3457 2422 3500 subire
2454 3457 2800 3501 miserrimum
2831 3469 2897 3500 ex
2927 3456 3138 3503 Pontifi-

664 3532 741 3575 cis
761 3530 1101 3575 authoritate.
1124 3529 1237 3581 Qua
1257 3530 1319 3572 de
1354 3540 1410 3573 re
1444 3528 1571 3571 nihil
1610 3538 1809 3571 mecum
1832 3534 2010 3572 actum
2031 3534 2112 3571 est
2127 3560 2138 3581 ,
2159 3528 2250 3571 sed
2282 3528 2356 3571 ita
2387 3530 2566 3571 retulit
2589 3529 2672 3583 qui
2705 3528 2916 3583 scripsit
2937 3530 3138 3574 nomine

668 3602 828 3656 Regis
847 3602 1029 3646 eadem
1058 3602 1109 3644 in
1132 3610 1292 3644 causa
1311 3600 1377 3644 ad
1396 3599 1711 3643 Cardinales
1739 3600 2027 3643 nonnullos.
2056 3598 2271 3653 Jamque
2305 3598 2543 3643 fiduciam
2565 3599 2874 3654 impetrandi
2896 3611 3140 3655 concepe-

669 3680 788 3718 runt
809 3674 895 3729 qui
918 3674 1189 3717 ordiuntur
1212 3672 1346 3715 hanc
1368 3672 1527 3715 teiam
1549 3671 1721 3715 nescio
1742 3670 1829 3725 qui
1844 3703 1855 3723 ‚
1882 3672 1979 3721 nisi
2003 3671 2134 3725 quod
2156 3682 2219 3713 ex
2238 3670 2520 3725 suspitione
2540 3671 2664 3715 mihi
2685 3672 2888 3717 subolet
2909 3674 3140 3719 nonnihil

666 3746 727 3789 de
760 3744 1065 3799 quibusdam
1104 3755 1203 3787 non
1233 3744 1317 3787 hic
1349 3742 1549 3787 infimis.
1574 3743 1705 3787 Utut
1736 3744 1831 3793 sit,
1866 3742 2114 3797 polliceor
2134 3742 2195 3785 R.
2227 3742 2284 3785 P.
2305 3742 2378 3785 V.
2403 3749 2602 3797 septem
2618 3742 2804 3786 Missas
2825 3743 2874 3786 in
2893 3743 3141 3788 honorem

668 3816 989 3861 Sanctissimi
1009 3815 1253 3870 Spiritus.
1284 3814 1665 3869 quamprimum
1694 3813 1951 3858 nuntiarit
1987 3821 2204 3859 conatus
2231 3815 2450 3858 istorum
2478 3814 2528 3857 in
2561 3813 2776 3857 nihilum
2796 3814 3061 3858 recidisse.
3083 3814 3157 3859 Si·

664 3900 814 3932 secus
842 3888 1049 3931 eveniet
1079 3892 1221 3930 certe
1252 3886 1404 3930 deum
1433 3886 1667 3940 peccatis
1702 3886 1830 3929 meis
1864 3885 2268 3940 implacabiliter
2293 3887 2440 3929 velut
2461 3886 2652 3929 iratum
2673 3892 2786 3930 tota
2816 3886 2932 3949 vita
2951 3887 3137 3931 merito

663 3958 1060 4011 reformidabo.„
1080 3957 1303 4012 ibidem,
1326 3968 1448 4011 pag.
1468 3957 1566 4000 487.
1586 3956 1720 4000 Vide
1742 3958 1902 4001 etiam
1921 3989 1932 4011 ,
1955 3968 2074 4011 pag.
2093 3956 2294 4011 boo-501,
2324 3957 2534 4001 Polanci
2555 3956 2765 4001 litteras
2785 3957 2852 4001 ad
2872 3955 3136 4002 canisium

662 4031 819 4076 datas
838 4030 891 4073 15
920 4029 1162 4074 Octobris
1186 4029 1317 4081 1554,
1350 4039 1483 4083 quae
1518 4028 1591 4073 sic
1622 4029 1900 4083 incipiunt:
1932 4027 2170 4083 “Septem
2198 4028 2286 4072 illa
2315 4028 2572 4072 sacrificia
2607 4028 2731 4071 mihi
2765 4030 2971 4077 oblata.
2999 4030 3044 4073 si
3075 4029 3136 4073 de

660 4100 981 4157 Episcopatu
1019 4101 1300 4145 Viennensi
1338 4112 1439 4145 non
1475 4100 1797 4145 admittendo
1830 4101 2138 4153 scriberem,
2173 4101 2300 4145 mihi
2331 4101 2505 4144 deberi
2537 4100 2792 4154 existimo,
2814 4106 2866 4144 et
2902 4112 2934 4145 a
2954 4107 3158 4146 vestra.

658 4174 922 4217 charitate
944 4184 1057 4217 meo
1081 4172 1204 4225 Jure
1225 4175 1300 4223 (ut
1320 4172 1599 4226 promissa)
1618 4172 1817 4226 exigo...
1842 4171 1936 4215 Cui
1959 4171 2214 4226 canisius,
2232 4173 2330 4217 etsi
2345 4183 2436 4216 eas
2453 4171 2664 4215 Polanci
2683 4172 2891 4215 litteras
2909 4172 3140 4217 nondum

658 4243 941 4299 recepisset
960 4243 1205 4293 (nondum
1223 4243 1360 4287 enim
1389 4250 1669 4301 acceperat
1700 4243 1936 4287 nuntium
1965 4244 2184 4286 venisse
2213 4242 2443 4286 Romam
2464 4242 2537 4286 M.
2577 4241 2980 4295 Theodora-um,
2999 4246 3136 4299 quod

655 4317 863 4361 litterae
886 4315 1007 4359 illae
1028 4315 1284 4369 ferebant)
1298 4346 1309 4367 ,
1332 4315 1407 4358 sic
1427 4315 1639 4369 scripsit
1660 4314 1715 4357 26
1737 4313 1966 4367 ejusdem
1995 4316 2212 4359 mensis:
2231 4314 2464 4370 “Septies
2485 4325 2579 4369 pro
2598 4320 2751 4368 patre
2772 4325 2886 4358 meo
2907 4313 3156 4359 Poianco·

654 4386 955 4431 sacrificare
986 4386 1141 4430 sicuti
1176 4385 1411 4440 promisi,
1433 4396 1533 4429 non
1567 4386 1835 4433 omittam.
1859 4386 1958 4430 etsi
1992 4397 2094 4429 non
2127 4388 2262 4431 omni
2296 4386 2466 4431 adhuc
2501 4384 2890 4430 metu’liberor.
2910 4384 2989 4431 Sit
3009 4387 3132 4431 mihi

653 4458 910 4513 propitius
930 4458 1183 4511 dominus,
1204 4463 1262 4502 ut
1282 4468 1315 4502 a
1336 4458 1431 4502 tali
1456 4457 1736 4501 vexatione
1754 4464 1803 4501 et
1824 4458 2011 4511 laqueo
2035 4458 2292 4512 eripiatur
2311 4458 2484 4502 anima
2504 4468 2636 4508 mea,
2655 4468 2716 4500 ne
2739 4457 2947 4501 audiam
2967 4456 3132 4513 Euge,

650 4541 825 4585 euge...
845 4529 990 4583 lbld„
1014 4540 1133 4584 pag.
1150 4528 1599 4584 503.-1n1unctum
1620 4536 1699 4573 est
1724 4536 1899 4573 tamen
1932 4528 2139 4573 canisio
2171 4540 2264 4584 per
2294 4530 2609 4583 apostolicas
2637 4528 2759 4581 Julii
2780 4527 2854 4572 111
2875 4529 3086 4573 litteras
3105 4532 3156 4573 3.

651 4602 961 4647 Novembris
982 4601 1136 4645 datas
1156 4608 1213 4646 ut
1232 4601 1591 4655 episcopatum
1621 4600 1956 4645 viennensem
1991 4611 2091 4645 uno
2119 4611 2255 4645 anno
2282 4601 2690 4645 administraret.
2726 4598 2878 4652 Vide.
2911 4609 3130 4655 praeter

648 4674 784 4719 Acta
818 4672 1142 4717 Sanctorum
1176 4672 1365 4717 mensis
1396 4670 1535 4727 julii,
1571 4678 1625 4716 et
1661 4671 1853 4716 cartas
1887 4673 1952 4715 de
1989 4672 2099 4715 San
2137 4670 2373 4725 Ignaca'o,
2399 4684 2472 4728 iv,
2509 4672 2952 4726 Baaunsnaaean,
2989 4673 3024 4717 l.
3065 4684 3147 4727 c.„

648 4756 770 4800 pag.
788 4742 989 4799 sos-509,
1012 4750 1065 4789 et
1096 4744 1371 4797 511·512‚et
1390 4743 1488 4788 520.
