3742 5392
764 451 875 510 548
1683 447 1941 510 Canon.
1984 449 2139 510 See.
2178 451 2319 524 Jas.

891 601 1065 665 1173.
1152 600 1310 664 Hoc
1331 615 1572 661 mense
1595 597 1852 662 Martio
1876 597 2031 661 Rex
2044 597 2525 678 Portugalliae
2548 598 2621 662 Ρ.
2652 599 2928 679 Ignatio
2942 605 3231 684 scripsit

763 725 1149 789 numquam
1179 706 1257 770 P.
1289 705 1649 770 Simonem
1682 722 1927 769 secum
1956 705 2191 785 egisse
2219 704 2305 768 de
2336 705 2719 772 Provincia
2746 706 3228 790 portugalliae

761 818 853 880 ab
905 815 1126 896 ipsius
1165 813 1566 878 obedientia
1605 821 1674 876 et
1712 813 1985 892 reliqua
2022 811 2400 876 Societatis
2451 814 2711 878 unione
2750 817 3225 896 segreganda,

762 923 889 988 sed
917 940 1051 986 nec
1082 931 1336 985 contra
1364 921 1596 1002 ipsam
1624 919 1702 983 P.
1735 919 1998 1000 Ignatii
2026 935 2405 1000 personam
2434 921 2569 984 sibi
2596 938 2909 1002 unquam
2938 922 3224 1000 dixisse;

761 1032 950 1114 quod
978 1031 1258 1093 videtur
1288 1028 1443 1092 Rex
1463 1028 1771 1108 optimus
1794 1025 1953 1090 ideo
1986 1026 2357 1106 scripsisse
2388 1044 2478 1090 ne
2500 1027 2575 1090 Ρ.
2602 1025 2894 1109 Simoni,
2926 1029 3225 1096 Romam

760 1149 1086 1216 evocat0,
1119 1137 1191 1200 id
1221 1144 1534 1214 noceret,
1568 1135 1754 1214 quod
1785 1135 2001 1213 aliqui
2038 1133 2130 1197 de
2156 1133 2313 1214 ipso
2352 1146 2727 1199 senserant
2756 1147 2825 1200 et
2847 1137 2921 1200 P.
2950 1137 3225 1218 Ignatio

758 1248 1150 1310 retulerant
1183 1245 1223 1307 ¹.
1741 1287 1760 1308 .

885 1353 1060 1415 1174.
1147 1351 1394 1414 Invisit
1425 1349 1561 1412 hoc
1585 1348 1842 1411 Martio
1871 1364 2115 1411 mense
2136 1347 2211 1410 P.
2248 1347 2481 1412 Miron
2502 1349 2711 1413 simul
2741 1369 2905 1415 cum
2934 1352 3009 1416 Ρ.
3040 1352 3222 1433 Qua-

761 1462 929 1526 dros
953 1459 1020 1523 D
1069 1459 1130 1522 T
1134 1460 1419 1522 hornam
1442 1457 1532 1520 de
1556 1454 1762 1532 Sosa,
1789 1455 1910 1536 qui
1930 1455 2273 1518 Brasiliae
2298 1455 2749 1520 Gubernator
2773 1457 3003 1523 fuerat
3026 1467 3069 1538 ²,
3104 1463 3225 1541 qui

759 1571 978 1633 multa
1021 1567 1109 1630 de
1147 1566 1414 1629 nostris
1453 1563 1815 1627 laboribus
1851 1572 1923 1626 et
1962 1563 2051 1625 de
2088 1579 2327 1626 rerum
2357 1565 2856 1644 temporalium
2898 1568 3219 1646 penuria,

757 1693 974 1758 quam
1001 1672 1387 1737 voluntarii
1417 1671 1508 1734 ad
1539 1670 1842 1734 aliorum
1869 1667 2435 1733 aedificationem
2465 1671 2935 1751 patiebantur,
2968 1673 3223 1738 resere-

753 1787 900 1861 bat,
936 1791 1004 1846 et
1034 1782 1121 1846 de
1149 1796 1400 1843 eorum
1428 1777 1772 1859 patientia
1801 1777 1873 1839 in
1903 1775 2517 1857 persecutionibus
2559 1787 2629 1840 et
2666 1779 3017 1843 charitate
3046 1797 3219 1862 erga

755 1892 1142 1972 proximos:
1175 1887 1458 1951 demum
1486 1886 1790 1961 dicebat,
1823 1894 1895 1946 et
1923 1882 2103 1962 Regi
2132 1883 2345 1946 etiam
2376 1883 2643 1948 dixisse
2672 1887 3114 1968 credebatur,
3146 1889 3221 1952 in

757 1999 1112 2064 Societate
1139 2004 1386 2058 nostra
1419 1991 1806 2056 Brasilicae
1833 1990 2151 2070 regionis
2178 1990 2443 2053 bonum
2481 1992 2871 2056 consistere
2889 2042 2905 2072 ,
2936 2002 3007 2056 et
3034 1995 3097 2058 si
3124 1995 3219 2059 ibi

755 2106 980 2171 nostri
1023 2102 1452 2178 residerent,
1487 2099 1666 2163 nihil
1695 2099 1949 2161 melius
1988 2113 2201 2177 quam
2230 2097 2607 2162 Brasiliam
2648 2098 2919 2179 Regem
2946 2101 3215 2165 habitu-

755 2231 946 2292 rum;
978 2214 1040 2276 si
1068 2209 1296 2275 nostri
1325 2209 1487 2271 inde
1517 2206 1933 2270 recederent
1953 2254 1968 2284 ,
2000 2205 2176 2268 nihil
2200 2203 2473 2284 Regem
2499 2206 2595 2269 ibi
2634 2207 3063 2272 habiturum.
3096 2208 3212 2275 Di-

755 2322 961 2386 cebat
985 2320 1200 2383 etiam
1221 2317 1408 2380 idem
1433 2315 1884 2378 Gubernator
1914 2324 2223 2390 nostrOS,
2254 2313 2377 2392 qui
2404 2312 2476 2376 in
2506 2312 2945 2394 Portugallia
2972 2333 3213 2380 versa·

756 2431 1036 2505 bantur,
1070 2443 1233 2489 cum
1262 2424 1420 2487 aliis
1444 2423 1532 2486 de
1562 2419 1941 2499 Societate,
1972 2419 2092 2501 qui
2121 2427 2327 2482 erant
2354 2419 2426 2482 in
2457 2420 2781 2499 Brasilia,
2808 2439 2967 2486 esse
2995 2424 3211 2488 homi-

753 2554 878 2601 nes
922 2551 1081 2599 cum
1129 2531 1402 2611 angelis
1446 2537 1923 2609 comparatos,
1970 2525 2081 2590 De
2122 2526 2197 2590 P.
2248 2527 2708 2591 Emmanuele
2750 2529 2839 2591 de
2882 2529 3208 2611 Nobrega

751 2644 1010 2724 optime
1041 2638 1424 2716 sentiebat,
1466 2644 1536 2699 et
1573 2634 1762 2715 quod
1791 2634 1885 2698 ad
1924 2634 2463 2698 subventionem
2506 2637 2998 2715 proximorum
3023 2637 3210 2704 hanc

751 2747 1181 2832 procedendi
1209 2745 1560 2810 rationem
1606 2751 1846 2805 tenere
1886 2741 2152 2821 aJ'ebat,
2196 2750 2272 2804 ut
2308 2742 2577 2805 scilicet
2616 2743 3003 2824 inquireret
3040 2756 3211 2828 quot

746 2859 1068 2923 homines
1094 2855 1460 2933 utriusque
1491 2867 1706 2913 sexus
1729 2849 1966 2930 aliquo
1994 2849 2067 2911 in
2088 2849 2249 2911 loco
2280 2850 2463 2912 male
2485 2850 2835 2930 viverent,
2868 2861 2941 2916 et
2962 2869 3209 2918 eorum

743 2965 1224 3047 juvandorum
1254 2975 1502 3024 curam
1545 2958 1730 3020 inter
1758 2955 2171 3020 sacerdotes
2200 2966 2271 3018 et
2308 2956 2489 3020 alios
2516 2955 2777 3021 fratres
2820 2959 3203 3038 dividebat,

747 3076 846 3138 ita
875 3083 952 3137 ut
981 3071 1279 3151 quisque
1309 3073 1780 3146 cognosceret
1809 3063 2063 3143 quibus
2102 3063 2391 3126 deberet
2428 3065 2953 3144 particulariter
2983 3067 3206 3148 opitu-

742 3181 900 3258 lari,
934 3188 1003 3243 et
1029 3179 1130 3242 ita
1159 3173 1472 3257 quotidie
1501 3171 1762 3251 singuli
1789 3189 1880 3234 ex
1910 3169 2021 3234 his
2048 3171 2313 3233 nostris
2342 3172 2945 3251 aggrediebantur
2964 3175 3205 3254 singu-

743 3291 852 3353 los
900 3306 992 3351 ex
1033 3285 1173 3350 illis
1213 3292 1291 3346 ut
1319 3299 1443 3346 eos
1471 3281 1929 3343 hortarentur
1958 3277 2049 3340 ad
2078 3287 2375 3358 peccata
2404 3278 2867 3359 relinquenda
2896 3291 2969 3344 et
2995 3282 3203 3346 confi-

743 3396 956 3461 tenda
1004 3393 1232 3458 donec
1271 3405 1518 3455 omnes
1559 3395 1798 3450 essent
1836 3384 2201 3466 alloquuti,
2244 3393 2315 3448 et
2358 3384 2420 3448 si
2460 3385 2574 3449 cui
2610 3403 3031 3466 persuasum
3057 3407 3204 3453 non

744 3511 929 3568 esset
958 3510 1035 3564 ut
1065 3499 1156 3563 ad
1185 3497 1416 3562 Deum
1445 3513 1536 3558 ex
1567 3494 1804 3556 animo
1843 3491 2129 3570 rediret,
2176 3491 2406 3555 denuo
2446 3491 2539 3556 ad
2578 3509 2704 3556 eos
2742 3496 3203 3576 alloquendos

745 3609 1092 3684 redibant,
1139 3613 1208 3669 et
1251 3610 1648 3684 opportune
1677 3609 1747 3662 et
1787 3599 2189 3676 importune
2218 3599 2566 3678 urgebant
2594 3600 2821 3666 donec
2850 3602 2941 3664 ad
2972 3602 3201 3668 Deum

745 3721 1352 3781 converterentur.

813 3869 818 3874 -
867 3823 1043 3885 1175.
1129 3818 1486 3882 Narrabat
1513 3824 1749 3879 autem
1779 3812 1965 3894 quod
1998 3812 2282 3876 cuidam
2310 3832 2401 3876 ex
2430 3814 2767 3878 fratribus
2794 3817 3059 3881 nostris
3090 3819 3201 3882 vir

737 3931 1023 4013 quidam
1053 3929 1124 3992 in
1155 3926 1468 4009 peccatis
1496 3922 1796 4000 insignis
1825 3921 2199 4000 obtigerat,
2232 3921 2351 4000 qui
2390 3939 2475 3984 eo
2514 3923 2772 3986 missus
2811 3922 2882 3986 in
2910 3925 3200 3990 exilium

734 4057 826 4103 ex
853 4035 1288 4114 Portugallia
1315 4032 1571 4109 suerat,
1605 4039 1676 4093 et
1709 4029 2081 4108 utrobique
2110 4029 2288 4091 satis
2315 4037 2471 4092 erat
2494 4038 2707 4092 notus
2734 4040 2805 4093 et
2830 4029 3197 4095 Barbosae

735 4291 817 4327 tro
835 4281 1001 4326 Padi-e
1037 4279 1235 4323 estat-ia
1263 4279 1422 4328 bien...
1445 4277 1726 4324 Polancus,
1755 4283 1822 4316 ex
1850 4283 2003 4321 com„
2022 4271 2075 4314 Ρ.
2110 4271 2426 4328 Hieronymo
2455 4271 2627 4315 Natali
2658 4273 2725 4316 ¹.·
2752 4271 2987 4325 januarii
3020 4277 3197 4320 1554.-

733 4353 948 4398 Romam
969 4361 1142 4396 tamen
1162 4352 1258 4394 hoc
1281 4359 1414 4393 anno
1430 4346 1748 4391 Theutonius
1769 4342 1915 4387 venit
1934 4349 1987 4387 et
2010 4343 2059 4386 in
2083 4342 2267 4387 itinere
2296 4341 2530 4386 venetiis
2553 4341 2763 4387 Patrem
2794 4343 3049 4391 Simonem
3081 4359 3198 4393 con-

731 4427 892 4470 venit.
907 4423 1040 4468 Vide
1060 4433 1242 4477 supra,
1261 4431 1381 4476 pag.
1404 4421 1484 4464 129
1499 4451 1510 4473 ,
1531 4431 1579 4462 n.
1601 4417 1696 4460 258.

811 4495 829 4528 ¹
885 4495 1097 4548 joannis
1131 4491 1234 4546 111,
1256 4490 1612 4545 Portugalllae
1647 4487 1834 4542 Regis,
1855 4488 1921 4531 ad
1954 4485 2215 4542 Ignatium
2248 4486 2457 4529 litteras
2484 4486 2647 4530 habes
2680 4487 2731 4531 in
2772 4489 2962 4533 cartas
2994 4492 3060 4536 de
3084 4491 3193 4536 San

731 4569 967 4622 [κῆαι-ἑο,
987 4573 1022 4609 t.
1039 4577 1112 4620 xv,
1137 4563 1372 4619 Append.
1395 4573 1448 4614 ιι,
1467 4573 1516 4606 n.
1535 4561 1578 4615 8,
1599 4570 1722 4615 pag.
1740 4559 1837 4612 508,
1860 4565 1914 4602 et
1934 4557 2123 4614 Ignatii
2154 4557 2219 4602 ad
2244 4557 2438 4612 Regem
2457 4568 2759 4612 responsum
2788 4560 2839 4604 in
2860 4562 3039 4606 eodem
3060 4569 3098 4607 t.
3120 4574 3191 4618 tv,

731 4651 848 4743 pa}-
877 4639 1020 4753 {ide
1041 4717 1218 4762 supra.
1241 4713 1279 4750 t.
1301 4717 1341 4752 11
1364 4713 1416 4750 et
1439 4717 1492 4749 nx
1513 4705 1632 4748 dum
1654 4705 1716 4748 de
1739 4706 1894 4748 rebus
1914 4703 2171 4748 Brasiliae
2195 4701 2389 4756 agitur.
