3742 5392
1564 516 1693 574 Aa.
1737 516 1881 575 1554
2848 517 2963 576 533

489 672 735 727 cerent
779 662 821 742 ¹;
867 663 1222 743 quamviS,
1263 663 1324 725 si
1367 663 1654 725 omnino
1695 678 1875 742 opus
1918 672 2104 725 esset
2135 662 2713 727 Conimbricense
2743 663 2961 728 Colle-

483 769 683 849 gium
713 768 1031 832 subsidia
1063 766 1415 849 quaedam
1444 768 1744 845 mittere,
1777 785 1925 831 non
1946 768 2467 849 prohiberetur.

607 875 782 940 1136.
870 875 1210 955 Suggerit
1239 873 1426 938 idem
1456 875 1997 940 convenientius
2024 875 2179 938 fore
2207 884 2291 958 et·
2315 875 2548 956 magis
2577 885 2949 939 consenta-

485 1000 696 1047 neum
726 984 1013 1063 reguliS,
1047 991 1122 1046 ut
1153 999 1294 1046 uno
1327 982 1400 1045 in
1443 983 1602 1046 loco
1641 982 2032 1046 christiana
2073 981 2400 1046 doctrina
2442 983 2952 1062 explicaretur,

485 1091 578 1154 ad
606 1106 819 1171 quam
848 1105 1097 1153 omnes
1125 1088 1533 1152 scholastici
1575 1089 1951 1153 dominicis
1991 1097 2061 1152 et
2098 1087 2303 1152 festis
2342 1088 2592 1153 diebus
2620 1091 2956 1152 conveni-

487 1207 668 1275 rent,
701 1213 918 1277 quam
947 1196 1008 1259 si
1031 1196 1317 1276 singuli,
1342 1207 1420 1260 ut
1441 1196 1792 1261 hactenus
1816 1196 2157 1276 fecerant,
2184 1206 2689 1277 praeceptores
2711 1197 2784 1259 in
2808 1197 2955 1259 suis

489 1303 840 1368 classibus
867 1320 1030 1367 eam
1059 1303 1520 1384 explicarent.
1595 1323 1600 1330 ·

609 1410 698 1474 Et
727 1411 906 1474 haec
936 1409 1024 1474 de
1053 1408 1594 1491 olyssiponensi
1621 1410 1963 1490 Collegio.

792 2050 922 2116 DE
964 2050 1234 2116 DOMO
1279 2050 1957 2118 PROFESSORUM
1999 2053 2335 2118 SANCTI
2376 2053 2665 2119 ROCHI

613 2479 787 2543 1137.
874 2480 1332 2562 praepositus
1352 2492 1508 2545 erat
1529 2481 1736 2563 hujus
1757 2481 2032 2546 Domus
2056 2483 2633 2564 olyssiponensis
2656 2485 2731 2550 P.
2762 2485 2950 2550 Gon·

485 2590 733 2652 salvus
761 2589 850 2652 de
877 2587 1212 2669 Silveira,
1246 2606 1408 2653 cum
1444 2591 1790 2655 tredecim
1816 2592 1935 2654 vel
1979 2592 2519 2672 quatuordecim
2559 2594 2748 2672 aliis,
2783 2612 2949 2675 quo-

485 2712 645 2760 rum
675 2695 908 2760 media
936 2713 1106 2777 pars
1135 2695 1592 2762 sacerdotum
1620 2707 1797 2775 erat,
1832 2700 1954 2762 alii
1982 2699 2055 2762 in
2093 2698 2503 2764 domesticis
2539 2701 2953 2765 ministeriis

481 2819 559 2867 se
586 2805 1036 2882 exercebant,
1064 2813 1134 2867 et
1148 2802 1354 2884 juxta
1377 2805 1941 2883 constitutioneS,
1971 2805 2063 2869 ad
2085 2805 2487 2886 huJusmodi
2518 2808 2767 2872 domos
2791 2827 2946 2889 pro-

481 2907 710 2974 fessas
757 2911 1223 2994 pertinentes,
1270 2911 1646 2991 diligenter
1689 2913 2206 2993 procedebant:
2255 2913 2555 2993 ipsemet
2584 2913 2951 2995 Praeposi-

483 3025 628 3094 tuS,
669 3016 746 3079 Ρ.
790 3017 1227 3096 GonsalvuS,
1269 3018 1612 3098 pergebat
1649 3018 1724 3082 in
1763 3019 1913 3082 suis
1958 3019 2421 3083 concionibus
2461 3021 2835 3086 dominicis
2864 3040 2951 3086 ac

484 3122 684 3187 sestis
714 3123 961 3187 diebus
999 3141 1158 3188 curn
1191 3141 1455 3204 magna
1497 3125 1862 3189 hominum
1893 3144 1977 3189 ac
2014 3127 2397 3208 praecipue
2440 3129 2780 3192 nobilium
2822 3129 2953 3192 frc-

493 3233 804 3311 quentia,
837 3233 961 3311 qui
988 3249 1148 3295 eum
1177 3233 1520 3313 peculiari
1561 3233 1941 3297 devotione
1978 3235 2480 3315 sequebantur.
2522 3235 2598 3299 In
2639 3235 2956 3316 Quadra·

495 3339 805 3418 gesima,
837 3337 1084 3402 diebus
1126 3340 1338 3404 etiarn
1369 3341 1702 3404 mercurii
1742 3357 1827 3403 ac
1855 3341 2178 3421 veneris,
2210 3342 2461 3406 eodem'
2489 3361 2781 3407 munere
2808 3345 2957 3408 fun-

493 3445 816 3525 gebatur,
849 3455 942 3525 et,
973 3456 1050 3509 ut
1091 3447 1532 3526 experientia
1564 3447 1887 3526 docebat,
1923 3457 1993 3511 et
2030 3449 2452 3512 confessarii
2480 3452 2672 3514 clare
2717 3451 2958 3532 deprc-

494 3553 919 3631 hendebant,
953 3571 1116 3618 cum
1146 3571 1410 3634 magna
1443 3555 1841 3619 animarum
1869 3557 2344 3620 commotione
2374 3567 2445 3620 et
2469 3557 2706 3622 fructu
2729 3577 2956 3622 emen·

498 3659 807 3724 dationis
835 3661 906 3724 id
936 3663 1369 3741 praestabat.

622 3765 800 3830 1138.
885 3765 1026 3831 Sed
1054 3777 1125 3831 et
1154 3767 1231 3831 Ρ.
1265 3767 1675 3832 Gonsalvus
1705 3767 1862 3831 Vaz
1902 3771 1974 3832 in
2012 3771 2405 3834 christiana
2445 3773 2771 3838 doctrina
2800 3793 2963 3838 cum

498 3871 919 3937 admirando
949 3875 1310 3938 hominum
1343 3891 1697 3938 concursu
1726 3876 1941 3938 etiam
1963 3877 2101 3940 hoc
2124 3895 2313 3941 anno
2336 3895 2761 3958 progressus
2783 3893 2890 3944 est
2912 3889 2956 3952 ²;
3006 3965 3011 3969 ¹

498 3989 570 4042 et
600 3981 928 4061 quamvis
967 3981 1039 4043 in
1080 3979 1644 4060 Quadragesima
1689 3982 1808 4044 alii
1852 3982 2171 4062 insignes
2209 3985 2741 4064 praedicatores
2782 4005 2967 4050 eam-

497 4085 659 4150 dem
688 4087 1086 4152 doctrinam
1114 4088 1579 4167 explicarent,
1611 4106 1754 4152 non
1784 4098 2164 4169 propterea
2192 4091 2590 4172 frequentia
2621 4107 2961 4157 consueta

499 4193 1047 4273 destituebatur,
1100 4211 1263 4257 narn
1316 4195 1583 4258 donum
1620 4195 1979 4275 quoddam
2019 4198 2377 4276 peculiare
2419 4199 2509 4261 ad
2549 4217 2707 4263 eam
2748 4203 2967 4281 expli-

583 4471 602 4504 ί
655 4471 888 4515 “Eventu
913 4478 1020 4517 tam
1039 4483 1290 4528 prospero
1324 4473 1638 4519 laetissimus
1659 4471 1770 4515 Rex
1785 4503 1796 4524 .
1814 4483 1932 4517 cum
1960 4474 2128 4518 adhuc
2160 4477 2209 4518 id
2230 4477 2517 4531 Collegium
2538 4477 2961 4536 conimbricensi,

500 4549 557 4585 ut
591 4543 852 4598 impensae
887 4545 1002 4589 inde
1034 4545 1408 4597 sufficerentur,
1429 4555 1716 4588 connexum
1745 4543 1953 4596 fuisset.
1974 4557 2068 4599 per
2099 4559 2213 4590 sese
2244 4556 2385 4592 stare
2420 4551 2612 4603 voluit,
2642 4561 2703 4594 ac
2737 4553 2965 4606 propriis

503 4612 599 4657 niti
617 4614 860 4658 subsidiis
877 4647 888 4666 ,
909 4627 1042 4670 qnae
1071 4617 1390 4671 posteriores
1409 4617 1592 4660 deinde
1622 4614 1792 4670 Reges
1811 4615 2011 4660 affatim
2031 4621 2211 4672 supple
2220 4627 2449 4674 verunt.„
2482 4620 2955 4677 omnisomnllist.

503 4683 617 4728 Soc.
635 4684 772 4739 Jes„
790 4685 877 4730 lib.
897 4697 1011 4741 xxv,
1033 4699 1082 4731 n.
1103 4687 1173 4732 9⁶.

584 4757 607 4787 ἱ
665 4756 796 4800 Vide
817 4767 992 4814 snpra,
1015 4768 1054 4802 t.
1086 4771 1158 4814 m,
1181 4771 1301 4815 pag.
1317 4759 1415 4814 40⁶,
1437 4771 1485 4804 n.
1507 4759 1604 4804 892.
