3742 5392
1618 479 1745 539 Am.
1790 480 1930 537 1554
2907 478 3012 539 187

662 625 803 689 399.
890 626 1075 689 Nam
1122 626 1243 689 illa
1283 636 1587 706 quatuor
1629 626 1845 689 millia
1889 627 2345 703 ducatorum,
2393 643 2574 707 quae
2615 626 3006 707 Imperator

540 736 617 797 in
646 734 872 797 variis
904 732 1055 812 Jam
1096 734 1272 797 locis
1314 734 1561 797 vacuis
1603 733 1941 797 Societati
1990 746 2442 799 concesserat
2477 732 2525 807 ¹,
2561 752 2730 799 vere
2774 752 3006 797 vacua

544 858 893 921 apparere
923 851 1340 921 coeperunt3
1374 856 1537 904 cum
1566 841 1753 904 enim
1782 841 1869 904 de
1899 842 2310 905 venditione
2341 842 2462 921 agi
2489 842 2872 921 coepisset,
2909 843 3003 904 in·

540 948 741 1010 venti
769 956 931 1012 sunt
972 948 1089 1028 qui
1128 949 1285 1010 loca
1319 948 1436 1010 illa
1469 958 1707 1011 tenere
1750 946 2216 1022 affirmarent3
2251 957 2321 1011 et
2356 948 2639 1012 demum
2679 948 2770 1011 ad
2811 950 3004 1012 litem

543 1063 839 1118 ventum
864 1064 994 1118 est.
1030 1054 1235 1134 Quod
1266 1054 1666 1118 Cardinalis
1695 1055 2122 1135 promiserat
2149 1052 2192 1134 ⁸,
2225 1073 2369 1119 non
2406 1056 2790 1135 praestitit,
2822 1054 3006 1119 forte

542 1162 710 1241 quia
740 1171 1139 1243 opportune
1510 1158 1532 1191 ⁸
1564 1178 1785 1241 regno
1816 1162 1888 1225 id
1917 1179 1994 1225 se
2023 1179 2236 1242 posse
2265 1162 2504 1227 facere
2534 1180 2675 1225 non
2702 1162 3003 1244 putavit3

540 1280 611 1332 et
629 1286 721 1333 ex
742 1269 875 1347 his,
904 1286 1086 1349 quae
1111 1269 1229 1332 alii
1246 1270 1741 1349 promiseram,
1770 1268 2120 1350 quaedam
2149 1270 2361 1333 etiam
2383 1270 2576 1349 exigi
2597 1286 2738 1333 non
2765 1278 3005 1351 potue·

538 1385 739 1452 rant,
772 1384 849 1439 ut
878 1377 1165 1439 omnino
1198 1394 1543 1457 apparere
1585 1376 1930 1457 inciperet
1967 1377 2039 1439 in
2081 1394 2168 1440 ea
2208 1376 2534 1455 civitate,
2567 1377 2758 1458 quod
2785 1378 3005 1455 vulgo

540 1482 799 1546 dicitur
844 1483 1064 1547 “inter
1102 1482 1294 1546 dicta
1337 1493 1405 1547 et
1451 1483 1641 1547 facta
1688 1486 1978 1563 longum
2022 1483 2446 1563 interjacere
2489 1483 3002 1559 intervallum..

536 1589 709 1653 Alia
737 1590 973 1665 etiam,
1012 1607 1193 1669 quae
1224 1608 1314 1653 ex
1353 1590 1567 1654 Curia
1598 1591 2085 1671 recuperanda
2116 1599 2344 1668 erant,
2378 1606 2596 1671 aegre
2625 1589 3008 1654 admodum

542 1698 952 1778 recuperari
986 1708 1344 1778 poterant:
1380 1708 1447 1761 et
1488 1708 1757 1771 tamen,
1790 1716 2034 1762 mense
2065 1698 2392 1778 Augusto
2423 1699 2784 1779 sequentis
2812 1698 3001 1775 anni,

542 1805 913 1884 oportebat
936 1807 1241 1885 pretium
1267 1804 1517 1869 domus
1546 1806 1880 1886 persolvi,
1914 1806 1984 1869 id
2009 1815 2135 1885 est,
2170 1806 2306 1869 tria
2327 1805 2546 1869 millia
2577 1814 2646 1869 et
2675 1805 3004 1886 quadrin-

540 1912 744 1993 genti
785 1912 1054 1988 ducati,
1098 1912 1361 1992 alioqui
1404 1911 1803 1976 exeundum
1844 1924 2000 1977 erat
2039 1913 2128 1976 ab
2169 1930 2287 1991 ea,
2329 1930 2473 1975 non
2509 1913 2661 1975 sine
2700 1920 2902 1988 nota,
2937 1923 3006 1974 et

543 2035 705 2081 cum
759 2018 1018 2081 damno
1076 2018 1645 2098 octingentorum
1703 2018 2171 2108 ducatorum2
2209 2018 2388 2084 Cum
2449 2027 2684 2083 autem
2738 2017 3007 2082 reditus

538 2135 1036 2189 sexcentorum
1096 2126 1513 2190 ducatorum
1576 2128 1663 2189 ab
1730 2127 2164 2207 Imperatore
2229 2126 2599 2207 promissi,
2660 2126 3007 2191 translato

540 2248 765 2311 regno
796 2233 887 2295 ad
914 2232 1303 2313 principem
1328 2234 1725 2314 Philippum
1750 2282 1761 2307 ,
1790 2234 1908 2313 qui
1935 2232 2076 2297 25.a
2095 2233 2523 2297 Novembris
2550 2250 2816 2313 magna
2845 2250 3008 2296 cum

542 2340 987 2403 solemnitate
1026 2341 1551 2420 possessionem
1590 2339 1740 2420 ejus
1778 2340 2073 2421 Neapoli
2104 2341 2321 2421 cepit,
2355 2340 2447 2403 ab
2488 2342 2644 2421 ipso
2685 2339 3006 2420 Philippo

540 2448 1015 2527 recuperandi
1046 2446 1195 2527 J'am
1234 2456 1466 2523 erant,
1514 2458 1582 2512 et
1621 2449 1777 2512 ideo
1816 2449 2090 2511 litteras
2128 2466 2168 2511 a
2209 2448 2283 2511 P.
2318 2448 2598 2529 Ignatio
2627 2447 2703 2510 P.
2739 2445 3002 2510 Salme·

542 2572 673 2617 ron
703 2556 1096 2635 postulavit
1126 2556 1217 2619 ad
1244 2555 1647 2637 Philippum
1676 2554 1944 2635 Regem
1975 2567 2042 2619 et
2067 2556 2159 2619 ad
2181 2553 2268 2617 D.
2296 2554 2708 2635 Ruigomez,
2738 2566 2816 2617 ut
2847 2570 3005 2617 eam

540 2662 1087 2741 promissionem
1138 2663 1361 2744 patris
1415 2663 1654 2726 Caroli
1709 2663 2032 2742 impleret
2089 2663 2301 2740 filiuS,
2360 2663 2480 2743 qui
2537 2663 2609 2725 in
2665 2678 2889 2741 regno
2941 2663 3004 2724 ei

540 2778 1011 2832 successerat.
1044 2770 1133 2833 Et
1161 2786 1325 2833 cum
1354 2768 1440 2832 D.
1476 2768 1793 2832 Alvarus
1842 2770 1929 2832 de
1969 2768 2310 2833 Mendoza
2342 2767 2366 2799 ⁴
2403 2769 2494 2832 ad
2534 2770 2808 2859 curiam
2855 2764 3004 2847 ejus

546 2876 765 2957 Regis
794 2894 871 2939 se
901 2876 1287 2952 conferret,
1321 2876 1456 2939 hoc
1488 2876 1849 2955 negotium
1882 2874 2274 2939 curandum
2305 2876 2636 2956 suscepit.

668 2982 811 3046 400.
898 2983 1114 3047 Aliud
1136 2984 1351 3047 etiam
1374 2984 1439 3046 ei
1462 2981 1485 3013 ⁸
1507 2993 1661 3046 erat
1686 3002 1728 3047 a
1752 2982 1948 3063 Rege
1973 2982 2383 3061 curandum,
2415 2992 2489 3046 ut
2511 2982 2778 3046 scilicet
2809 3000 3006 3063 prae-

540 3090 893 3153 fecturam
922 3090 1195 3153 castelli
1232 3091 1433 3169 novi,
1467 3106 1679 3170 quam
1716 3090 1940 3170 ipsius
1977 3088 2197 3153 frater
2235 3089 2324 3153 D.
2356 3090 2670 3173 Joannes
2697 3089 2786 3151 de
2820 3088 3010 3153 Men·

540 3198 721 3260 doza
771 3198 1167 3280 relinquere
1219 3206 1511 3278 paratus
1553 3208 1742 3274 erat,
1788 3199 1857 3261 in
1909 3215 1985 3261 se
2035 3196 2474 3260 transferret.
2519 3196 2719 3261 Haec
2770 3207 3006 3260 autem

543 3322 762 3369 causa
804 3306 922 3368 illa
973 3314 1162 3384 erat,
1206 3322 1331 3368 cur
1375 3305 1561 3395 idem
1604 3304 1691 3368 D.
1738 3304 2049 3387 joannes
2096 3306 2231 3367 hoc
2281 3322 2468 3367 anno
2512 3302 2814 3367 Romam
2861 3320 3004 3367 non

544 3413 857 3492 venerit,
890 3423 967 3476 ut
996 3412 1269 3475 scilicet
1298 3420 1539 3490 posset
1569 3412 1755 3475 arcis
1798 3412 2006 3491 hujus
2048 3410 2572 3491 praefecturam
2601 3410 2676 3473 in
2709 3410 3008 3474 fratrem

546 3519 964 3593 transferre;
1001 3535 1183 3600 quae
1221 3527 1504 3598 praeter
1548 3518 1686 3581 duo
1733 3518 1952 3581 millia
1991 3517 2414 3581 ducatorum
2452 3518 2669 3581 annui
2713 3518 3004 3595 redituS,

540 3626 931 3689 honorifica
961 3624 1341 3689 admodum
1364 3624 1659 3705 Neapoli
1688 3624 2008 3688 habetur.
2043 3624 2284 3703 Itaque
2317 3624 2406 3687 ab
2435 3625 2589 3705 ipso
2613 3623 2700 3687 D.
2727 3625 3002 3708 Joanne

542 3734 815 3797 litteras
863 3732 1422 3796 renunciationis
1470 3749 1712 3796 secum
1763 3732 1961 3810 tulit,
2015 3742 2083 3795 et
2134 3732 2422 3797 tandem
2471 3749 2512 3794 a
2551 3731 2771 3811 Rege,
2814 3732 3000 3812 quod

546 3840 979 3919 postulabat,
1011 3839 1083 3902 in
1122 3856 1329 3902 suum
1368 3838 1691 3901 favorem
1737 3840 2180 3919 impetravit:
2213 3840 2496 3903 interim
2534 3839 2606 3902 in
2647 3856 2777 3902 suo
2817 3838 3005 3903 bono

542 3948 910 4027 proposito
937 3946 1121 4010 idern
1154 3944 1241 4009 D.
1270 3945 1581 4028 Joannes
1610 3946 2148 4027 perseverabat,
2183 3958 2252 4009 et
2283 3947 2540 4026 partim
2571 3956 3000 4020 nostrorum,

628 4302 641 4330 ¹
700 4298 835 4343 Vide
856 4309 1031 4354 supra,
1052 4309 1173 4352 pag.
1193 4297 1285 4351 130,
1308 4310 1355 4341 n.
1378 4298 1475 4340 379.

626 4374 649 4405 ²
704 4372 839 4416 Vide
858 4382 1033 4425 supra,
1053 4382 1177 4426 pag.
1204 4372 1295 4425 178,
1318 4381 1365 4414 n.
1384 4370 1479 4413 374.

626 4444 648 4475 ⁵
704 4444 909 4488 Attrita
928 4442 1133 4495 charta,
1155 4449 1301 4486 certo
1323 4442 1425 4497 legi
1458 4452 1553 4485 non
1578 4450 1747 4496 potest
1772 4442 1893 4495 quid
1916 4442 1997 4485 hic
2039 4443 2104 4485 sit
2140 4442 2407 4496 scriptum.
2433 4442 2582 4487 Haud
2606 4450 2781 4487 tamen
2814 4449 3010 4486 temere

544 4517 659 4570 quis
677 4517 818 4571 leget
839 4515 930 4560 ita:
952 4514 1072 4568 quia
1092 4522 1379 4568 opportune
1402 4514 1460 4555 id
1480 4524 1583 4555 non
1594 4512 1829 4566 secet-at,
1848 4511 2110 4556 excedens
2131 4525 2343 4568 regno...

626 4588 645 4619 ⁴
702 4586 893 4631 Frater
924 4586 1008 4630 hic
1042 4592 1157 4629 erat
1178 4585 1391 4638 joannis
1424 4586 1484 4629 de
1518 4586 1787 4633 Mendoza.
1824 4589 1886 4631 de
1922 4600 2018 4643 quo
2049 4601 2222 4644 supra.
2249 4600 2367 4643 pag.
2394 4591 2484 4640 176.
2521 4602 2568 4635 n.
2588 4590 2754 4634 371.et
2777 4588 2928 4642 infra,
2951 4600 3005 4632 n.

542 4658 794 4714 sequenti.

626 4730 651 4762 ⁵
704 4729 931 4785 Scilicet,
958 4733 1159 4776 Alvaro
1181 4732 1241 4775 de
1264 4731 1527 4776 Mendoza.
