3742 5392
702 434 813 495 244
1626 437 1875 497 Canon.
1916 437 2070 497 Soc.
2109 438 2252 511 jas,

700 593 902 649 sexto
932 593 1053 647 aut
1081 584 1378 664 septimo
1425 584 1888 649 reformatum
1929 586 2020 648 ab
2059 585 2215 664 ipso
2237 596 2533 650 auctore
2557 596 2628 650 et
2663 586 2904 653 incudi
2945 590 3175 655 reddi-

702 700 883 769 tum,
915 690 1204 753 tandem
1254 691 1347 754 ad
1396 690 1470 753 P.
1526 690 1882 771 Ignatium
1925 688 2131 771 juxta
2179 690 2736 757 Constitutiones
2785 695 3171 761 videndum

704 796 927 875 misit,
960 808 1030 860 et
1073 799 1175 860 sic
1220 796 1504 861 demum
1557 798 1898 861 remissus
1948 815 2106 861 cum
2139 800 2684 880 approbatione,
2717 799 2900 881 Regi
2935 800 3173 867 Ferdi-

700 904 939 968 nando
968 905 1178 967 datus
1209 912 1353 982 est,
1389 904 1509 984 qui
1537 904 2084 985 imprimendum
2122 914 2192 968 et
2220 906 2706 985 evulgandum
2733 910 3016 973 curavit
3046 907 3088 973 ¹.

818 1010 960 1075 535.
1049 1011 1537 1076 Cancellarius
1566 1010 1790 1075 Ducis
1818 1011 2174 1075 Bavariae
2202 1010 2225 1042 ²
2254 1013 2398 1075 suis
2439 1012 2530 1075 ad
2562 1012 2886 1079 eumdem
2928 1015 3005 1079 P.
3039 1014 3170 1081 Ca-

696 1119 955 1182 nisium
978 1119 1231 1183 litteris
1254 1136 1551 1182 causam
1580 1118 1867 1183 adducit
1898 1135 2025 1183 cur
2049 1119 2344 1200 Collegii
2370 1120 2952 1200 Ingolstadiensis
2975 1124 3168 1187 insti·

694 1226 873 1289 tutio
911 1226 1131 1289 dilata
1159 1225 1403 1289 fuerit:
1440 1227 1685 1304 magni
1713 1226 1902 1289 enim
1931 1236 2168 1290 motus
2200 1226 2662 1307 Germaniae,
2696 1246 2880 1309 quae
2903 1246 3168 1311 magna

695 1351 784 1396 ex
813 1342 1018 1414 parte
1046 1333 1119 1396 in
1152 1333 1375 1396 armis
1404 1340 1595 1410 erat,
1628 1332 1701 1395 in
1732 1349 1954 1397 causa
1990 1332 2274 1398 fuerunt
2305 1332 2350 1397 ³.

815 1439 962 1504 536.
1048 1438 1127 1503 In
1156 1440 1485 1521 proxima
1516 1450 1755 1503 autem
1783 1439 1997 1503 Dieta
2026 1440 2488 1505 Landehutae
2517 1443 2762 1506 habita
2784 1440 2829 1521 ⁴,
2858 1461 3022 1509 cum
3047 1462 3166 1507 no·

694 1548 872 1611 biles
902 1545 1193 1627 quidam
1222 1546 1577 1610 Bavariae
1605 1546 1793 1626 apud
1821 1544 2222 1627 Principem
2245 1547 2716 1628 efflagitarent
2746 1550 3043 1613 liberam
3068 1552 3166 1613 lu·

692 1654 1109 1718 theranismi
1139 1653 1684 1735 professionem,
1717 1662 1786 1716 et
1812 1653 2097 1734 quidem
2120 1671 2205 1717 eo
2236 1665 2578 1736 tempore,
2603 1673 2745 1737 quo
2766 1655 3168 1738 Principem

689 1762 929 1841 inopia
959 1761 1303 1842 pecuniae
1338 1761 1667 1824 laborare
1705 1760 2056 1838 sciebant,
2102 1761 2420 1826 adhibuit
2453 1760 2794 1843 Princeps
2823 1764 2897 1826 in
2936 1766 3163 1827 consi·

688 1868 861 1932 lium
889 1867 1394 1931 cancellarium
1440 1884 1601 1930 cum
1640 1866 1957 1931 Doctore
1986 1867 2295 1947 Hundi0,
2327 1880 2397 1931 et
2432 1870 2724 1950 impiam
2752 1870 3164 1950 petitionem

690 1977 1015 2056 protinus
1045 1975 1373 2055 explosit.
1406 1973 1695 2038 Nobiles
1727 1984 1964 2038 autem
1993 1974 2093 2038 illi
2122 1976 2406 2055 culpam
2432 1977 2505 2039 in
2536 1976 2900 2041 Canisium
2929 1977 3162 2059 (quem

689 2100 931 2145 canem
960 2081 1349 2161 vocabant)
1381 2082 1553 2144 etin
1585 2082 1814 2161 ipsum
1846 2082 2353 2146 cancellarium
2376 2082 2816 2163 rejiciebant;
2843 2085 2971 2150 sed
2999 2103 3159 2149 con-

686 2189 983 2253 citatum
1012 2190 1147 2252 hoc
1180 2189 1523 2253 nobilium
1553 2200 1804 2252 contra
1834 2206 1912 2251 se
1944 2188 2184 2253 odium
2211 2190 2604 2268 gloriosum
2633 2191 2767 2255 sibi
2808 2193 3152 2256 cancella—

682 2298 834 2360 rius
863 2297 1273 2360 existimare
1306 2296 1577 2374 debuit3
1612 2296 1763 2376 ipse
1786 2295 2127 2377 Princeps
2157 2314 2437 2377 semper
2467 2314 2544 2360 se
2571 2298 3050 2363 firmissimum
3081 2310 3151 2363 et

686 2405 1338 2468 constantissimum
1370 2404 1441 2467 in
1468 2404 1816 2467 catholica
1848 2404 2192 2483 religione
2219 2404 2604 2467 asserenda
2635 2406 2962 2485 praebuit
2995 2406 3040 2469 ⁸.

764 2611 782 2643 ¹
841 2609 1154 2653 catechismi
1176 2614 1409 2663 partem,
1432 2608 1495 2651 de
1517 2620 1618 2662 qua
1642 2609 1793 2663 hujus
1816 2620 1862 2650 n.
1887 2608 2032 2651 initio
2053 2620 2224 2652 sermo
2245 2616 2326 2652 est
2342 2643 2352 2662 ,
2378 2608 2580 2653 Vienna
2601 2608 2818 2655 Romam
2842 2610 2982 2655 misit
3003 2608 3155 2655 Cani-

682 2684 789 2725 sius
810 2693 910 2725 una
932 2693 1047 2725 cum
1067 2680 1259 2725 litteris
1280 2682 1307 2723 8
1328 2680 1463 2731 Junii
1486 2681 1649 2733 datis;
1668 2680 1728 2722 de
1752 2691 1815 2722 ea
1836 2691 1953 2723 cum
1973 2681 2396 2724 annotationibus
2411 2681 2617 2724 reddita
2639 2690 2691 2723 et
2714 2689 2932 2735 accepta
2951 2683 3155 2736 gratias

682 2756 793 2808 agit
817 2754 867 2796 16
888 2751 1431 2805 Augusti-“Quando
1462 2759 1637 2795 autem
1658 2752 1912 2805 epistulae
1945 2762 2215 2795 censorum
2247 2764 2349 2796 una
2369 2764 2484 2796 cum
2514 2754 2624 2806 ipso
2659 2752 2976 2797 catechismo
2997 2752 3152 2797 Vien-

682 2836 801 2869 nam
830 2825 1019 2868 missae
1040 2826 1170 2877 sint,
1196 2824 1361 2867 literis
1386 2824 1691 2871 ostenditur.
1714 2834 1846 2877 quae
1868 2822 2034 2867 Roma
2057 2825 2106 2867 19
2125 2822 2152 2875 J
2159 2824 2245 2867 ulii
2267 2824 2372 2867 1554
2393 2823 2584 2879 ignatii
2603 2824 2805 2867 nomine
2825 2824 3014 2868 missae
3033 2832 3154 2869 sunt

684 2898 749 2941 ad
770 2896 1047 2941 Matthiam
1069 2897 1130 2939 de
1153 2896 1313 2939 Taxis
1332 2928 1342 2947 ,
1366 2894 1681 2938 Ferdinandi
1703 2894 1723 2937 1
1742 2899 2028 2950 postorum
2056 2896 2462 2949 magistrum,in
2487 2896 2669 2949 quibus
2690 2896 2950 2939 scribitur:
2975 2895 3155 2948 Questi

680 2968 849 3023 giorni
880 2968 1080 3023 passati
1112 2968 1352 3010 abbiamo
1374 2966 1612 3010 ricevuto
1634 2977 1735 3009 una
1768 2968 1962 3011 lettera
1981 2967 2119 3010 della
2141 2964 2342 3010 Maesta
2374 2966 2543 3021 Regia
2561 2967 2625 3009 ed
2659 2978 2726 3009 un
2759 2972 2904 3010 certo
2927 2973 3152 3012 trattato

680 3042 775 3084 che
804 3040 841 3083 li
876 3039 1051 3083 Nostri
1075 3040 1335 3083 facessere
1370 3049 1461 3091 per
1481 3050 1574 3081 sua
1598 3038 1974 3082 commissione.
1998 3038 2094 3090 Qui
2113 3038 2156 3082 si
2181 3040 2372 3082 manda
2391 3039 2619 3091 risposta
2639 3038 2688 3081 di
2713 3038 2861 3081 detta
2890 3039 3100 3092 lettera,
3125 3051 3152 3083 e

680 3111 725 3155 si
754 3110 991 3154 rimanda
1022 3110 1059 3153 il
1091 3118 1311 3152 trattato
1347 3109 1650 3163 sopradetto
1671 3108 1811 3152 visto
1833 3110 1923 3163 qul
1955 3109 2006 3152 in
2031 3108 2240 3161 Roma„
2265 3109 2692 3160 Buca-suenone,
2715 3110 2750 3151 l.
2771 3118 2835 3162 c.,
2857 3119 2978 3162 pag.
2999 3108 3078 3151 481
3099 3116 3152 3153 ct

678 3183 776 3226 482.

758 3254 783 3286 2
838 3254 1092 3297 Henricus
1116 3252 1465 3298 Schweicker.

756 3326 781 3359 ⁸
836 3326 1033 3369 Harum
1068 3326 1365 3370 litterarum
1400 3326 1774 3379 fragmentum.
1802 3338 1829 3369 e
1861 3338 1961 3381 quo
1995 3326 2125 3370 haec
2159 3328 2226 3371 ad
2257 3328 2473 3369 verbum
2506 3325 2614 3368 fere
2649 3324 2972 3379 transcripta
3007 3334 3146 3377 sunt,

678 3398 832 3441 affert
868 3396 1306 3452 Baauxsnssnoaa,
1330 3400 1361 3440 l.
1381 3409 1443 3449 c.,
1468 3410 1586 3451 pag.
1607 3398 1716 3453 ⁴33,
1739 3398 1868 3441 haec
1905 3400 2150 3443 subdens:
2173 3398 2514 3441 “Rebellionis
2544 3398 2612 3441 ab
2633 3397 2854 3441 Alberto
2883 3396 3149 3441 Branden·

674 3471 918 3523 burgensi
940 3470 1233 3513 concitatae
1258 3478 1377 3513 tunc
1398 3472 1613 3515 ultimae
1636 3471 1743 3514 fere
1766 3470 1958 3515 fiebant
1988 3472 2290 3526 tragoediae
2313 3502 2337 3524 „

755 3542 897 3585 Inter
918 3552 979 3585 ea
994 3574 1004 3592 ,
1028 3554 1159 3595 quae
1183 3551 1301 3586 tunc
1324 3548 1573 3597 temporis
1602 3553 1696 3595 pro
1725 3544 2071 3587 restaurando
2101 3556 2192 3587 seu
2227 3542 2470 3597 erigendo
2491 3541 2890 3597 Ingolstadiensi
2913 3538 3143 3593 Collegio

672 3620 823 3665 gesta
844 3620 961 3656 sunt
983 3646 992 3665 ,
1015 3621 1189 3657 actum
1211 3624 1290 3657 est
1313 3616 1469 3657 etiam
1492 3614 1554 3657 de
1576 3616 1826 3659 mittendo
1845 3616 1967 3659 illuc
1991 3622 2080 3659 aut
2103 3616 2157 3659 P.
2182 3614 2423 3667 Quintino
2445 3614 2693 3658 Charlart
2714 3626 2781 3657 au
2801 3612 2856 3657 Ρ.
2873 3610 3143 3656 Bet-nardo

674 3684 921 3728 oliverio.
944 3682 1075 3728 Vide
1100 3683 1309 3728 Polanci
1331 3686 1539 3729 litteras
1560 3686 1787 3735 Canlsio.
1806 3697 1874 3731 ex
1893 3698 2043 3739 com„
2063 3687 2218 3731 datas
2236 3686 2287 3729 21
2319 3686 2450 3729 Nov.
2472 3686 2594 3731 1554.

753 3758 777 3789 ὁ
830 3754 1079 3799 “Comitia
1109 3755 1237 3799 haec
1268 3757 1450 3800 habita
1479 3764 1600 3801 sunt
1620 3768 1755 3801 anno
1777 3758 1884 3801 1553
1903 3768 1935 3801 a
1957 3758 2038 3801 die
2058 3758 2086 3799 3
2117 3769 2277 3812 usque
2299 3758 2365 3799 ad
2399 3756 2453 3799 2⁶3
2473 3756 2774 3799 Decembris
2796 3754 2888 3807 (M.
2911 3764 2960 3797 v.
2983 3751 3145 3807 me·

668 3828 816 3879 berg,
834 3826 1148 3870 Geschichte
1173 3828 1265 3871 der
1288 3828 1629 3885 bayerIschen
1648 3828 1987 3874 Landstande
2007 3830 2110 3873 und
2141 3830 2281 3873 ihrer
2317 3828 2770 3881 Vernandlungen,
2793 3824 2840 3869 11
2865 3824 3142 3879 [sulzbach

672 3898 812 3951 18291,
833 3899 1079 3952 313-321)...
1098 3898 1529 3953 Banna-suenone,
1552 3903 1585 3944 l.
1610 3914 1671 3955 c.,
1694 3913 1811 3955 pag.
1829 3903 1927 3957 453,
1951 3909 2127 3947 annot.
2157 3903 2199 3946 3.

750 3970 773 4003 ¹⁵
832 3970 972 4015 Haec
1004 3971 1257 4017 Polancus
1278 3973 1562 4027 desumpsit
1596 3986 1661 4016 ex
1684 3975 1881 4019 litteris
1915 3973 2126 4018 Hem-ici
2161 3973 2509 4024 Schweicker,
2541 3972 2750 4016 Alberti
2779 3970 2844 4026 V,
2877 3969 3142 4014 Bavariae

667 4042 826 4087 Ducis
860 4042 1141 4087 Secretarii
1162 4078 1172 4097 ,
1204 4046 1273 4087 ad
1306 4044 1571 4089 canisium
1598 4046 1735 4090 datis
1768 4045 2039 4090 Monachio
2072 4047 2144 4099 [?]
2166 4047 2193 4090 7
2213 4045 2389 4090 Martii
2421 4046 2571 4100 hujus
2607 4044 2724 4087 anni
2751 4043 2871 4097 1552,
2893 4042 2979 4085 ubi
3009 4042 3140 4085 haec

668 4117 925 4169 leguntur:
942 4116 1076 4168 “Ego
1098 4116 1147 4159 in
1171 4118 1409 4169 proxima
1426 4117 1567 4160 dieta
1584 4118 1896 4171 provinciali
1914 4116 2253 4161 Laudehutae
2275 4116 2456 4160 habita
2475 4114 2735 4159 concitavi
2753 4114 2879 4157 mihi
2895 4123 3138 4167 magnum

661 4186 832 4229 odium
854 4186 989 4240 apud
1022 4188 1220 4231 nobiles
1254 4188 1407 4243 hujus
1443 4190 1761 4243 provinciae.
1785 4187 1912 4232 Cum
1935 4190 2068 4233 enim
2090 4189 2187 4243 ipsi
2217 4190 2354 4243 apud
2387 4187 2697 4242 principem,
2721 4196 2872 4239 quem
2903 4184 3138 4228 sciebant

662 4259 836 4312 inopia
867 4270 1187 4303 nummorum
1223 4261 1483 4309 laborare.
1504 4261 1640 4305 serio
1672 4260 2048 4314 efflagitassent
2083 4262 2300 4305 liberam
2320 4258 2710 4304 Lutheranismi
2745 4256 3134 4313 professionem,

661 4332 899 4384 princeps
920 4342 1021 4374 una
1042 4342 1157 4375 cum
1179 4331 1391 4375 doctore
1412 4332 1588 4377 Hundt
1612 4332 1773 4376 etiam
1796 4344 1877 4376 me
1900 4333 2135 4378 adhibuit
2155 4334 2208 4376 in
2227 4332 2494 4376 consilium
2515 4338 2567 4374 et
2596 4330 2809 4385 impiam
2828 4327 3133 4383 petitionem

660 4403 865 4455 penitus
886 4405 1125 4457 explosit.
1142 4404 1363 4457 Culpam
1384 4406 1623 4459 rejiciunt
1645 4406 1695 4448 in
1722 4404 1917 4449 Canem
1936 4414 2092 4460 atque
2115 4416 2211 4449 me.
2232 4405 2431 4448 Verum
2455 4416 2545 4447 nos
2567 4412 2751 4458 parum
2771 4401 3004 4445 facimus.

739 4473 1011 4529 „Princeps
1035 4487 1141 4529 ipse
1165 4483 1275 4519 tam
1298 4476 1472 4520 firmus
1492 4484 1648 4531 atque
1670 4485 1918 4521 constans
1939 4484 2018 4521 est
2039 4477 2089 4520 in
2113 4478 2362 4530 religione
2381 4474 2670 4519 orthodoxa
2689 4480 2846 4527 atque
2868 4470 3132 4515 catholica

658 4552 716 4589 ut
736 4546 863 4589 nihil
882 4557 1057 4599 supra.
1080 4546 1253 4591 Nostri
1278 4556 1358 4592 est
1380 4549 1529 4592 officii
1547 4581 1557 4597 .
1580 4556 1635 4592 ut
1659 4548 1823 4593 Deum
1846 4560 2132 4604 precemur,
2153 4550 2286 4604 quod
2315 4549 2366 4592 in
2396 4559 2460 4591 ea
2487 4546 2750 4591 sententia
2778 4546 3132 4598 perseveret...

657 4616 1081 4669 Emonam-nona.
1104 4618 1137 4661 l.
1159 4630 1221 4671 c.,
1238 4630 1359 4674 pag.
1380 4620 1476 4672 1153,
1495 4620 1578 4674 qui
1602 4621 1865 4674 sapienter
1882 4621 2071 4665 subdit:
2089 4620 2413 4664 “Sacchinus
2435 4618 2530 4670 (De
2552 4618 2664 4662 vita
2687 4614 2897 4663 Canisii,
2917 4624 3038 4667 pag·-
3057 4612 3131 4665 93)

654 4688 790 4732 hunc
808 4691 977 4734 locum
998 4689 1134 4733 haud
1164 4698 1307 4733 recte
1332 4691 1671 4746 interpretari
1693 4693 1919 4747 videtur,
1942 4704 2058 4737 cum
2078 4692 2281 4737 scribit:
2307 4690 2564 4735 «Causam
2585 4689 2823 4743 repulsae
2857 4688 2906 4730 in
2930 4684 3133 4728 Cance-
