3742 5392
1657 482 1784 541 Aa.
1829 482 1969 541 1554
2944 482 3046 541 351

570 630 892 694 'laborem
912 646 1117 693 suum
1134 629 1570 707 solabantur,
1597 637 1664 691 et
1687 636 1955 691 matres
1979 626 2169 691 domi
2186 626 2334 707 jam
2354 628 2507 689 sine
2534 626 2793 691 rubore
2818 645 2862 691 a
2888 627 3049 691 filiis

568 753 758 817 quae
789 736 1218 815 ignorabant
1249 735 1734 801 addiscebant.

693 843 834 907 749.
921 844 1158 907 Mores
1187 844 1400 908 etiam
1431 842 1828 923 juventutis
1859 842 1949 905 ab
1990 842 2099 905 his
2130 840 2457 905 Patribus
2483 840 2878 921 vdiligenter
2916 840 3033 903 ad-

565 949 702 1029 juti
735 959 922 1027 sunt,
955 948 1319 1031 pejerandi
1349 960 1471 1013 aut
1501 951 1684 1013 male
1713 947 2001 1029 J'urandi
2032 966 2201 1012 usus
2238 966 2419 1028 pene
2462 948 2803 1011 sublatus.
2860 946 3041 1011 Tam

573 1058 774 1121 multi
805 1067 1042 1121 autern
1081 1066 1340 1121 octavo
1387 1074 1666 1137 quoque
1711 1057 1824 1121 die
1876 1073 2162 1119 mensae
2214 1055 2611 1119 dominicae
2654 1053 3039 1134 participa-

573 1165 766 1243 bant,
800 1174 876 1227 ut
906 1180 1048 1245 qua
1077 1164 1190 1227 die
1221 1164 1814 1228 communicaturi
1845 1171 2107 1241 essent,
2135 1161 2468 1225 brevibus
2488 1178 2733 1225 eorum
2762 1159 3039 1225 confes-

569 1270 886 1335 sionibus
909 1270 1301 1349 audiendis,
1335 1272 1462 1334 vix
1490 1272 1718 1335 nostri
1747 1269 2167 1333 confessarii
2197 1267 2632 1347 sufficerent;
2666 1268 3045 1348 spirituali-

565 1378 700 1441 bus
731 1387 968 1441 autem
998 1379 1356 1442 exercitiis
1385 1377 1586 1441 multi
1617 1376 2181 1441 instruebantur:
2214 1376 2397 1439 inter
2428 1384 2754 1439 caeteros
2806 1385 3045 1439 autem

561 1486 986 1549 mercatoris
1026 1484 1395 1565 cujusdam
1435 1485 1734 1565 insignis
1777 1484 1908 1547 fuit
1958 1482 2353 1563 profectus,
2400 1500 2609 1563 quem
2647 1482 3045 1547 meditatio-

565 1610 738 1655 num
766 1602 1178 1656 sanctarum
1208 1608 1379 1656 usus
1409 1594 1482 1655 in
1513 1608 1850 1671 magnam
1880 1590 2017 1654 Dei
2046 1600 2258 1671 atque
2281 1591 2393 1655 sui
2415 1590 2898 1669 cognitionem
2922 1590 3041 1653 ad·

559 1699 800 1763 duxit:
834 1718 924 1763 ex
955 1700 1066 1763 his
1095 1710 1336 1763 autem
1373 1701 1590 1779 aliqui
1629 1699 2105 1779 expectabant
2137 1697 2212 1761 P.
2248 1698 2612 1777 Baptistae
2652 1697 3043 1762 adventum

569 1806 740 1869 utin
768 1805 1198 1870 Societatem
1227 1824 1303 1869 se
1335 1806 1612 1870 admitti
1639 1807 1729 1869 ab
1753 1823 1836 1868 eo
1862 1806 2323 1885 postularent,
2354 1814 2423 1867 et
2446 1802 2793 1884 quosdam
2824 1804 3038 1884 majo-

565 1908 664 1976 ris
693 1914 1207 1993 expectationis
1238 1914 1554 1991 admisit,
1588 1914 1745 1976 aliis
1777 1912 1969 1975 aliud
2000 1912 2192 1975 vitae
2222 1928 2451 1990 genus
2474 1911 2855 1975 tenendum
2877 1928 3039 1973 cen-

566 2021 729 2095 suit,
765 2022 944 2083 alios
973 2022 1234 2084 diutius
1265 2019 1669 2101 probandos
1691 2019 2158 2084 existimavit.

685 2127 828 2190 750.
914 2127 1170 2191 Primis
1198 2128 1364 2211 Julii
1395 2129 1656 2191 mensis
1688 2127 1933 2190 diebus
1964 2127 2277 2189 cessavit
2330 2124 2652 2189 Gandiae
2696 2126 3039 2189 exercita-

562 2236 664 2297 ·tio
692 2236 814 2298 illa
844 2235 1278 2315 quotidiana,
1331 2252 1570 2297 mense
1607 2234 1868 2297 Martio
1917 2234 2271 2309 inchoata,
2309 2232 2742 2295 christianae
2782 2232 3041 2295 doctri-

560 2358 721 2420 nae,
756 2342 1088 2421 quamvis
1117 2342 1190 2405 in
1220 2341 1686 2419 hebdomada,
1719 2359 1809 2404 ne
1849 2340 2461 2415 obliviscerentur,
2490 2339 2598 2401 bis
2620 2340 2837 2402 etiam
2872 2347 3041 2402 tunc

560 2448 970 2513 docebatur.
1014 2449 1194 2512 Tam
1225 2459 1462 2513 autem
1492 2449 1622 2512 fuit
1658 2449 1838 2513 haec
1868 2448 2216 2511 institutio
2246 2456 2467 2525 grata,
2496 2448 2777 2526 populo,
2830 2457 2903 2509 ut
2944 2446 3043 2509 illi

561 2558 800 2635 etiam,
836 2558 955 2637 qui
973 2574 1228 2637 parum
1257 2555 1596 2620 Societati
1621 2556 1818 2637 prius
1841 2555 2087 2618 favere
2110 2554 2559 2631 videbantur,
2590 2555 2799 2632 longe
2822 2554 3041 2615 aliurn

555 2665 878 2727 animum
897 2662 1046 2743 jam
1093 2681 1266 2743 prae
1304 2682 1380 2726 se
1419 2663 1717 2741 ferrent;
1759 2672 1829 2725 et
1867 2662 2171 2742 populus
2213 2661 2507 2741 optabat
2561 2670 2843 2723 centum
2876 2670 3041 2723 ante

558 2787 789 2833 annos
819 2770 1214 2849 Collegium
1243 2771 1676 2847 inchoatum,
1710 2778 1779 2832 et
1807 2768 1961 2847 ejus
1988 2767 2346 2831 fundatori
2370 2768 2604 2831 omnia
2627 2766 2861 2831 felicia
2884 2785 3039 2847 pre-

556 2878 930 2941 cabantur.
978 2876 1196 2941 Pauci
1247 2888 1484 2940 autem
1527 2896 1616 2940 ex
1657 2876 1897 2957 pueris
1936 2876 2188 2955 reliqui
2218 2875 2524 2952 fuerunt,
2574 2874 2695 2953 qui
2726 2874 3035 2937 catechi-

559 3003 792 3049 smum
820 3003 964 3049 non
993 2986 1388 3065 didice1·int;
1422 2995 1490 3048 et
1521 2984 1893 3049 accidebat
1932 2982 2239 3046 infantes
2270 2982 2482 3045 trium
2505 2998 2887 3059 annorum,
2918 2981 3037 3061 qui

561 3093 876 3157 nondum
899 3094 1088 3173 loqui
1103 3094 1446 3173 sciebant,
1466 3093 1833 3156 cantillare
1857 3101 2097 3155 tamen
2122 3089 2583 3154 christianam
2611 3089 3032 3169 doctrinam,

561 3210 632 3263 et
663 3201 827 3281 quia
859 3202 1102 3263 suavis
1132 3210 1284 3264 erat
1314 3212 1545 3278 tonuS,
1581 3201 1653 3263 in
1692 3216 1829 3279 quo
1860 3198 2297 3275 tradebatur,
2332 3196 2539 3259 facile
2569 3197 2747 3259 alios
2780 3205 3036 3261 cantus

559 3306 903 3387 profanos
931 3326 974 3370 a
1011 3309 1267 3387 populo
1311 3307 1635 3387 fugabat:
1681 3306 1883 3369 multi
1922 3314 2161 3367 autem
2200 3303 2286 3366 de
2331 3305 2615 3383 populo,
2660 3304 2782 3383 qui
2830 3304 2949 3365 vel
2992 3321 3035 3366 a

559 3416 825 3478 nostris
855 3416 970 3478 vel
999 3432 1039 3477 a
1069 3415 1309 3493 pueris
1335 3414 1796 3477 christianam
1826 3410 2225 3475 doctrinam
2266 3409 2697 3489 didicerant,
2734 3410 3034 3473 affirma-

555 3524 728 3585 bant
759 3540 834 3585 se
863 3538 1248 3601 numquam
1280 3521 1707 3599 cognovisse
1728 3518 1897 3600 quid
1920 3528 2107 3582 esset
2130 3518 2593 3581 christianum
2625 3522 2783 3579 e'sse
2811 3534 3033 3597 usque

553 3630 650 3692 ad
681 3630 850 3692 illud
881 3639 1177 3707 tempus.
1213 3628 1608 3692 Accidebat
1646 3636 1885 3691 autem
1916 3627 1987 3690 in
2020 3626 2257 3688 multis
2300 3624 2626 3687 domibus
2659 3625 2901 3704 populi
2933 3634 3030 3701 ut,

557 3737 794 3799 multis
833 3738 1071 3816 pueris
1115 3753 1199 3798 ac
1250 3736 1500 3815 puellis
1541 3734 2036 3814 congregatiS,
2092 3734 2327 3813 aliquo
2377 3748 2761 3812 puerorum
2803 3731 3033 3795 officio

557 3844 882 3923 magistri
923 3844 1291 3922 fungente,
1345 3843 1734 3906 christiana
1774 3842 2099 3904 doctrina
2130 3858 2295 3903 cum
2334 3849 2713 3919 parentum
2764 3855 3029 3919 magno

555 3954 900 4032 applausu
943 3960 1012 4014 et
1050 3951 1320 4013 laetitia
1349 3959 1747 4013 caneretur.
1781 3947 2299 4011 perveniebant
2325 3947 2709 4027 aliquando
2740 3946 2833 4009 ad
2864 3963 3029 4026 qua-

549 4058 968 4137 dringentos
999 4058 1070 4121 hi
1094 4058 1314 4137 pueri,
1343 4059 1461 4137 qui
1492 4056 2115 4136 congregabantur
2147 4056 2219 4117 in
2235 4053 2560 4133 collegi0,
2591 4053 2779 4133 quod
2809 4054 2881 4115 in
2910 4070 3028 4133 po-

554 4168 720 4245 pulo
751 4184 894 4229 non
921 4182 1186 4247 magno
1217 4182 1360 4227 non
1389 4181 1641 4245 parum
1673 4173 1846 4226 erat.
1884 4162 2345 4225 Accusabant
2385 4170 2623 4224 autem
2654 4170 2902 4223 mutuo
2949 4176 3026 4222 se

554 4274 747 4355 ipsos
773 4274 1008 4354 pueri,
1043 4274 1104 4337 si
1132 4272 1300 4354 quid
1333 4289 1707 4353 perperam
1750 4270 2096 4333 dixissent
2139 4270 2257 4331 vel
2300 4268 2651 4348 egissent,
2706 4268 3025 4347 praemia

549 4398 724 4445 vero
753 4380 1116 4461 proposita
1147 4380 1520 4444 dominicis
1549 4388 1618 4442 et
1647 4378 1846 4442 festis
1878 4378 2124 4440 diebus
2154 4376 2315 4449 illis,
2350 4376 2473 4455 qui
2502 4374 2753 4438 melius
2792 4375 3025 4437 cathe-

548 4488 900 4552 chismum
931 4486 1363 4567 didicissent,
1397 4487 1672 4550 rosaria
1695 4486 1967 4550 scilicet
1989 4484 2103 4547 vel
2126 4484 2225 4564 pii
2246 4483 2429 4561 libri,
2459 4484 2758 4545 multum
2780 4498 3027 4544 eorum

550 4596 830 4658 animos
860 4595 1304 4659 excitabant:
1335 4595 1462 4657 sed
1483 4604 1631 4657 tam
1661 4593 1860 4655 multi
1890 4592 2070 4654 bene
2101 4590 2523 4663 didicerant,
2553 4597 2627 4650 ut
2650 4587 3025 4667 aliquoties

547 4703 1010 4783 septuaginta
1041 4711 1111 4766 et
1142 4704 1508 4779 octoginta
1539 4702 1753 4765 etiam
1783 4698 2101 4781 praemia
2132 4696 2283 4761 dari
2318 4702 2703 4774 oporteret.
