3742 5392
1614 445 1740 503 ΑΝ.
1791 444 1929 502 1554
2934 443 3017 504 33

537 605 957 658 autumnum
1006 593 1282 657 censuit
1331 591 1753 672 principium
1805 590 2012 672 huJus
2061 590 2345 670 collegii
2394 589 2853 674 rejiciendum
2880 639 2895 667 ,
2927 601 3007 652 ut

541 713 740 778 tune,
774 701 892 764 vel
921 700 1296 780 expeditus
1325 696 1401 761 P.
1435 698 1725 778 Laynez
1751 697 2143 776 Florentia,
2176 699 2293 760 vel
2321 697 2397 760 P.
2434 695 2803 761 Salmeron
2822 743 2838 776 ,
2872 695 3005 761 Ge·

539 825 758 872 nuam
800 825 964 870 cum
1011 823 1198 869 novo
1249 806 1553 884 collegio
1601 805 1914 880 veniret,
1975 806 2162 885 quod
2213 805 2566 885 deputatis
2624 804 3009 885 probatum

543 924 652 977 est
696 914 736 992 ¹;
771 913 1101 993 quamvis
1151 929 1395 976 eorum
1446 910 1870 976 desiderium
1922 912 2092 976 illud
2143 911 2393 976 fuisset
2422 930 2511 975 ne
2547 911 2710 974 inde
2741 909 2952 974 Pater
2982 910 3013 940 ²

544 1021 931 1098 recederet,
966 1029 1035 1083 et
1064 1019 1460 1100 Episcopus
1489 1018 1986 1098 suffraganeus
2016 1017 2061 1098 ⁵,
2095 1036 2241 1082 non
2271 1019 2501 1082 solum
2538 1028 2828 1099 propter
2868 1017 3007 1080 fru-

545 1139 738 1192 ctum
769 1129 952 1190 inter
983 1127 1378 1190 catholicos
1407 1125 1560 1207 eJus
1590 1125 2068 1206 praesentiam
2098 1126 2497 1205 expetebat,
2530 1125 2657 1188 sed
2686 1125 2853 1206 quia
2883 1125 3009 1188 ini·

544 1235 772 1298 micus
801 1233 1076 1297 zizania
1106 1234 1458 1296 seminare
1509 1234 1582 1295 in
1635 1249 1813 1312 agro
1861 1233 2209 1311 genuensi
2259 1242 2627 1312 coeperat;
2684 1241 2753 1296 et
2808 1232 3009 1294 initio

543 1340 713 1420 Maji
745 1357 896 1418 sex,
929 1339 1049 1417 qui
1077 1339 1502 1419 deprehensi
1531 1338 1845 1416 fuerant,
1882 1338 2226 1419 abjuratis
2256 1339 2654 1418 erroribuS,
2689 1338 2779 1402 ad
2808 1340 3015 1402 trire—

543 1463 696 1511 mes
721 1445 1043 1509 damnati
1071 1445 1379 1522 fuerunt,
1414 1446 1531 1525 qui
1562 1445 1844 1537 Calvini
1874 1443 2245 1525 perfidiam
2274 1446 2775 1526 sequebantur.

665 1553 770 1616 46.
853 1553 1267 1617 Accedebat
1299 1553 1514 1616 etiam
1543 1550 1730 1633 quod
1754 1601 1768 1630 ,
1803 1570 1965 1615 cum
2006 1552 2081 1615 P.
2130 1551 2419 1632 Laynez
2464 1564 2715 1617 contra
2764 1571 3005 1617 usura·

547 1662 692 1725 rios
750 1671 1161 1723 contractus
1213 1659 1400 1723 serio
1450 1659 1916 1722 concionatus
1966 1657 2237 1738 fuisset,
2300 1660 2636 1723 commoti
2685 1659 3011 1740 primarii

549 1769 750 1834 cives
806 1767 1287 1848 promiserunt
1345 1765 1796 1845 suffraganeo
1847 1783 1932 1828 ac
1984 1765 2279 1829 Vicario
2327 1764 2876 1846 Archiepiscopi
2930 1783 3017 1830 se

553 1874 975 1956 quibusdam
1031 1872 1551 1935 mercatoribus
1613 1872 2040 1935 auctoritate
2097 1869 2248 1950 ejus
2306 1872 2732 1953 reipublicae
2789 1873 3015 1952 injun-

551 1992 795 2044 cturos
845 1997 1002 2043 esse
1054 1991 1130 2042 ut
1181 1979 1494 2042 rationes
1543 1995 1836 2042 suorum
1886 1968 2393 2042 contractuum'
2428 1980 2887 2059 explicarent,
2942 1991 3017 2042 et

555 2088 987 2167 theologiae
1035 2085 1424 2166 jurisperiti
1475 2095 2092 2164 congregarentur
2140 2095 2217 2148 ut
2266 2086 2352 2148 de
2402 2085 2802 2165 huJusmodi
2854 2103 3012 2150 con·

555 2195 904 2258 tractibus
935 2193 1104 2273 quid
1149 2193 1418 2256 licitum
1449 2202 1668 2269 esset,
1717 2193 1883 2272 quid
1936 2199 2219 2270 contra,
2263 2191 2749 2256 decernerent.
2788 2193 3016 2257 Bono-

559 2303 754 2368 niam
783 2299 809 2332 ⁴
837 2302 1056 2365 etiam
1083 2301 1362 2364 mittere
1395 2317 1604 2362 casus
1635 2299 1792 2362 illos
1821 2299 2073 2362 dubios
2104 2297 2599 2377 decreverunt,
2628 2310 2721 2376 et,
2753 2300 3021 2364 discus—

557 2411 756 2473 sione
787 2426 913 2489 per
944 2408 1318 2486 theologos
1348 2407 1443 2469 ibi
1470 2406 1685 2484 facta,
1711 2423 1861 2468 rem
1886 2415 2111 2468 totam
2133 2405 2224 2468 ad
2246 2403 2501 2470 Sedem
2523 2407 3017 2487 Apostolicam

555 2515 853 2594 adferri,
885 2525 964 2578 ut
993 2531 1124 2576 sua
1155 2514 1578 2577 auctoritate
1610 2513 1776 2594 quid
1807 2513 2075 2575 licitum
2105 2523 2323 2591 esset,
2368 2514 2536 2593 quid
2576 2525 2828 2577 contra
2866 2531 3021 2577 rem

557 2632 782 2687 totam
835 2621 1181 2686 definiret.
1239 2620 1417 2684 Cum
1469 2629 1704 2683 autem
1754 2618 1830 2683 Ρ.
1883 2621 2173 2700 Laynez
2228 2619 2302 2683 in
2350 2620 2753 2701 h'ujusmodi
2808 2621 3021 2684 rebus

556 2730 768 2793 valde
821 2738 1182 2806 versatuS,
1236 2738 1305 2790 et
1343 2727 1635 2790 subtiles
1675 2727 1887 2790 etiam
1931 2727 2369 2790 cambiorum
2406 2737 2475 2790 et
2512 2729 2814 2792 aliorum
2854 2745 3017 2791 con·

557 2847 914 2900 tractuum
942 2835 1163 2898 tricas
1192 2835 1453 2897 callere
1482 2833 1875 2913 videretur,
1910 2832 2001 2896 ad
2032 2849 2333 2896 examen
2371 2834 2587 2898 etiam
2624 2833 3027 2914 hujusmodi

559 2952 1056 3007 contractuum
1087 2959 1250 3005 eum
1277 2942 1583 3022 retinere
1613 2941 1823 3002 valde
1863 2940 2244 3019 cupiebant
2282 2939 2327 3000 ³.
2366 2940 2532 3005 Alia
2562 2943 2805 3021 etiam,
2838 2960 3019 3022 quae

561 3051 827 3114 utiliter
863 3049 937 3113 in
973 3048 1563 3128 quadragesimae
1613 3047 2074 3110 concionibus
2124 3057 2620 3128 suggesserat,
2661 3050 2860 3113 cives
2904 3066 3025 3128 ge·

647 3327 664 3362 ί
721 3325 831 3370 “En
849 3325 1066 3370 Genovn
1087 3329 1136 3369 el
1159 3326 1212 3370 P.
1234 3324 1384 3368 Mtro.
1407 3325 1618 3379 Laynez
1649 3325 1859 3378 quet-ria
1898 3324 2136 3378 predicar
2169 3324 2300 3368 cada
2332 3325 2417 3368 dia
2448 3333 2563 3370 esta
2592 3337 2867 3380 quaresma
2896 3341 2930 3384 y
2959 3341 3027 3372 no

561 3400 740 3454 pienso
761 3409 818 3441 se
837 3398 888 3442 io
908 3397 1205 3441 consentini
1225 3396 1269 3441 N
1276 3403 1374 3441 tro.
1397 3396 1566 3440 Padre
1588 3395 1639 3439 ni
1659 3398 1772 3439 mas
1793 3396 1856 3438 de
1878 3403 1987 3438 tres
2008 3407 2162 3439 veces
2181 3397 2235 3440 la
2253 3407 2481 3440 semana.
2505 3395 2569 3441 El
2588 3401 2767 3442 catara
2796 3410 2891 3453 por
2917 3402 3029 3444 alin.

563 3471 718 3515 hasta
737 3470 938 3524 pasada
957 3479 1238 3524 quaresma
1257 3481 1292 3524 y
1313 3469 1534 3522 despues
1555 3479 1610 3510 se
1633 3467 1764 3511 hace
1785 3475 1975 3511 cuenta
1998 3479 2095 3522 que
2120 3467 2183 3511 V.
2204 3467 2267 3510 R.
2288 3479 2342 3511 se
2364 3479 2536 3522 venga
2554 3481 2651 3524 por
2668 3470 2835 3515 Roma
2848 3485 2883 3528 y
2899 3483 3029 3525 pase

561 3546 594 3586 a
614 3541 849 3594 Genova,
870 3541 1183 3585 hublendose
1207 3542 1343 3584 visto
1363 3551 1459 3583 con
1480 3551 1540 3583 su
1559 3540 1747 3584 amado
1768 3538 1921 3582 Mtro.
1944 3537 2135 3592 Simon,
2158 3551 2191 3593 y
2214 3551 2310 3593 que
2328 3543 2439 3584 este
2456 3543 2505 3584 el
2522 3553 2717 3585 verano
2734 3553 2797 3586 en
2818 3545 3029 3597 aqueila

559 3615 749 3659 ciudnd
770 3613 1124 3657 enderezando
1145 3614 1194 3656 el
1217 3624 1385 3656 nuevo
1405 3614 1604 3665 colegno
1626 3623 1722 3666 que
1745 3623 1800 3654 se
1821 3612 2042 3654 enviara
2056 3621 2188 3666 para
2204 3617 2449 3656 entonces
2468 3616 2497 3656 ό
2518 3625 2647 3667 poco
2664 3620 2830 3668 antes,
2846 3628 2881 3671 y
2895 3627 3019 3669 para

564 3687 611 3730 el
631 3685 866 3730 invierno
885 3695 940 3728 ee
964 3685 1126 3739 podra
1147 3692 1330 3728 tornar
1350 3683 1414 3728 V.
1433 3683 1495 3727 R.
1527 3687 1560 3728 a
1583 3683 1806 3738 Napoles
1824 3716 1835 3736 ,
1869 3693 2033 3738 segun
2066 3694 2122 3726 se
2158 3693 2227 3726 va
2262 3683 2622 3740 diseilando...„
2655 3685 2925 3739 Polaticus,
2956 3700 3031 3731 ex

564 3769 716 3810 com„
737 3757 880 3800 Patri
906 3756 1171 3811 Alphonso
1192 3755 1479 3809 Salmeron,
1503 3755 1554 3799 14
1572 3755 1806 3808 januarii
1827 3756 1947 3798 1554.

647 3829 670 3860 ²
723 3827 955 3884 Laynez.

647 3901 670 3932 δ
725 3899 1010 3944 Genuensia
1044 3900 1484 3954 Archlepiscopus
1526 3906 1642 3944 erat
1679 3899 2026 3957 Hieronymus
2058 3901 2219 3946 Sauli.
2258 3901 2381 3954 Quis
2414 3908 2593 3946 autem
2626 3903 2707 3946 hic
2740 3901 3033 3958 Episcopus

567 3971 951 4026 Sum-agamus,
974 3971 1234 4020 vicarius.
1253 3978 1409 4022 esset.
1433 3982 1532 4016 non
1553 3973 1838 4026 reperimus
1857 3985 1868 4025 ;
1894 3983 2057 4027 neque
2079 3973 2145 4017 ad
2167 3973 2219 4017 id
2239 3980 2384 4018 certo
2415 3975 2749 4018 statuendum
2776 3975 3031 4020 sufficiunt

563 4044 672 4098 illa,
693 4054 828 4097 quae
847 4047 1100 4086 enarrata
1121 4049 1240 4086 sunt
1261 4043 1312 4086 in
1335 4043 1526 4086 cartas
1546 4042 1612 4086 de
1636 4041 1747 4085 San
1769 4042 2006 4096 Ignacto,
2026 4050 2065 4088 t.
2086 4054 2159 4094 ιιι,
2182 4056 2302 4100 pag.
2323 4045 2419 4096 231,
2445 4052 2621 4088 annot.
2642 4045 2685 4098 3,
2708 4051 2759 4089 et
2783 4057 2903 4101 pag.
2928 4047 3029 4102 322,

565 4122 738 4158 annot.
759 4113 800 4166 2,
823 4119 878 4157 et
896 4120 1021 4158 tom.
1043 4125 1114 4165 ιν,
1135 4125 1242 4168 pag·
1279 4114 1370 4166 170,
1393 4121 1566 4159 annot.
1591 4115 1633 4159 2.
1656 4112 1839 4158 Causis
1859 4123 2034 4158 autem
2054 4116 2368 4160 confusionis
2384 4149 2395 4169 ,
2419 4127 2551 4171 quae
2573 4117 2625 4160 in
2646 4117 2709 4161 iis
2732 4117 2857 4162 locis
2877 4131 3035 4174 expo-

566 4193 771 4235 nuntur.
795 4187 928 4230 hanc
947 4197 1134 4230 novam
1157 4187 1416 4240 addimus,
1453 4187 1506 4230 in
1543 4185 1772 4240 Regeseo
1807 4187 2120 4230 litterarum
2158 4187 2346 4232 Sancti
2377 4188 2602 4242 Ignatii,
2622 4190 2727 4233 vol.
2766 4191 2807 4240 1.
2836 4203 2899 4232 ex
2934 4203 3037 4246 quo

569 4265 930 4312 transumptae
951 4263 1070 4302 sunt
1094 4259 1303 4302 litterae
1323 4259 1496 4303 editae
1518 4259 1570 4302 in
1593 4259 1784 4302 Cartas
1803 4259 1870 4301 de
1892 4259 2002 4302 San
2024 4259 2262 4313 lgnacto,
2284 4264 2321 4304 t.
2342 4271 2425 4316 m,
2448 4272 2568 4315 pag.
2598 4261 2681 4304 437
2700 4268 2753 4306 et
2771 4262 2855 4306 322
2870 4296 2881 4313 .
2904 4264 3031 4307 scri-

571 4335 714 4384 ptum
735 4341 848 4374 esse
867 4341 968 4374 non
985 4335 1087 4385 per
1107 4331 1148 4372 il
1181 4329 1404 4375 Vescovo
1425 4331 1486 4374 dt·
1505 4329 1673 4383 Calvi,
1693 4337 1749 4374 ut
1769 4333 2010 4385 legerunt
2043 4331 2208 4376 Boero
2244 4340 2297 4378 et
2330 4333 2695 4388 leargarate,
2732 4345 2825 4378 nec
2856 4341 2959 4389 per
2995 4337 3037 4379 il

584 4399 808 4446 Vescovo
825 4402 887 4444 aa·
907 4401 1136 4452 Cavorlt‘,
1151 4407 1212 4445 nt
1231 4403 1360 4456 legit
1379 4401 1668 4456 Orlandini,
1689 4413 1722 4446 a
1743 4415 1841 4456 quo
1867 4403 2205 4447 Caborlensis
2229 4403 2511 4459 Episcopus
2527 4407 2824 4460 appellatur
2843 4407 2927 4450 hic
2950 4406 3041 4452 Vi·

573 4472 758 4526 carius,
779 4473 872 4516 sed
889 4477 994 4526 per
1012 4471 1056 4514 u
1085 4471 1307 4516 Vescovo
1327 4473 1389 4515 dt·
1411 4471 1644 4517 Carvolt'.

651 4544 677 4577 ⁴
727 4543 1064 4588 Bononiensis
1083 4543 1416 4588 Universitns
1436 4545 1609 4589 studio
1631 4547 1943 4599 praesertim
1961 4547 2093 4601 jnris
2116 4555 2222 4591 tum
2245 4549 2417 4592 civilis
2437 4554 2547 4592 tum
2582 4551 2926 4596 ecclesiastici
2948 4565 3040 4597 seu

579 4616 812 4659 canonici
835 4617 1060 4660 maxime
1083 4616 1293 4660 claruit.

657 4687 680 4720 ⁸
735 4687 866 4732 Vide
889 4687 1044 4742 infra,
1061 4699 1107 4733 n.
1127 4689 1198 4732 48.

867 4777 945 4836 Τ.
979 4795 1057 4833 ιν.
2726 4801 2754 4856 3
