3742 5392
1625 508 1752 568 ΑΝ.
1797 510 1939 568 1554
2938 511 3023 568 03

531 664 862 736 possent,
915 656 1136 719 multo
1189 655 1707 736 frequentiores
1753 657 2077 722 homines
2130 659 2222 722 ad
2268 657 2647 720 ecclesiam
2686 666 3009 720 nostram

529 761 906 826 Ferrariae
957 764 1340 827 convenire
1393 773 1812 846 coeperunt;
1845 765 1970 828 sed
2000 765 2167 846 quia
2206 765 2343 828 hoc
2382 781 2571 826 anno
2610 763 2896 826 domum
2938 773 3009 826 et

533 870 912 935 ecclesiam
954 871 1318 950 propriam
1357 871 1622 934 habere
1651 872 1877 936 nostri
1915 872 1975 936 F
1977 871 2294 935 errariae
2332 879 2753 950 coeperunt,
2802 887 2884 934 ea
2925 869 3023 932 de

533 993 616 1040 re
647 976 913 1056 aliquid
943 976 1204 1041 dicam.

662 1083 798 1146 114.
882 1083 1126 1148 Mense
1158 1083 1412 1149 Martio
1442 1085 1794 1149 Dominus
1821 1084 2235 1149 Alexander
2263 1084 2547 1149 Fiaschi
2572 1084 2717 1164 (qui
2744 1082 3015 1147 Hercu-

531 1190 584 1253 li
611 1187 798 1255 Duci
827 1189 1444 1266 familiarissimuS‚
1477 1203 1546 1256 et
1586 1191 1948 1269 Societati,
1982 1203 2059 1256 ut
2088 1192 2256 1256 alibi
2302 1192 2611 1255 diximus
2645 1189 2687 1270 ¹,
2734 1191 3013 1255 amicis·

533 1299 758 1362 simus
786 1299 964 1376 erat)
995 1315 1212 1378 agere
1244 1299 1476 1379 coepit
1506 1315 1668 1362 cum
1695 1298 1773 1362 P.
1815 1297 2191 1363 Pelletario
2231 1300 2368 1363 hac
2406 1298 2493 1363 de
2522 1315 2601 1362 re
2646 1299 2835 1361 serio
2884 1306 2955 1361 et
2985 1297 3012 1328 ²

535 1405 694 1469 aliis
743 1405 818 1468 in
865 1405 1042 1468 locis
1091 1406 1426 1486 collegia,
1469 1415 1629 1487 post
1677 1404 2139 1470 Ferrariense
2189 1405 2439 1482 missa,
2485 1405 2815 1484 proprias
2859 1402 3010 1484 J’am

536 1512 798 1577 habere
841 1511 1094 1576 domus
1117 1560 1132 1590 ‚
1185 1511 1303 1575 ubi
1353 1529 1515 1576 cum
1551 1512 1789 1577 fructu
1835 1514 2237 1576 animarum
2286 1511 2439 1575 Deo
2492 1511 2837 1576 inservire
2888 1509 3013 1575 So-

539 1619 764 1682 cietas
800 1631 1074 1700 posset,
1116 1628 1192 1682 ut
1230 1619 1657 1700 Florentiae,
1707 1629 1873 1698 etc.,
1917 1629 1987 1683 et
2024 1629 2264 1684 tamen
2323 1619 2382 1682 F
2384 1619 2699 1682 errariae
2748 1618 3017 1682 nullam

539 1741 696 1788 esse
747 1724 1148 1806 hujusmodi
1196 1726 1794 1790 commoditatem.
1845 1725 2200 1790 Effectum
2248 1735 2355 1789 est
2398 1741 2571 1806 ergo
2622 1725 2751 1788 sub
2806 1723 3015 1794 finem

539 1830 855 1913 ejusdem
884 1833 1148 1896 mensis
1186 1844 1260 1896 ut
1300 1833 1552 1896 domus
1595 1833 1883 1915 propria
1926 1842 2310 1910 emeretur;
2356 1841 2426 1895 et
2466 1833 3013 1896 instrumentum

541 1939 920 2020 emptionis
959 1940 1370 2022 stipulatum
1409 1952 1546 2021 est;
1595 1941 1687 2003 ad
1726 1939 1927 2021 cujus
1965 1941 2393 2020 emptionem
2430 1939 2595 2003 Dux
2627 1942 3013 2019 eleemosy-

544 2063 710 2110 nam
763 2046 1078 2127 aliquam
1127 2047 1424 2110 contulit
1474 2056 1542 2110 et
1592 2047 1782 2110 mille
1839 2047 2059 2111 libras
2108 2045 2260 2126 ejus
2308 2055 2635 2110 monetae
2694 2043 2719 2075 ⁸
2772 2054 3017 2108 mutuo

547 2151 776 2233 dedit;
828 2154 958 2216 sed
1005 2153 1310 2217 Domina
1362 2153 1591 2219 Maria
1641 2153 1754 2217 del
1802 2154 2005 2236 Jesse
2042 2151 2067 2184 ³
2105 2153 2548 2234 provinciam
2587 2154 2775 2215 hanc
2802 2152 3011 2232 pretii

549 2260 872 2324 solvendi
914 2261 1256 2340 suscepit,
1297 2261 1483 2342 quod
1527 2260 1675 2325 fere
1725 2259 1818 2325 ad
1864 2261 2175 2340 quinque
2216 2260 2435 2324 millia
2478 2259 2819 2323 librarum
2862 2257 3025 2338 eJ'us

543 2374 872 2429 monetae
902 2367 1354 2445 ascendebat,
1387 2376 1458 2430 et
1487 2365 1712 2448 major
1741 2383 1912 2448 pars
1942 2367 2013 2430 in
2044 2375 2413 2430 numerata
2443 2366 2744 2446 pecunia
2772 2365 3041 2428 statim·

543 2482 698 2537 erat
745 2473 1122 2553 solvenda;
1173 2473 1264 2536 ad
1313 2474 1657 2554 reliquam
1705 2473 1973 2555 aliquid
2020 2475 2363 2554 temporis
2408 2482 2516 2537 est
2565 2489 3013 2537 concessum.

545 2579 909 2643 Habitatio
957 2578 1208 2644 domus
1257 2579 1730 2660 quadraginta
1770 2582 2095 2661 personis
2144 2579 2465 2644 sufficere
2508 2579 2584 2644 P.
2638 2579 3013 2644 Pelletario

544 2687 954 2766 videbatur,
1006 2697 1076 2751 et
1125 2688 1376 2767 augeri
1426 2689 1602 2752 situs
1650 2697 1931 2769 poterat
1979 2689 2234 2768 emptis
2281 2687 2539 2751 vicinis
2589 2687 3013 2768 quibusdam

543 2793 988 2858 domunculis
1015 2813 1158 2858 non
1188 2811 1452 2874 magno
1478 2795 1729 2876 pretiO.
1756 2795 2077 2859 Ecclesia
2106 2795 2355 2870 etiam,
2392 2793 2611 2858 Ducis
2635 2795 3013 2858 auctorita-

545 2909 644 2979 te,
679 2900 920 2965 habita
950 2912 1094 2980 est,
1129 2919 1343 2982 quam
1373 2900 1562 2966 Stae.
1605 2899 1876 2965 Mariae
1915 2901 2001 2965 de
2045 2903 2111 2964 la
2150 2899 2343 2964 Rosa
2385 2901 2779 2980 vocabant,
2826 2918 3035 2981 quae-

543 3007 785 3072 domui
833 3007 1213 3088 conjuncta
1256 3019 1409 3072 erat
1453 3007 1500 3073 ⁸.
1556 3008 1911 3091 Ceperunt
1961 3019 2197 3074 autern
2239 3010 2767 3089 possessionem
2804 3009 3026 3090 hujus-

633 3251 646 3284 ¹
707 3249 840 3295 Vide
861 3260 1038 3304 supra,
1059 3257 1098 3295 t.
1120 3261 1173 3298 ιι.
1193 3261 1280 3295 an.
1304 3249 1421 3304 ¹551,
1443 3261 1492 3294 n.
1513 3251 1583 3304 ⁴2,
1605 3262 1726 3306 pag.
1749 3249 1843 3294 186.
1867 3250 2011 3294 Hunc
2034 3250 2393 3294 Alexandrum
2415 3249 2623 3295 Fiaschi
2652 3251 2730 3295 ita
2760 3251 3009 3296 describit

541 3321 756 3366 Nascus
777 3321 1036 3366 Aaroxms
1057 3319 1297 3365 Gustum:
1320 3322 1684 3375 “Alessandro,
1707 3322 1802 3365 che
1823 3321 1875 3365 in
1896 3321 2075 3375 negozi
2097 3321 2147 3364 di
2163 3331 2374 3376 guerra,
2391 3333 2418 3365 e
2434 3322 2485 3366 di
2504 3320 2653 3366 State
2672 3323 2828 3365 riusci
2844 3323 3017 3366 molto·

541 3393 789 3448 prattico,
811 3393 874 3436 ed
893 3393 1190 3437 intendente
1210 3395 1354 3436 servi
1374 3393 1410 3437 il
1434 3392 1578 3436 Ducn
1603 3393 1818 3438 Alfonso
1841 3393 2013 3437 Primo
2028 3426 2040 3446 ,
2064 3391 2283 3436 Hei-cole
2306 3391 2536 3437 Secondo
2553 3427 2563 3440 .
2592 3393 2655 3436 ed
2691 3393 2907 3437 Alfonso
2938 3391 3005 3446 11,

541 3475 638 3520 per
657 3464 974 3518 Cameriero,
997 3463 1268 3520 Coppiere,
1289 3477 1316 3508 e
1337 3463 1690 3519 Magiordomo
1709 3475 1804 3520 per
1822 3465 1859 3509 li
1882 3465 2021 3519 quali
2046 3466 2319 3518 maneggio
2340 3465 2518 3519 negozi
2539 3465 2710 3519 gravi,
2735 3465 2797 3508 ed
2818 3465 3011 3520 impor-

543 3537 698 3581 tanti.
720 3535 798 3580 Fu
820 3535 1186 3580 Commissario
1207 3535 1464 3580 Generale
1485 3538 1618 3580 nelle
1637 3546 1828 3591 guerre
1852 3536 1903 3580 di
1924 3535 2143 3590 Regoeio,
2163 3547 2191 3580 e
2213 3536 2263 3581 di
2286 3536 2490 3581 Parma.
2524 3538 2675 3582 Ande
2706 3535 3009 3580 Ambascia·

435 3653 460 3676 ο
543 3607 669 3650 dore
689 3605 904 3650 sPaolo
923 3604 1015 3659 IV,
1035 3617 1069 3651 a
1091 3605 1296 3661 Filippo
1331 3607 1404 3650 Re
1442 3607 1493 3650 dl
1532 3605 1760 3661 Spagna,
1795 3606 1880 3650 dai
1918 3607 2070 3660 quale
2103 3617 2269 3650 venne
2304 3607 2559 3651 honorato
2595 3607 2733 3650 della
2766 3605 2931 3650 Croce
2960 3606 3022 3650 di.

543 3677 706 3722 Sento
727 3677 871 3732 lngo.
893 3678 960 3722 ad
985 3677 1208 3722 i-ienrico
1231 3677 1303 3722 Re
1324 3679 1374 3722 di
1397 3677 1640 3732 Francis,
1661 3679 1749 3722 all'
1770 3678 2102 3732 Imperadore
2126 3677 2529 3732 Massimigliano
2548 3711 2561 3731 ,
2590 3679 2685 3722 che
2720 3679 2771 3723 lo
2799 3679 3010 3734 privile-

543 3749 646 3804 gio.
668 3750 1108 3804 aggiungendogli
1130 3751 1264 3794 uelle
1284 3763 1428 3795 arme
1449 3749 1622 3794 alcuni
1643 3752 1951 3803 ornamenti,
1972 3751 2079 3794 alia
2096 3750 2382 3805 Republica
2398 3751 2446 3794 di
2463 3751 2706 3805 Vinegia,
2724 3763 2753 3794 e
2773 3751 2823 3794 di
2845 3750 3013 3794 Geno-

541 3833 630 3866 να.
651 3821 730 3866 Fu
751 3823 1018 3866 intitulato
1040 3822 1201 3865 Coute
1221 3822 1306 3865 del
1327 3821 1556 3867 castello
1577 3822 1626 3866 di
1645 3821 1832 3875 Breno,
1849 3823 1934 3866 nei
1950 3821 2225 3866 Melanese.
2249 3822 2399 3866 Audo
2414 3823 2481 3866 ad
2498 3823 2769 3867 incontrar
2785 3822 3025 3868 Henrico·

547 3891 621 3937 Re
645 3893 696 3937 di
717 3893 943 3938 Francia
965 3895 1046 3937 nel
1067 3904 1160 3937 suo
1181 3894 1378 3937 ritorno
1397 3894 1448 3938 di
1471 3893 1701 3947 Polonia,
1722 3895 1822 3938 elo
1853 3895 1999 3938 servi
2030 3895 2123 3938 sin’
2159 3895 2267 3938 alla
2296 3893 2481 3946 Corte,
2511 3895 2643 3939 dove
2675 3895 2719 3938 si
2748 3901 3015 3939 truttenne

545 3970 758 4019 quattro
778 3965 898 4009 anui
919 3964 1298 4009 Ambascindor
1317 3965 1592 4009 residente.
1619 3963 1667 4007 S‘
1689 3965 1903 4010 affatico
1924 3967 2006 4009 nei
2028 3967 2242 4020 negozio
2261 3965 2313 4009 di
2344 3966 2662 4020 precedenza
2688 3972 2773 4010 tra
2806 3965 2843 4009 il
2866 3965 3015 4010 Duca

545 4036 597 4081 di
630 4035 860 4080 Feri-ura
893 4047 921 4079 e
957 4037 1007 4080 di
1043 4035 1261 4080 Firenze
1296 4037 1360 4080 ed
1383 4038 1566 4090 ultro...
1589 4035 1911 4091 compendio
1946 4035 2219 4080 Historico
2258 4036 2398 4080 delle
2434 4037 2618 4081 chiese
2656 4038 2716 4081 ai
2748 4036 3013 4088 Ferrum,

547 4108 637 4153 lib.
659 4118 717 4161 n,
736 4118 860 4162 pag.
879 4108 950 4151 48.

625 4180 647 4212 ¹
701 4178 804 4235 Sic,
823 4191 1006 4224 seusus
1027 4185 1202 4224 tamen
1221 4185 1274 4224 et
1293 4179 1534 4236 syntaxis
1553 4179 1763 4234 exigere
1783 4179 2031 4224 videntur
2050 4187 2107 4224 ut
2126 4179 2267 4224 aliud
2299 4179 2560 4224 inseratur
2581 4183 2799 4225 verbum
2821 4213 2832 4234 ,
2858 4183 3003 4236 puta,

545 4249 752 4302 dolens,
773 4251 1004 4302 mirans,
1023 4251 1381 4305 perspiciens
1401 4257 1491 4294 aut
1514 4249 1636 4305 quid
1653 4249 1838 4294 simile.
1884 4297 1889 4304 ‚

625 4321 650 4354 ⁸
701 4321 936 4366 Monetae
957 4333 989 4365 a
1012 4321 1241 4366 Ducibus
1261 4320 1544 4366 Ferrariae
1561 4331 1657 4377 pro
1677 4321 1784 4364 suis
1804 4319 2084 4366 ditionibus
2104 4333 2275 4366 cusae.

627 4395 653 4428 ⁴
705 4393 815 4449 Sic;
839 4395 974 4438 nlius
995 4394 1174 4438 Gesso.
1406 4435 1424 4442 ,

631 4467 656 4500 ⁸
709 4467 850 4519 Quae
873 4466 934 4510 de
956 4467 1146 4520 templo
1168 4466 1306 4510 delia
1327 4465 1464 4510 Rosa
1484 4471 1535 4508 et
1555 4465 1815 4519 virginum
1834 4463 2080 4508 coenobio
2101 4463 2149 4507 ei
2168 4465 2415 4520 adjuncto
2435 4465 2577 4510 dicta
2594 4470 2731 4521 sunt,
2747 4467 2931 4511 melius
2947 4479 3013 4511 ex

549 4539 880 4594 sequentibus
899 4539 1268 4592 intelligentur:
1289 4535 1399 4581 “Mu
1420 4538 1580 4581 molto
1601 4536 1690 4591 piu
1712 4538 2035 4592 largamente
2058 4547 2286 4580 venneto
2305 4537 2581 4581 sovvenuti
2603 4538 2671 4584 da
2689 4549 2791 4582 una
2804 4540 2880 4582 tal
2902 4538 3011 4584 Ma-

548 4611 628 4656 ria
647 4611 730 4655 del
748 4609 914 4654 Gesso
935 4609 1083 4654 detta
1098 4610 1152 4652 ls
1173 4607 1414 4663 Fattora,
1437 4611 1488 4652 is
1509 4609 1660 4662 quale
1675 4607 1750 4662 gli
1766 4607 2015 4663 providde
2032 4607 2082 4651 di
2102 4618 2239 4661 ease,
2262 4609 2629 4664 suppellettili,
2651 4610 2713 4654 ed
2736 4611 2852 4664 ogn’
2870 4611 3025 4655 altra

548 4694 670 4728 cosa
687 4684 742 4727 nl
762 4683 898 4727 vitto
917 4683 1231 4734 necessaria,
1263 4687 1410 4726 tanto
1439 4681 1536 4724 che
1570 4679 1752 4724 merito
1783 4678 1830 4722 d·
1857 4690 2031 4722 essere
2062 4691 2155 4734 per
2184 4680 2264 4724 cio
2294 4681 2563 4726 nominata
2590 4682 2677 4726 dal
2708 4681 2767 4726 Β.
2802 4681 3015 4736 Ignazio

550 4755 712 4809 prima
732 4754 1022 4798 fundatrice
1044 4761 1128 4796 trs
1148 4752 1198 4797 di
1219 4753 1304 4796 noi
1325 4752 1407 4796 del
1429 4752 1574 4796 detto
1595 4749 1840 4805 Collegio,
1862 4753 1946 4794 nel
1966 4753 2117 4806 quale
2140 4751 2194 4796 vi
2214 4751 2404 4796 rimase
2440 4754 2521 4806 poi
2559 4752 2691 4808 dopo
2727 4755 2777 4798 la
2810 4755 3025 4808 partita
