3742 5392
1749 506 1875 563 An.
1922 505 2061 564 1554
3022 500 3131 559 405

655 652 958 733 Collegii
1016 654 1126 717 vel
1177 654 1336 717 idea
1386 652 1576 716 facta
1629 651 1756 715 fuit
1791 650 1829 729 ¹,
1880 661 1949 714 et
1991 650 2499 714 conventiones
2543 648 2775 712 factae
2824 646 3128 710 Romam

661 760 1130 825 transmissae
1157 758 1440 824 fuerunt
1472 759 1517 821 ⁸.

774 866 919 931 874.
1005 865 1144 931 Sed
1174 866 1730 947 christophorus
1763 866 1848 929 de
1880 865 2225 941 Miranda,
2271 865 2391 945 qui
2418 862 2758 928 Societati
2788 860 3122 926 adversa·

660 976 845 1038 rium
874 991 1155 1054 semper
1193 992 1268 1037 se
1314 973 1770 1053 exhibuerat,
1817 972 2103 1053 scripsit
2153 971 2288 1035 hoc
2334 988 2575 1033 mense
2617 969 2802 1051 Julio
2849 969 3127 1033 litteras

658 1081 1003 1163 quasdam
1035 1081 1241 1145 fratri
1269 1098 1420 1155 su0,
1454 1091 1528 1145 et
1557 1098 1718 1145 cum
1749 1091 1938 1144 esset
1977 1080 2241 1161 alioqui
2270 1080 2381 1143 vir
2422 1078 2708 1157 ingenio
2745 1079 3018 1153 valenS,
3055 1090 3123 1138 et

657 1206 798 1252 non
840 1188 1256 1267 inerudituS,
1302 1189 1484 1252 miro
1525 1187 1824 1252 artificio
1863 1188 2180 1269 prolixas
2220 1186 2598 1251 admodum
2636 1185 2911 1249 litteras
2952 1188 3122 1246 scri·

657 1296 817 1375 psit,
849 1306 919 1359 et
948 1305 1026 1359 ut
1057 1296 1178 1359 alii
1200 1294 1416 1359 etiam
1448 1295 1661 1359 amici
1683 1294 1706 1325 ³
1737 1295 2130 1358 scriberent
2159 1294 2462 1373 curavit,
2496 1293 2749 1375 quibus
2775 1292 2911 1355 hoc
2944 1308 3123 1372 opus

647 1400 956 1482 Colle-gii
983 1400 1191 1467 fratri
1219 1402 1699 1479 dissuadebat,
1727 1410 1796 1465 et
1825 1419 1915 1465 ne
1941 1410 2088 1465 tam
2116 1418 2418 1482 propere
2445 1407 2715 1480 ageret.
2744 1397 2866 1461 sed
2896 1405 3119 1461 matu-

656 1527 734 1573 re
777 1526 930 1574 rem
958 1510 1464 1589 gravissimam
1493 1509 2003 1585 consideraret,
2059 1508 2512 1589 suggerebat3
2567 1506 2784 1570 multa
2834 1504 3117 1568 interim

654 1625 905 1680 contra
953 1615 1404 1692 Societatem,
1469 1625 1537 1680 et
1599 1616 2061 1680 Benedictum
2090 1614 2577 1694 Uguccionem
2608 1613 2874 1691 dicens,
2916 1620 2985 1675 et
3018 1612 3116 1674 ita

653 1722 900 1787 Abbas
926 1723 1158 1788 denuo
1190 1725 1421 1805 coepit
1463 1724 1830 1787 fluctuare.

769 1830 912 1895 875.
998 1830 1288 1895 Interim
1317 1830 1586 1895 Romae
1619 1832 1834 1911 aliqui
1863 1848 1957 1895 ex
1985 1831 2249 1894 nostris
2272 1837 2340 1892 et
2368 1830 2583 1893 etiam
2613 1846 2704 1891 ex
2728 1827 2980 1891 amicis
3000 1843 3117 1888 ex—

653 1936 876 2001 ternis
899 1954 1060 2001 cum
1089 1938 1367 2001 Abbate
1392 1939 1722 2017 agebant,
1749 1949 1815 2001 et
1832 1938 1985 2018 ipse
2008 1935 2233 2001 Dnus,
2252 1935 2674 2001 Benedictus
2697 1934 2843 1998 suis
2865 1933 3116 1997 litteris

659 2045 1009 2109 Abbatem
1048 2044 1117 2109 in
1162 2045 1350 2108 bono
1389 2044 1608 2109 animi
1644 2044 2011 2125 proposito
2042 2055 2116 2107 ut
2144 2050 2641 2124 perseveraret
2668 2041 3112 2117 hortabatur;

653 2162 726 2215 et
771 2168 933 2216 cum
977 2152 1242 2233 alioqui
1283 2168 1430 2214 non
1469 2160 1656 2215 esset
1700 2150 1977 2214 difficile
2027 2167 2112 2213 eo
2154 2150 2443 2214 tendere
2484 2147 2984 2228 Christophori
3026 2149 3112 2209 de

652 2258 974 2323 Mil-anda
1006 2259 1563 2323 dissuassionem
1591 2268 1662 2321 et
1691 2257 2124 2336 dilationem,
2159 2275 2371 2339 quam
2404 2257 2830 2338 postulabat,
2865 2264 2943 2319 ut
2972 2254 3113 2318 Ab·

652 2368 780 2429 bas
811 2364 860 2442 ⁴,
894 2367 1013 2446 qui
1045 2384 1089 2429 a
1121 2376 1350 2430 morte
1386 2383 1533 2430 non
1570 2367 1818 2447 procul
1857 2366 2103 2429 aberat
2133 2362 2178 2441 ⁸,
2221 2366 2419 2446 prius
2449 2372 2865 2441 moreretur,
2901 2379 3114 2444 quam

649 2474 834 2537 bona
865 2490 995 2536 sua
1024 2473 1447 2553 temporalia
1485 2474 1650 2536 huic
1693 2474 1894 2553 operi
1934 2472 2049 2552 pio
2093 2473 2485 2553 applicaret
2528 2470 2878 2552 (quamvis
2910 2470 3058 2549 ipse
3088 2466 3113 2497 ⁶

649 2580 737 2641 de
766 2596 896 2643 suo
943 2579 1370 2659 patrimonio
1415 2580 1505 2643 ad
1534 2578 1704 2642 illud
1743 2578 1764 2609 ⁷
1808 2580 2004 2659 pium
2047 2596 2225 2660 opus
2269 2578 2770 2659 adjuncturum
2806 2578 3113 2656 quinque

647 2685 862 2749 millia
917 2686 1339 2750 ducatorum
1379 2684 1695 2761 diceret),
1729 2685 1975 2749 Abbas
1998 2703 2140 2749 non
2179 2686 2279 2749 illi
2309 2682 2739 2748 credendum
2778 2700 2937 2746 esse
2963 2691 3115 2746 tan-

645 2792 806 2855 dem
837 2792 1223 2871 constituit,
1269 2803 1340 2855 et
1376 2792 1582 2873 plura
1613 2790 1880 2855 Romae
1925 2792 2176 2855 obtulit
2206 2810 2291 2855 ac
2322 2793 2553 2854 minus
2582 2807 2847 2870 graves
2878 2791 3113 2853 condi-

729 2964 744 2995 ·
802 2962 894 3006 “El
916 2963 1084 3006 Padre
1108 2962 1406 3006 Bartolome
1427 2963 1492 3006 de
1513 2963 1852 3007 Bustamante
1876 2964 2023 3005 nacio
2045 2974 2108 3006 en
2128 2963 2315 3006 Alcala
2336 2962 2398 3005 de
2419 2962 2673 3013 Henares,
2690 2972 2893 3016 nonque
2914 2970 3001 3005 sus
3022 2972 3113 3015 pa-

645 3035 768 3077 dres
797 3046 922 3077 eran
956 3035 1018 3078 de
1053 3036 1105 3078 la.
1135 3032 1403 3081 Montana.
1423 3034 1564 3077 diose
1586 3036 1618 3077 a
1647 3035 1724 3077 los
1757 3034 1989 3078 estudios
2022 3044 2117 3078 con
2152 3034 2337 3078 mucho
2367 3033 2601 3087 culdado‚
2622 3045 2658 3089 y
2678 3034 2809 3077 salio
2838 3044 2961 3089 muy
2979 3034 3113 3077 buen

644 3104 850 3155 Latino.
870 3118 905 3163 y
925 3105 1136 3161 Griego,
1158 3119 1193 3164 y
1212 3118 1278 3151 en
1307 3107 1388 3150 las
1410 3106 1569 3151 Artes
1583 3138 1594 3157 .
1619 3104 1857 3150 canones
1890 3117 1925 3162 y
1944 3104 2198 3159 Teologia
2230 3104 2529 3160 aprovecho
2550 3110 2717 3158 tanto,
2746 3114 2843 3159 que
2865 3114 2928 3147 en
2961 3103 3113 3148 todas

643 3184 754 3221 tres
772 3177 1065 3222 facultades
1093 3190 1148 3223 se
1179 3178 1396 3233 gradun,
1418 3178 1502 3222 fue
1530 3177 1744 3222 hombre
1767 3176 1828 3220 de
1860 3188 1983 3233 muy
2003 3178 2137 3221 buen
2165 3176 2585 3231 entendimlento,
2610 3174 2858 3220 scertado
2882 3174 3057 3231 Juicio,
3079 3186 3114 3231 y

643 3249 860 3293 maduro
888 3250 1094 3305 eonseJo
1127 3262 1162 3307 y
1185 3250 1510 3306 Juutamente
1543 3260 1675 3304 gran
1711 3250 2066 3303 Arquitecto...
2098 3248 2457 3301 mmmmm,
2496 3246 2731 3292 Varones
2751 3247 2995 3297 austres,
3022 3245 3108 3292 ed.

642 3328 771 3370 snt..
789 3327 830 3366 t.
851 3332 924 3376 tv,
945 3332 1066 3376 pag.
1081 3322 1178 3374 ³6⁴:
1202 3332 1370 3367 novae
1390 3322 1700 3375 Bilbaensis,
1722 3328 1761 3365 t.
1781 3321 1825 3376 2,
1845 3332 1970 3377 pag·-
1988 3321 2251 3365 65.-Vide
2272 3320 2435 3364 etiam
2455 3318 2802 3373 summan,
2824 3319 2859 3361 l.
2884 3328 2947 3372 c..
2968 3317 3056 3361 lib.
3078 3328 3114 3360 ι.

643 3404 760 3448 cap.
779 3392 853 3446 30.
875 3404 926 3437 u.
957 3394 999 3438 2.

719 3465 744 3497 ί
798 3462 1132 3510 conditiones
1152 3465 1252 3509 hae
1267 3500 1278 3519 ,
1300 3476 1407 3518 seu,
1427 3472 1484 3510 ut
1505 3476 1596 3509 eas
1627 3466 1679 3509 in
1713 3465 1941 3519 Regesto
1961 3470 2119 3509 vocat
2148 3464 2404 3509 Polancus
2424 3497 2435 3518 ,
2458 3465 2884 3518 capitulationes.
2920 3463 3117 3509 Romae

635 3538 786 3591 juxta
808 3537 1033 3581 Abbatis
1052 3537 1115 3581 de
1138 3536 1290 3582 Salas
1309 3544 1360 3581 et
1383 3536 1562 3581 Sancti
1583 3537 1777 3592 Ignatii
1798 3544 2024 3581 mentem
2046 3536 2331 3588 confectae,
2357 3536 2555 3590 Burgus
2574 3545 2763 3581 missae
2785 3544 2835 3580 et
2858 3536 2993 3591 inde,
3025 3548 3113 3581 an-

641 3608 993 3654 notationibus
1013 3610 1062 3653 in
1093 3610 1330 3664 margine
1353 3609 1546 3654 additis
1572 3620 1665 3664 per
1689 3608 1912 3653 Abbatis
1932 3609 2153 3652 fratrem
2168 3614 2221 3651 et
2252 3607 2540 3653 Canonicos
2560 3608 2849 3661 Uguccioni
2871 3614 2925 3653 et
2952 3608 3116 3653 Esca-

641 3682 778 3733 lous,
801 3681 1052 3726 remissae
1073 3680 1288 3725 Romam
1309 3681 1452 3725 fuere
1467 3714 1479 3735 ,
1500 3692 1630 3736 quas
1659 3681 2043 3725 comitabantur
2064 3680 2329 3723 Benedicti
2352 3678 2635 3733 uguccioni
2658 3682 2868 3725 litterae
2893 3681 2943 3724 13
2962 3680 3115 3725 Octo-

559 3732 568 3741 ’
640 3752 750 3796 bris
780 3752 954 3797 datae.
981 3752 1064 3797 Ita
1096 3751 1365 3803 Polaticus.
1388 3763 1455 3796 ex
1482 3764 1633 3804 com„
1652 3752 1936 3797 Bene.lict0
1966 3753 2284 3805 rescribens,
2305 3752 2361 3795 25
2394 3750 2705 3796 Novembris
2728 3751 2855 3803 15513
2877 3753 3003 3798 item
3032 3754 3117 3797 lit—

642 3833 658 3866 ι
696 3824 769 3867 ris
797 3824 865 3869 sd
887 3824 944 3867 P.
965 3822 1158 3869 Strads
1178 3825 1362 3867 eadem
1384 3825 1464 3869 die
1486 3825 1643 3870 datis.

719 3896 744 3929 ³
797 3894 994 3941 Horum
1013 3906 1144 3941 unus
1165 3896 1261 3941 suit
1293 3898 1401 3951 ipse
1422 3896 1712 3941 canonicus
1733 3896 2002 3951 obi-egon.
2023 3897 2107 3951 qui
2140 3908 2257 3940 cum
2287 3898 2430 3952 prius
2464 3896 2743 3942 Societatis
2762 3898 3021 3942 fautorem
3056 3910 3115 3940 se

638 3968 981 4017 exhibuisset.
1005 3967 1218 4012 tandem
1239 3967 1600 4023 christophori
1621 3968 1684 4012 de
1705 3968 1941 4013 Miranda
1962 3975 2143 4023 partes
2171 3976 2381 4013 strenue
2403 3970 2512 4023 etit
2527 4002 2539 4023 ,
2560 3978 2619 4014 ut
2640 3970 2819 4013 videre
2841 3977 2921 4013 est
2947 3970 2998 4014 in
3026 3970 3113 4013 lit·

640 4040 793 4090 teris.
815 4050 946 4094 quas
972 4040 1251 4093 Polaticus,
1275 4050 1343 4083 ex
1369 4050 1521 4092 com..
1540 4040 1682 4084 dedit
1705 4040 1987 4085 Benedicto
2008 4040 2292 4095 Uguccioni
2314 4040 2371 4085 28
2388 4040 2709 4096 Septembris
2730 4041 2851 4086 155⁴.

718 4112 741 4143 ⁸
794 4109 870 4155 Me
909 4110 986 4156 its
1009 4111 1138 4155 haec
1159 4111 1348 4155 habet:
1378 4112 1466 4153 “eo
1487 4111 1701 4155 tendere
1723 4111 2127 4165 christophorus
2147 4112 2209 4154 de
2242 4111 2478 4156 Miz-anda
2500 4112 2873 4157 dissuasionem
2908 4119 2960 4156 et
2984 4113 3111 4156 diia-

639 4183 846 4238 tionem,
867 4193 1023 4238 quam
1042 4184 1362 4237 postulabat,
1382 4192 1538 4237 quam
1558 4188 1616 4226 ut
1637 4184 1844 4235 abbas„;
1865 4183 1955 4226 sed
1986 4194 2168 4228 sensus
2188 4190 2241 4227 et
2270 4184 2513 4240 syntaxis
2543 4184 2753 4239 exigere
2775 4184 3017 4229 videntur
3052 4194 3112 4229 ut

633 4255 900 4298 scribatur
919 4260 1072 4308 prout
1093 4264 1254 4308 supra
1272 4264 1306 4297 a
1326 4254 1476 4298 nobis
1497 4254 1766 4307 scriptum.
1791 4255 1881 4297 vel
1902 4254 2063 4298 etism
2093 4254 2189 4299 hoc
2214 4256 2389 4301 modo:
2412 4256 2500 4299 “eo
2530 4255 2743 4299 tendere
2773 4254 3110 4311 Christopho-

635 4336 752 4369 rum
773 4325 836 4369 de
859 4323 1098 4370 Mirands
1117 4326 1474 4369 dissuassione
1492 4330 1544 4368 et
1566 4324 1835 4379 dilatione,
1856 4336 2012 4380 quam
2032 4328 2351 4381 postulabat,
2372 4332 2429 4370 nt
2446 4328 2655 4379 abbas„

717 4395 742 4428 ὅ
797 4396 934 4441 Vide
955 4408 1118 4452 mseq.

718 4466 745 4501 ⁸
797 4468 1010 4514 Scilicet
1043 4468 1470 4525 christophorus.

716 4540 738 4571 ¹
794 4539 897 4596 διες
927 4540 1018 4585 sed
1037 4540 1371 4585 scribendum
1391 4540 1600 4585 videtur
1638 4542 1792 4585 aliud
1811 4548 1873 4585 ut
1902 4552 2023 4585 eum
2050 4543 2149 4586 hae
2194 4542 2407 4587 Polsnei
2442 4543 2705 4587 sententis
2741 4549 3023 4597 congruat:
3046 4548 3111 4599 “y

629 4616 778 4655 entre
797 4618 946 4657 otras
965 4623 1118 4656 cosas
1133 4612 1306 4657 oft-ece
1327 4612 1755 4667 <christophorus
1777 4613 1838 4657 de
1859 4611 2119 4663 Miranda)
2138 4614 2285 4657 clueo
2298 4614 2387 4657 mil
2404 4614 2632 4658 ducados
2648 4614 2802 4658 delos
2816 4624 2973 4671 suyos
2988 4626 3103 4669 pro·

633 4684 746 4737 pios
767 4694 862 4728 eon
885 4694 984 4739 que
1007 4685 1055 4727 el
1079 4684 1230 4728 Absd
1261 4684 1403 4738 haga
1436 4690 1555 4729 otrs
1586 4686 1714 4728 obt-a
1733 4696 1769 4741 y
1790 4696 1853 4728 no
1884 4692 2000 4729 ests
2029 4684 2113 4729 del
2144 4683 2400 4739 ealcum„
2434 4685 2715 4731 Benedicto
2742 4686 3029 4741 uguccioni
3054 4688 3119 4731 2&

635 4754 976 4809 Septembris.
