3742 5392
729 540 846 600 330
1653 540 1909 601 Cimon.
1952 542 2107 601 Soc.
2148 542 2289 615 Jas.

859 687 1001 751 705.
1091 688 1269 753 Cum
1302 699 1538 753 autem
1581 690 1696 752 ille
1734 688 1822 753 D.
1867 689 2183 753 Dumont
2225 691 2366 753 tale
2405 690 2765 754 decretum
2812 690 2988 753 vidit
3016 701 3084 754 et
3114 693 3205 755 le·

739 796 864 877 git,
893 796 1264 859 stultitiam
1297 795 1470 877 ejuS,
1503 805 1577 859 ut
1609 796 1761 877 ipse
1785 795 2226 877 loquebatur,
2254 795 2638 876 admiranS,
2664 814 3045 878 numquam
3072 798 3203 861 sibi

738 904 809 966 in
841 914 1146 966 mentem
1177 903 1421 967 venire
1449 904 1770 983 potuisse
1795 902 2156 966 fatebatur
2178 902 2563 983 decretum,
2597 914 2699 967 tot
2724 904 3113 968 mendaciis
3134 914 3202 969 et

731 1010 1108 1074 calumniis
1138 1012 1443 1090 plenum,
1479 1029 1522 1073 a
1551 1010 1991 1090 Theologica
2020 1010 2389 1073 Facultate
2414 1021 2664 1075 contra
2691 1021 2978 1075 nostros
3006 1030 3199 1091 egre-

731 1116 806 1180 di
834 1117 1171 1198 potuisse;
1202 1134 1333 1180 nec
1365 1117 1451 1180 de
1481 1116 1744 1180 nostris
1772 1118 1987 1179 rebus
2005 1114 2340 1195 juvandis
2363 1117 2673 1181 animum
2693 1117 3194 1198 despondebat;

734 1233 804 1287 et
837 1223 1292 1289 Cardinalem
1323 1223 1889 1304 Lotharingium‚
1923 1232 2400 1303 protectorem
2430 1222 2809 1288 Societatis
2839 1226 2913 1288 in
2940 1225 3197 1295 Gallia.

731 1332 999 1411 alloqui
1025 1332 1333 1410 volebat,
1366 1330 1555 1411 quod
1585 1339 1652 1394 et
1680 1329 1758 1393 P.
1798 1328 2226 1394 Paschasius
2268 1330 2591 1394 facturus
2634 1344 2813 1409 erat,
2859 1350 3020 1396 cum
3061 1334 3197 1412 pri-

647 1428 656 1441 “
733 1456 928 1503 mum
957 1438 1270 1502 Parisios
1298 1438 1632 1501 venisset.
1671 1436 2065 1501 Videbatur
2094 1446 2331 1500 autem
2358 1437 2587 1501 eidem
2611 1437 2702 1502 D.
2735 1438 3051 1503 Dumont
3078 1442 3199 1519 (os-

735 1544 970 1609 ficium
1019 1545 1080 1608 is
1123 1545 1430 1609 habebat
1477 1544 1875 1625 supplicum
1917 1544 2343 1623 libellorum,
2389 1545 2509 1625 qui
2550 1544 2731 1625 Regi
2776 1544 3193 1625 offeruntur,

731 1652 1061 1733 quamvis
1083 1653 1281 1734 prius
1301 1652 1534 1715 fuerat
1557 1652 1644 1715 de
1668 1668 1963 1715 numero
1988 1651 2553 1715 consiliariorum
2570 1650 3029 1734 Parlamenti)
3048 1672 3197 1719 rem

736 1767 956 1823 totam
997 1758 1287 1823 Summo
1326 1756 1651 1822 Pontifici
1690 1757 2235 1837 significandam
2271 1774 2449 1837 esse,
2499 1759 3068 1845 quandoquidem
3112 1780 3193 1825 ea

734 1864 990 1946 injuria
1018 1884 1160 1931 non
1199 1865 1536 1930 Societati
1579 1875 1877 1943 tantum,
1924 1864 2051 1927 sed
2099 1863 2262 1928 Sedi
2304 1863 2763 1947 Apostolicae
2801 1866 2991 1931 facta
3031 1868 3197 1933 suis·

731 1983 862 2037 set.
894 1972 1080 2053 Quid
1109 1984 1346 2037 autem
1373 1974 1450 2037 P.
1483 1971 1760 2053 Ignatio
1791 1964 2023 2035 visum
2054 1970 2264 2035 suerit
2287 1972 2643 2052 agendum
2674 1991 2854 2054 esse,
2881 1992 3067 2039 anno
3091 1992 3197 2039 se-

727 2081 999 2160 quenti,
1033 2080 1186 2144 Deo
1216 2080 1418 2159 duce,
1451 2080 1747 2144 dicetur.

855 2186 942 2250 Et
970 2188 1148 2251 haec
1177 2187 1264 2251 de
1295 2187 1612 2266 Collegio
1643 2185 2029 2250 Parisiensi
2058 2186 2197 2249 sint
2229 2187 2440 2249 dicta.
