3742 5392
1694 487 1822 547 ΑΝ.
1867 487 2009 547 1554
2981 488 3099 546 669

621 641 692 694 et
721 633 1283 698 misericordiam
1315 635 1696 714 implorant
1737 644 1814 698 ut
1844 652 1969 697 eos
2012 633 2405 698 christiana
2444 633 2791 714 religione
2834 634 3090 714 dignos

619 739 910 819 faciant;
945 740 1127 804 inter
1160 742 1359 822 ipsos
1387 743 1526 804 tria
1555 743 1671 804 vel
1701 751 2008 822 quatuor
2036 741 2257 805 millia
2292 741 2655 804 hominum
2677 741 2897 822 aliqui
2924 743 3089 806 lusi-

623 847 772 909 tani
801 847 1344 928 baptizaverant
1367 896 1382 926 ,
1415 847 1534 928 qui
1575 848 1758 912 sorte
1797 866 1882 911 eo
1920 857 2406 924 accesserant;
2441 858 2508 911 et
2550 856 2748 912 tanta
2786 849 2905 912 siti
2931 850 3087 912 reli·

619 954 856 1032 gionis
876 955 1318 1034 tenebantur,
1348 965 1423 1018 ut
1448 972 1610 1019 cum
1633 956 1728 1018 illi
1747 956 2034 1019 lusitani
2056 956 2425 1036 navigium
2452 957 2523 1018 in
2542 964 2811 1018 terram
2833 955 3087 1020 subdu—

619 1061 922 1142 xissent,
967 1079 1110 1125 non
1149 1063 1600 1142 permiserint
1639 1072 1713 1126 ut
1752 1063 1825 1126 in
1865 1080 2063 1126 mare
2112 1063 2283 1126 illud
2322 1045 2657 1142 ejicerent
2702 1062 2927 1127 donec
2964 1079 3094 1125 eos

619 1168 1048 1233 christianos
1089 1167 1470 1233 efficerent.

745 1274 918 1338 1444.
1005 1275 1084 1338 In
1113 1275 1380 1340 eisdem
1409 1276 1586 1341 locis
1618 1277 1797 1340 alias
1833 1277 1983 1340 fere
2012 1277 2151 1340 duo
2200 1277 2419 1339 millia
2458 1277 2824 1340 hominum
2864 1277 3083 1358 bapti-

618 1383 758 1445 zati
789 1382 1089 1462 fuerant3
1123 1393 1192 1446 et
1222 1384 1550 1464 quamvis
1573 1383 1650 1446 P.
1681 1385 2000 1466 Joannes
2027 1385 2114 1446 de
2142 1383 2355 1448 Veira
2389 1382 2703 1446 Antonio
2729 1401 3083 1447 commen-

617 1489 856 1552 dasset
887 1500 964 1553 ut
995 1491 1052 1553 si
1082 1500 1324 1570 posset
1353 1491 1486 1554 hos
1515 1491 1838 1553 homines
1867 1490 2231 1568 inviseret,
2264 1507 2715 1572 nequaquam
2746 1491 2816 1553 id
2846 1490 3084 1554 facere

614 1597 868 1675 potuit,
902 1614 1062 1660 cum
1093 1597 1163 1660 in
1196 1598 1428 1661 insula
1457 1597 1794 1662 Amboini
1825 1598 2063 1661 multis
2093 1597 2305 1660 etiam
2337 1598 2550 1661 sociis
2594 1598 2969 1677 indigeret,
3003 1608 3080 1661 ut

616 1702 1044 1767 christianos
1067 1703 1216 1784 jam
1243 1705 1473 1768 factos
1501 1705 1903 1768 instrueret.
1940 1705 2077 1784 Qui
2106 1714 2345 1768 autem
2374 1705 2512 1768 illis
2541 1705 2613 1768 in
2644 1705 2823 1769 locis
2854 1723 2897 1768 a
2922 1707 3079 1769 lusi-

616 1811 800 1873 tanis
831 1811 1169 1892 baptizati
1199 1822 1436 1890 erant,
1471 1812 1706 1875 edocti
1746 1813 1836 1875 ab
1867 1812 2003 1875 illis
2033 1811 2348 1890 fuerunt,
2394 1822 2469 1875 ut
2514 1829 2801 1876 crucem
2845 1813 3083 1894 (quam

616 1916 754 1980 illis
781 1919 1182 1997 erexerant)
1210 1920 1510 1998 genibus
1541 1919 1742 1983 flexis
1771 1920 2193 1996 adorarent,
2227 1929 2296 1983 et
2326 1920 2463 1982 hoc
2492 1919 2815 1984 facerent
2863 1921 2953 1983 ob
2982 1919 3083 1983 di-

615 2024 988 2088 lectionem
1018 2025 1188 2106 Jesu
1219 2025 1480 2089 Christi
1513 2035 1580 2088 et
1611 2035 1688 2088 ut
1717 2027 2038 2106 ipsorum
2069 2015 2553 2090 misereretur.

739 2131 915 2194 1445.
1001 2131 1167 2196 Alia
1218 2151 1308 2197 ex
1359 2133 1754 2213 provincia,
1807 2150 2023 2213 quam
2060 2133 2365 2197 Burrum
2408 2133 2744 2213 exiguum
2788 2144 3077 2214 vocant,

613 2255 796 2318 quae
825 2248 1064 2302 tamen
1086 2239 1310 2319 maJ‘or
1335 2239 1562 2303 Burro
1588 2250 1717 2318 est,
1745 2249 1813 2304 et
1847 2237 1986 2320 [ex]
2020 2240 2183 2319 alia,
2218 2256 2429 2320 quam
2458 2239 2767 2304 Albuam
2790 2251 3077 2322 vocant,

613 2355 680 2409 et
712 2363 754 2408 a
795 2347 1162 2410 saracenis
1201 2347 1690 2426 habitabatur,
1725 2347 1975 2410 eodem
2004 2347 2214 2410 modo
2261 2348 2609 2427 urgebant
2652 2348 3081 2428 baptismum

613 2455 1054 2532 postulantes
1106 2451 1146 2517 ¹.
1199 2439 1491 2518 Miserat
1531 2453 1716 2518 idem
1754 2453 1837 2517 P.
1900 2453 2213 2535 Joannes
2252 2453 2340 2516 de
2382 2455 2605 2519 Veira
2647 2456 2858 2518 simul
2911 2473 3073 2520 cum

610 2559 922 2623 Antonio
944 2560 1002 2623 F
1005 2561 1360 2624 ernandez
1383 2559 1839 2624 Vincentium
1862 2561 2247 2638 Pereiram,
2276 2560 2394 2642 qui
2414 2560 2753 2624 Societati
2779 2579 2937 2624 sese
2960 2563 3079 2626 ad-

611 2665 847 2731 dicere
877 2668 1242 2748 cupiebat,
1277 2677 1353 2730 ut
1381 2668 1614 2748 ipsum
1645 2667 2050 2748 adjuvaret;
2088 2677 2156 2731 et
2186 2677 2381 2731 certe
2418 2686 2684 2731 novum
2721 2669 3077 2748 probatio-

612 2774 722 2836 nis
750 2791 978 2854 genus
1006 2775 1144 2839 hoc
1173 2785 1363 2850 erat,
1396 2793 1559 2838 cum
1588 2784 1870 2855 praeter
1900 2775 2212 2855 pericula
2242 2775 2533 2854 gravia,
2570 2792 2832 2854 magna
2861 2777 3077 2839 etiam

610 2881 701 2944 ad
731 2881 1002 2945 victum
1042 2879 1680 2962 necessaria[rum]
1723 2899 1964 2945 rerum
2000 2881 2297 2962 penuria
2338 2891 2525 2944 esset
2554 2882 2957 2961 subeunda,
3006 2891 3078 2946 et

607 2988 733 3052 vix
783 2997 932 3050 toto
979 3006 1166 3051 anno
1216 2990 1662 3052 sacerdotem
1714 2989 1979 3052 habere
2028 2997 2307 3068 poterat
2360 2989 2473 3052 cui
2524 2988 3043 3052 confiter'etur

609 3095 922 3158 omnium
971 3097 1128 3158 loco
1160 3104 1312 3158 erat
1363 3095 1734 3158 eharitatis
1783 3094 2235 3158 exercitatio.
2273 3094 2500 3158 Erant
2556 3105 2794 3158 autem
2849 3112 3073 3176 prope

605 3201 1034 3265 Amboinum
1066 3203 1286 3280 multi,
1321 3202 1441 3283 qui
1467 3202 1677 3265 fidem
1707 3201 1975 3266 Christi
2019 3203 2381 3283 optabant,
2426 3211 2499 3265 et
2536 3203 2626 3266 ad
2666 3202 2853 3264 hanc
2895 3184 3075 3266 mes*—

607 3326 777 3388 sem,
810 3311 1005 3374 velut
1035 3319 1387 3373 maturam
1419 3320 1488 3373 et
1517 3327 1699 3390 quae
1730 3323 2006 3372 moram
2035 3327 2176 3372 non
2200 3319 2583 3390 pateretur,
2620 3307 2749 3391 [ire
2780 3310 3068 3374 medita-

606 3413 863 3498 batur].
917 3415 1358 3480 Decreverat
1399 3427 1634 3481 autem
1677 3417 1747 3478 in
1786 3416 2086 3496 singulis
2115 3418 2297 3480 locis
2328 3417 2604 3498 aliquos
2646 3436 2737 3480 ex
2766 3418 3075 3481 meliori-

611 3523 740 3586 bus
769 3523 1054 3603 eligere,
1091 3523 1210 3605 qui
1240 3523 1699 3587 christianam
1737 3522 2137 3587 doctrinam
2182 3524 2487 3605 reliquos
2526 3525 2865 3588 docerent
2894 3535 2969 3588 ut
2999 3525 3073 3588 in

611 3631 964 3694 maritima
995 3649 1120 3693 ora
1153 3629 1514 3694 Comurini
1553 3629 1785 3694 fiebat.

733 3736 908 3800 1446.
994 3736 1362 3801 Profectus
1391 3747 1499 3801 est
1541 3736 1794 3801 deinde
1836 3738 2193 3802 Antonius
2234 3754 2395 3800 cum
2422 3736 2800 3800 Vincentio
2830 3739 2922 3802 ad
2951 3739 3071 3801 ho·

608 3845 833 3909 mines
862 3845 1041 3922 illos,
1086 3845 1204 3924 qui
1235 3844 1325 3907 ad
1364 3843 1627 3908 Christi
1658 3844 2072 3924 religionem
2110 3844 2543 3925 aspirabant,
2580 3855 2649 3907 et
2678 3846 2943 3925 placuit
2973 3847 3069 3908 di-

613 3953 818 4016 vinae
849 3951 1349 4015 Providentiae
1382 3949 1608 4030 (cujus
1637 3961 1799 4015 sunt
1823 3951 2241 4014 admiranda
2265 3950 2555 4030 Judicia)
2593 3961 2667 4015 ut
2698 3953 3067 4032 navigium

605 4061 852 4140 procul
883 4078 924 4122 a
956 4069 1144 4122 terra
1176 4059 1776 4138 submergeretur,
1799 4059 1919 4123 ubi
1947 4060 2174 4121 bonus
2200 4058 2560 4122 Antonius
2589 4077 2751 4122 cum
2778 4060 3069 4141 reliquis

689 4299 704 4331 ¹
763 4299 854 4343 “V’
876 4303 904 4343 e
925 4300 1007 4344 nn·
1027 4301 1167 4344 altra
1190 4302 1478 4355 provincia,
1501 4301 1597 4345 che
1619 4301 1663 4345 si
1683 4300 1891 4345 chiama
1911 4300 1946 4344 il
1970 4301 2137 4344 Burro
2161 4300 2378 4354 piccolo,
2401 4301 2497 4344 che
2517 4305 2543 4346 ὲ
2566 4303 2807 4356 maggior
2819 4302 2899 4346 del
2912 4313 3067 4356 gran-

605 4371 685 4424 de,
707 4377 862 4427 gente
885 4382 979 4425 per
999 4374 1158 4415 molto
1178 4373 1356 4416 lodare
1377 4374 1413 4416 il
1435 4373 1654 4426 §ignore
1675 4371 1835 4425 Iddio;
1858 4372 2077 4426 gridano
2099 4371 2193 4415 che
2213 4372 2249 4415 li
2272 4373 2462 4416 vadino
2482 4385 2515 4416 a
2536 4375 2833 4418 battezzare
2854 4385 2882 4417 e
2901 4385 2999 4418 non
3016 4376 3075 4418 vi.

603 4446 632 4485 ὸ
653 4443 738 4487 chi
759 4445 922 4488 vada.
950 4444 1048 4488 Un’
1068 4446 1208 4488 altra
1230 4451 1372 4488 terra
1391 4475 1404 4498 ,
1438 4445 1706 4488 chiamata
1741 4444 1915 4488 Albua
1945 4442 2199 4487 domando
2233 4444 2268 4486 11
2291 4445 2587 4488 battesimo.
2604 4477 2627 4497 „
2662 4447 2920 4489 Antonius
2944 4445 3067 4490 Fer·

605 4515 802 4560 nandez
823 4516 1016 4560 litteris
1035 4527 1192 4571 supra
1215 4517 1534 4564 memoratis,
1551 4517 1604 4560 in
1626 4516 1796 4566 Avisi,
1815 4521 1934 4568 etc..
1958 4515 2029 4559 fol
2070 4515 2161 4560 191.

685 4589 708 4621 Ω
761 4589 870 4634 “Un
890 4589 1117 4633 Vicenzo
1141 4589 1339 4644 Pirera,
1362 4589 1457 4633 che
1479 4600 1579 4633 non
1598 4593 1625 4633 e
1647 4600 1841 4633 ancora
1859 4591 2101 4632 ricevuto
2116 4591 2255 4633 nella
2277 4588 2597 4644 Compagnia
2616 4601 2796 4636 nostra
2812 4602 2840 4634 e
2860 4591 2955 4634 che
2974 4603 3071 4636 an·

605 4661 744 4705 dava
767 4667 952 4705 trovar
973 4662 1010 4705 il
1040 4661 1206 4706 Padre
1229 4661 1453 4706 Maesti-o
1475 4660 1767 4706 Franceseo
1801 4662 1908 4706 alla
1930 4660 2147 4706 China...
2168 4664 2195 4704 e
2220 4661 2379 4705 molto
2410 4661 2643 4706 virtuoso
2674 4674 2701 4705 e
2722 4673 3067 4716 perseveran-

607 4739 716 4786 te...
736 4731 882 4786 Inna,
905 4733 1129 4777 ibidem.
