3742 5392
675 510 788 571 478
1598 505 1854 566 Canon.
1897 504 2053 565 Soc.
2092 504 2233 578 Jsss.

675 660 980 723 dicebat.
1036 658 1114 721 P.
1159 656 1636 721 ‘Franciscum
1683 654 2025 735 Borgiam
2065 656 2384 718 revereri
2420 654 2826 731 videbatur,
2862 652 2987 717 sed
3046 652 3147 717 dia

680 768 887 831 cebat
915 766 1102 846 quod
1134 775 1499 845 tamquam
1527 765 1675 845 lupi
1703 771 1920 844 caput
1948 778 2075 842 per
2104 760 2529 843 Hispaniam
2566 779 2729 825 eum
2772 760 3143 826 circumfe÷

680 876 1014 938 rebamus
1047 872 1087 935 ¹.

806 979 982 1043 1012.
1072 979 1251 1044 cum
1291 976 1695 1042 Cardinalis
1731 975 2350 1057 compostellanus
2387 983 2412 1016 ⁸
2439 975 2527 1040 de
2564 992 2695 1039 suo
2735 974 3053 1055 collegio
3098 974 3145 1050 ³,

682 1087 868 1169 quod
900 1086 1423 1167 compostellae
1459 1084 1723 1149 nostris
1761 1082 1954 1147 tradi
1997 1084 2367 1164 cupiebat,
2420 1082 2767 1147 sollicitus
2814 1091 3035 1160 esset,
3078 1093 3149 1146 et

682 1196 758 1260 P.
802 1195 1121 1275 Ignatius
1163 1192 1229 1256 ei
1265 1190 1660 1273 gratificari
1698 1198 2022 1270 cuperet,
2067 1190 2351 1271 scripsit
2389 1190 2619 1253 denuo
2660 1188 2738 1253 P.
2783 1188 3023 1253 Natali
3072 1198 3150 1253 ut

681 1302 1040 1367 Comitem
1075 1298 1340 1364 Montis
1365 1298 1574 1379 Regii
1602 1295 1663 1376 ⁴,
1707 1296 1829 1376 qui
1869 1307 2025 1360 erat
2065 1298 2246 1360 alter
2295 1309 2459 1360 cum
2508 1294 2886 1361 cardinale
2916 1304 3149 1376 patro·

685 1427 825 1473 nus
843 1456 858 1489 ,
893 1408 1155 1487 adiret,
1189 1415 1257 1470 et
1300 1404 1702 1471 cardinalis
1740 1404 2025 1483 litteriS,
2071 1420 2251 1483 quas
2289 1403 2353 1467 ei
2404 1402 2788 1482 scribebat,
2842 1402 3148 1476 traditiS,

685 1517 918 1580 denuo
949 1516 1038 1579 de
1068 1514 1318 1578 eodem
1344 1513 1637 1594 negotio
1667 1529 1828 1575 cum
1851 1529 1936 1575 eo
1960 1519 2327 1575 tractaret.
2351 1509 2596 1574 Paruit
2617 1509 2693 1574 P.
2721 1510 3027 1590 NataliS,
3056 1517 3147 1587 et,

767 1740 786 1773 ¹
843 1740 902 1783 In
923 1738 1227 1795 quibusdam
1257 1737 1556 1791 regionibns
1575 1768 1586 1789 ,
1607 1735 1694 1781 nbi
1721 1734 1829 1790 lupi
1860 1735 2068 1780 aliaeve
2098 1735 2241 1779 serae
2272 1735 2519 1789 gregibus
2552 1735 2769 1779 nocivae
2805 1736 3153 1789 reperiuntur.

686 1823 796 1857 mos
828 1810 1129 1866 praevaluit
1149 1816 1207 1853 nt
1228 1809 1316 1863 qni
1343 1819 1498 1853 unam
1527 1808 1726 1863 ceperit
1745 1807 2097 1861 occideritque
2113 1838 2125 1859 ,
2156 1807 2358 1851 occisae
2387 1806 2531 1851 ierne
2558 1812 2717 1861 caput
2743 1816 2837 1861 per
2858 1807 3045 1863 oppida
3066 1818 3153 1863 pn-

687 1894 884 1939 gosque
903 1883 1106 1927 vicinos
1125 1881 1486 1926 circumferat.
1509 1891 1609 1935 quo
1628 1879 1848 1934 praemii
1869 1878 2067 1933 aliquid
2086 1878 2330 1933 accipiet.

765 1956 788 1987 Β
840 1953 1068 2008 joannes
1087 1953 1318 1997 Alvarez
1340 1952 1402 1996 de
1422 1951 1633 2005 Toledo‚
1668 1950 1726 1995 Ο.
1748 1950 1807 1996 Ρ.

765 2027 790 2059 ⁵
843 2024 921 2070 Ex
942 2026 1024 2071 his
1045 2030 1098 2069 et
1119 2036 1186 2069 ex
1205 2024 1400 2069 litteris
1418 2024 1481 2068 de
1501 2025 1599 2068 hoc
1621 2024 1829 2078 nogotio
1849 2022 2061 2077 scriptis
2079 2028 2303 2077 apparet
2324 2021 2657 2067 Cardinalem
2677 2022 3146 2076 Compostellanum

681 2110 786 2143 non
807 2103 919 2142 tam
936 2098 998 2141 de
1021 2108 1156 2142 novo
1178 2097 1402 2151 quodam
1422 2095 1656 2150 Collegio
1676 2094 2059 2150 compostellae
2079 2105 2175 2149 pro
2198 2092 2462 2138 societate
2494 2094 2739 2149 erigendo
2774 2094 2959 2149 egisse,
2997 2106 3153 2150 quam

685 2171 750 2215 tle
773 2169 1024 2214 tradendo
1045 2168 1300 2213 societati
1318 2167 1569 2223 collegio,
1591 2168 1724 2222 qnod
1741 2169 1836 2212 snb
1851 2166 2032 2211 Sancti
2052 2165 2351 2223 Hieronymi
2369 2167 2536 2211 tutela
2550 2172 2603 2209 et
2624 2166 2826 2210 nomine
2843 2168 2893 2210 in
2910 2166 3004 2209 illu
3022 2167 3149 2209 urbe

685 2243 987 2295 erigendum
1017 2247 1302 2285 curaverat
1325 2240 1622 2295 Alphousus
1642 2240 1705 2284 de
1725 2238 1963 2284 Fonseca
1976 2271 1988 2293 ,
2010 2237 2133 2283 olim
2162 2239 2631 2293 compostellanus.
2652 2238 2837 2282 deinde
2856 2238 3153 2289 ‘toletanum

687 2313 1140 2368 Archiepiscopus.
1171 2312 1304 2355 “Por
1323 2323 1424 2356 una.
1445 2312 1507 2355 de
1529 2311 1595 2354 V.
1617 2310 1679 2355 R.
1699 2325 1735 2368 y
1755 2313 1810 2355 la
1829 2311 1983 2365 copia
2002 2311 2065 2354 de
2087 2318 2205 2355 otrn
2227 2322 2324 2366 que
2345 2311 2547 2353 escribe
2568 2312 2621 2354 al
2639 2309 2698 2353 P.
2719 2308 2946 2354 Maestro
2968 2308 3013 2353 N
3017 2310 3154 2361 adal,

681 2384 993 2436 comisatio.
1015 2384 1084 2428 ha
1113 2384 1390 2428 entendido
1421 2382 1467 2427 N
1473 2390 1648 2427 uestro
1679 2383 1848 2427 Padre
1881 2385 1929 2428 el
1957 2394 2140 2427 suceso
2159 2381 2243 2427 del
2270 2382 2487 2436 negocio
2507 2382 2570 2425 de
2602 2381 2852 2436 Santiago
2872 2380 2955 2433 (S.
2975 2382 3155 2434 jacobi

675 2460 737 2509 ,in
760 2456 1135 2511 compostella)
1155 2468 1190 2513 y
1211 2456 1338 2500 hase
1358 2455 1695 2500 comunicado
1717 2456 1838 2501 todo
1859 2466 1957 2499 con
1986 2456 2034 2498 el
2056 2454 2320 2498 Cardeual
2336 2453 2810 2511 (Compostellano).
2829 2454 2877 2497 el
2909 2455 3028 2498 cual
3062 2464 3155 2498 nos

687 2530 756 2573 ha
777 2529 929 2573 dicho
949 2540 1047 2583 que
1078 2534 1192 2572 esta
1211 2538 1334 2572 cosa
1369 2531 1481 2572 esta
1511 2528 1943 2583 principalmente
1972 2527 2232 2571 cometidn
2252 2530 2303 2571 nl
2327 2525 2630 2580 Arzobispo.
2650 2536 2871 2580 nanque,
2892 2535 3038 2569 como
3067 2537 3156 2581 pa·

682 2600 854 2645 riente
868 2632 880 2653 ,
901 2601 954 2644 al
987 2599 1162 2644 conde
1183 2599 1246 2643 de
1269 2598 1538 2655 Monterey
1558 2609 1656 2643 con
1675 2599 1751 2653 el,
1772 2612 1808 2655 y
1824 2609 1921 2653 que
1941 2600 1991 2642 el
2022 2598 2200 2653 quiere
2226 2609 2325 2651 que
2346 2608 2403 2641 se
2424 2598 2487 2640 de
2508 2599 2556 2641 el
2579 2597 2792 2651 Colegio
2824 2608 2917 2641 con
2950 2598 3074 2642 toda
3094 2608 3157 2641 sn

687 2679 838 2717 tenta
859 2675 892 2716 a
925 2674 978 2717 la
997 2671 1122 2716 Com
1130 2673 1286 2726 panta
1299 2704 1310 2725 ‚
1331 2681 1428 2715 con
1447 2682 1546 2725 qne
1565 2676 1877 2725 entretenga
1896 2670 2023 2713 doce
2043 2669 2325 2724 eolegiales
2338 2670 2575 2724 gallegos
2590 2669 2851 2713 conforme
2872 2672 2903 2713 a
2926 2670 2978 2713 ln
2998 2670 3160 2718 inten-

686 2744 802 2789 cion
824 2744 908 2788 del
927 2744 1198 2794 fundatior.
1221 2744 1268 2786 el
1299 2743 1418 2787 cuni
1449 2754 1515 2785 uo
1545 2742 1816 2797 pretendit)
1835 2742 1997 2785 hacer
2018 2740 2367 2785 Universidoed
2396 2741 2509 2785 sino
2530 2740 2771 2794 Colegio;
2791 2753 2826 2797 y
2849 2751 3035 2793 pat-ece
3056 2752 3152 2795 que

679 2822 828 2860 toma
860 2816 911 2858 el
944 2823 1131 2859 asunto
1154 2816 1202 2857 el
1223 2812 1482 2858 cardenal
1505 2813 1567 2856 de
1588 2813 1824 2857 efectuar
1845 2818 1959 2857 esto
1980 2823 2074 2856 con
2096 2824 2194 2868 que
2225 2813 2278 2856 la
2299 2811 2586 2867 compaflia
2605 2813 2669 2856 de
2691 2819 2802 2855 tres
2835 2814 3058 2857 lectores
3092 2814 3155 2857 de

681 2889 979 2943 gramatica
1000 2900 1034 2944 y
1055 2886 1372 2931 humanidad
1403 2899 1438 2943 y
1460 2892 1604 2930 otros
1625 2892 1732 2930 tres
1752 2886 1814 2931 cle
1835 2891 1996 2939 artes,
2019 2886 2036 2938 (
2048 2896 2250 2939 annque
2272 2886 2319 2929 el
2350 2884 2545 2939 primer
2573 2888 2673 2929 ailo
2708 2885 2849 2942 haya
2868 2886 3156 2929 solamente

685 2970 783 3003 uno
802 2971 835 3015 y
858 2959 906 3001 el
926 2958 1157 3012 secundo
1178 2957 1316 3014 dos),
1337 2970 1373 3015 y
1389 2958 1482 3002 dos
1501 2958 1563 3001 de
1585 2959 1816 3011 teologia
1837 2968 1868 3012 y
1888 2968 1986 3001 uno
2007 2958 2069 3000 de
2090 2959 2315 3000 canones
2328 2988 2340 3009 ‚
2361 2967 2459 3011 que
2475 2967 2662 3011 parece
2682 2961 2804 3001 sera
2824 2968 2971 3001 como
2992 2959 3157 3001 lector

683 3032 750 3075 de
773 3031 1020 3085 teologin‚
1044 3031 1264 3087 leyendo
1283 3030 1493 3084 aqueus.
1513 3037 1666 3085 parte
1686 3030 1770 3073 del
1786 3029 2025 3073 Dei-echo
2043 3028 2435 3083 ementemque
2452 3027 2652 3072 confina
2673 3040 2769 3073 con
2788 3030 2909 3074 ella.
2925 3028 2975 3072 Y
2995 3032 3159 3073 mutis·

685 3110 824 3147 trase
845 3111 938 3147 tun
957 3109 1140 3157 puesto
1160 3113 1224 3145 en
1243 3110 1374 3157 esto,
1398 3113 1494 3157 que
1516 3101 1665 3146 decia
1685 3104 1717 3145 a
1737 3100 1782 3145 N
1785 3107 1962 3146 nestro
1982 3101 2171 3154 Padre,
2188 3100 2518 3145 hallandome
2538 3112 2605 3157 yo
2624 3110 2879 3155 presente.
2898 3113 2996 3156 que
3014 3100 3156 3144 creia

687 3176 735 3219 le
754 3175 916 3219 habia
936 3174 1062 3218 Dios
1083 3175 1144 3217 de
1164 3175 1425 3230 per-donar
1445 3174 1598 3219 todos
1617 3185 1706 3218 sus
1725 3174 1953 3229 pecndos
1973 3184 2067 3228 por
2086 3178 2201 3217 esta
2224 3175 2393 3216 buena
2412 3174 2540 3218 οὔτε
2560 3184 2658 3228 que
2686 3174 2844 3217 hncia
2864 3179 2898 3217 a
2916 3185 2975 3217 su
2998 3174 3159 3217 Arzo-

683 3246 902 3301 bispado
921 3258 984 3289 en
1005 3246 1295 3290 introducit
1315 3257 1378 3289 en
1397 3247 1444 3290 ei
1468 3246 1521 3289 ia
1544 3244 1873 3299 Campania...
1896 3245 2167 3299 Polaticus,
2184 3254 2251 3288 ex
2270 3256 2419 3301 com„
2439 3244 2585 3289 Patri
2602 3243 2844 3289 michaeli
2866 3246 2930 3289 de
2950 3246 3155 3293 Torres.

680 3319 709 3362 5
727 3318 964 3371 januarii
985 3318 1106 3362 155⁴.
1129 3317 1263 3361 Vide
1285 3318 1445 3362 etiam
1465 3316 1697 3372 ejusdem
1714 3318 1782 3361 ad
1804 3316 2039 3361 eumdem
2060 3318 2269 3360 litteras
2296 3316 2345 3359 17
2364 3316 2619 3370 Jannarii.

764 3389 907 3433 Nihil
927 3396 1104 3433 tamen
1122 3390 1185 3433 de
1207 3389 1290 3433 his
1309 3388 1470 3433 habet
1491 3388 1586 3433 Da.
1609 3388 1638 3441 J
1643 3399 1836 3432 onasus
1864 3387 2117 3440 Josm’nus
2147 3386 2316 3432 Vnus
2336 3388 2386 3431 in
2408 3388 2651 3443 opusculo
2673 3388 2851 3432 Breve
2872 3388 3065 3433 resena
3086 3388 3152 3431 de

682 3463 739 3506 {a
769 3460 1133 3505 Universtdad
1162 3462 1229 3505 de
1251 3460 1530 3515 Santiago,
1560 3471 1653 3504 nec
1674 3460 1991 3503 Vtucunnus
2021 3470 2089 3503 nt
2117 3470 2184 3503 LA
2212 3457 2448 3514 Futura,
2479 3460 2531 3503 in
2552 3459 2800 3503 Historia
2820 3460 2888 3505 de
2916 3460 3002 3503 las
3035 3460 3157 3504 Uni-

685 3533 1024 3587 versidades,
1043 3535 1142 3577 etc.
1163 3532 1250 3588 qul
1269 3533 1380 3577 fere
1399 3533 1529 3576 nihil
1551 3532 1690 3576 alind
1711 3532 1842 3586 agit,
1859 3540 1917 3576 ut
1938 3531 2047 3585 ipse
2068 3531 2281 3586 fatetur,
2303 3543 2461 3587 quam
2486 3533 2765 3587 praecipua
2786 3544 2849 3575 ex
2870 3538 3156 3577 memorato

680 3606 933 3660 opusculo
953 3615 1253 3659 excerpere.

765 3674 862 3719 Hic
894 3684 1069 3720 autem
1091 3676 1234 3720 locus
1254 3682 1336 3720 est
1367 3675 1660 3730 explicandi
1689 3686 1899 3720 sensum
1928 3676 2270 3731 quorumdam
2290 3678 2567 3721 verborum
2599 3676 2853 3721 Docroms
2882 3675 3157 3720 Vra-cumn

684 3757 752 3791 DE
778 3758 846 3790 LA
873 3746 1110 3797 Fons-ru,
1129 3747 1216 3802 qui
1231 3779 1243 3801 ,
1265 3748 1328 3791 de
1348 3747 1448 3793 hoc
1470 3746 1701 3802 collegio
1721 3746 1901 3792 Sancti
1922 3747 2225 3805 Hieronymi
2246 3759 2339 3792 seu
2359 3748 2717 3793 Universitate
2740 3747 3158 3803 compostellana

681 3830 872 3874 agens,
894 3819 993 3863 ait:
1024 3818 1157 3863 “Por
1189 3820 1323 3863 ellae
1348 3820 1778 3869 (constitutiones
1799 3818 2253 3875 compostellanae
2274 3820 2658 3865 Universitatis
2685 3832 2717 3865 a
2748 3820 2979 3866 Doctore
3012 3820 3159 3865 com-

683 3890 908 3944 plutensi
941 3890 1155 3934 Andr-ea
1187 3889 1384 3935 cuesta.
1417 3892 1704 3947 confectae,
1734 3898 1787 3936 et
1805 3902 1940 3935 anno
1973 3891 2078 3936 1566
2110 3903 2143 3937 a
2171 3891 2470 3938 Licentinto
2502 3891 2751 3937 Guevnrn.
2780 3892 3076 3937 visitatore
3106 3892 3156 3936 in

682 3962 944 4006 nonnullis
963 3962 1306 4018 immutatae),
1327 3965 1376 4008 el
1388 3964 1598 4008 'estudio
1619 3965 1681 4008 de
1712 3965 1765 4008 la
1785 3964 2081 4018 gramatice
2109 3965 2273 4010 latina
2302 3976 2357 4009 se
2379 3966 2692 4009 encomendo
2712 3968 2745 4008 a
2764 3967 2841 4009 los
2861 3964 3061 4009 Padres
3080 3962 3160 4017 Je-

683 4034 868 4086 suitas,
887 4034 970 4078 sin
987 4035 1308 4079 retribucion
1329 4036 1389 4079 de
1413 4036 1642 4090 ningnna
1661 4037 1864 4091 especie
1878 4068 1890 4088 .
1910 4036 2305 4091 prohibiendose
2327 4048 2423 4091 que
2446 4048 2509 4081 en
2541 4037 2769 4089 ninoeuna.
2789 4044 2907 4081 otra
2924 4044 3073 4092 parte
3094 4038 3155 4079 de

684 4107 736 4149 la
755 4106 942 4150 cindad
962 4117 1018 4150 se
1046 4109 1326 4162 ensennse,
1347 4108 1400 4152 ni
1420 4119 1522 4152 aun
1542 4118 1639 4152 con
1669 4108 1889 4152 licencia
1912 4107 1993 4151 del
2015 4106 2306 4163 OrdInario,
2328 4109 2441 4154 sino
2470 4120 2535 4153 en
2552 4108 2733 4152 virtud
2754 4108 2815 4151 de
2848 4110 2900 4153 ia
2922 4109 3003 4152 del
3028 4108 3156 4165 Rey.

682 4190 721 4234 y
739 4188 836 4220 con
855 4178 1132 4222 antoridad
1154 4191 1189 4235 y
1209 4181 1640 4224 consentimiento
1661 4180 1744 4223 del
1760 4179 2009 4224 clanstro
2027 4180 2090 4222 de
2112 4181 2165 4223 la
2180 4179 2546 4225 Universidad.
2562 4179 2674 4224 Mas
2692 4189 2839 4223 como
2860 4174 3159 4224 este'sentia

683 4259 783 4292 ver
803 4250 1062 4303 seper-ada
1083 4250 1146 4293 de
1167 4250 1270 4295 ella
1295 4252 1346 4295 la
1366 4254 1656 4296 enseflanza
1677 4263 1774 4307 que
1793 4252 1990 4296 habian
2010 4251 2212 4295 mit-ado
2232 4263 2327 4296 con
2352 4257 2502 4296 tanta
2519 4252 2863 4307 predileccion
2886 4252 2963 4295 lov.
2981 4251 3160 4296 sunda·

683 4321 836 4371 dores
846 4332 890 4377 y
908 4332 1004 4375 por
1025 4330 1142 4365 otro
1162 4322 1282 4366 lado
1303 4322 1382 4365 Ios
1398 4322 1608 4366 Padres
1619 4322 1870 4379 Jesuitas
1889 4334 1948 4367 se
1968 4324 2228 4366 resistian
2250 4323 2283 4365 d
2302 4324 2461 4367 daria
2482 4326 2927 4377 gratuitamente,
2940 4336 2997 4368 se
3017 4330 3160 4368 aten-

679 4392 768 4435 dio
787 4402 850 4435 en
871 4394 925 4435 lu
943 4392 1172 4437 reforma.
1191 4394 1253 4437 de
1275 4394 1449 4439 159312
1472 4394 1816 4439 reclamcion
1831 4395 1915 4438 del
1926 4393 2193 4438 claustro.
2206 4422 2243 4438 ..
2256 4426 2277 4447 ,.
2294 4394 2374 4445 (L.
2388 4406 2431 4439 c.
2448 4401 2484 4439 t.
2495 4404 2676 4450 11,cap.
2693 4398 2858 4443 xxxu)
2870 4396 2955 4439 ubi
2978 4397 3158 4447 verba,

683 4476 814 4518 quae
835 4464 1043 4508 italicis
1062 4466 1202 4521 typis
1218 4466 1598 4518 distinoeuimus.
1617 4477 1716 4510 non
1732 4466 1783 4510 id
1803 4464 2101 4521 significant
2118 4466 2346 4511 voluisse
2363 4466 2639 4511 societatis
2654 4467 2845 4511 Patres
2860 4468 2927 4511 ab
2939 4468 3161 4511 alumnis

684 4536 880 4591 aliquid
900 4547 993 4591 pro
1015 4538 1320 4582 lectionibus
1341 4544 1674 4592 extorquere.
1695 4539 1786 4583 sed
1807 4550 1836 4581 e
1860 4546 2047 4585 contra.
2061 4573 2072 4594 .
2090 4541 2291 4585 scilicet
2306 4572 2316 4589 .
2339 4550 2438 4594 quo
2460 4539 2629 4593 gratis
2652 4541 2823 4589 legere
2840 4539 2991 4593 Juxta
3011 4550 3159 4582 suum

685 4608 987 4654 institutum
1007 4612 1272 4663 vaierent,
1298 4612 1365 4654 ab
1383 4610 1744 4655 Universitate
1775 4612 1987 4666 petiisse
2008 4619 2064 4656 ut
2086 4625 2151 4657 ex
2180 4614 2290 4668 ejus
2322 4611 2573 4655 reditibus
2602 4610 2971 4654 sustentationi
2999 4612 3159 4654 lecto-

685 4690 799 4723 rum
818 4680 1141 4735 provideret.

763 4754 787 4785 ὁ
842 4752 1142 4807 Alphonsus
1163 4754 1224 4797 de
1249 4754 1492 4799 Acebedo
1513 4760 1563 4798 et
1585 4754 1803 4809 Zunlga.
1823 4753 1961 4800 Vide
1982 4766 2169 4811 supra,
2192 4762 2230 4800 t.
2252 4766 2290 4799 11
2313 4762 2364 4799 et
2386 4766 2461 4799 ιιι.
