3742 5392
1596 469 1727 527 ΑΝ.
1770 467 1912 525 1554
2898 466 3002 524 155

526 624 777 680 contra
800 614 1245 696 frequentem
1274 632 1485 679 usum
1506 614 2026 678 communionis
2049 614 2350 693 aperuit,
2379 621 2447 676 et
2471 612 2730 693 partim
2759 619 2999 675 aucto·

528 724 737 787 ritate
782 739 945 802 sua,
986 723 1249 803 partim
1294 722 1716 803 quibusdam
1752 721 2198 799 argumentis
2242 718 2606 798 adnibitiS,
2639 719 2997 782 nitebatur

522 832 935 909 scrupulum
956 830 1283 909 ingerere
1302 828 1599 893 Vicario
1628 828 1815 909 quod
1844 828 2251 891 saeculares
2277 826 2600 889 homines
2625 824 2876 889 crebro
2908 825 3000 888 ad

526 936 704 999 haec
734 935 883 1000 Sta.
917 934 1382 1000 Sacramenta
1416 934 1757 997 accedere
1788 934 2264 1015 permitteret;
2298 950 2440 996 non
2469 940 2709 995 tamen
2737 932 2810 995 id
2846 948 2998 1012 per-

526 1044 753 1107 suasit
781 1041 1108 1121 Vicari0‚
1145 1041 1260 1105 cui
1299 1040 1619 1105 minister
1659 1041 1773 1104 ille
1814 1042 2134 1104 aemulus
2173 1040 2387 1103 etiarn
2427 1055 2583 1102 esse
2625 1038 3003 1103 Societatis

524 1147 923 1228 videbatur,
958 1157 1033 1211 ut
1082 1166 1173 1211 ex
1216 1148 1456 1211 verbis
1508 1148 1733 1227 ipsius
1784 1147 2024 1227 colligi
2073 1156 2386 1227 poterat,
2436 1162 2618 1227 quae
2665 1145 3002 1209 Vicarius

523 1255 911 1333 referebat;
947 1257 1130 1318 inter
1160 1272 1341 1336 quae
1368 1256 1657 1318 dicebat
1679 1254 1907 1317 bonus
1935 1254 2052 1317 ille
2083 1254 2463 1333 religiosus
2492 1253 2666 1317 nihil
2695 1269 2854 1316 esse
2883 1271 2997 1328 ea,

526 1379 711 1442 quae
760 1363 847 1425 de
899 1361 1255 1425 Societate
1306 1362 1374 1425 in
1427 1360 1837 1441 regionibus
1887 1359 2128 1424 Indiae
2178 1370 2384 1441 gesta
2435 1354 2998 1439 celebrabantur,

527 1484 687 1532 cum
736 1469 946 1549 pauci
996 1468 1083 1532 de
1132 1466 1489 1532 Societate
1538 1468 1633 1531 ibi
1690 1476 1959 1542 essent,
2014 1466 2138 1530 sed
2196 1466 2466 1547 Regem
2515 1466 3000 1547 portugalliae

522 1576 807 1639 mittere
856 1584 1195 1639 centenos
1244 1575 1618 1654 religiosos
1660 1573 1785 1638 Sti.
1828 1572 2198 1637 Francisci
2249 1574 2321 1637 in
2373 1574 2490 1637 illa
2536 1574 2717 1637 loca.
2761 1572 3002 1636 Facile

528 1683 828 1762 intelligi
866 1692 1098 1762 potest
1127 1682 1285 1764 quis
1314 1683 1433 1745 hic
1462 1682 1674 1745 fuerit
1714 1682 2067 1761 minister,
2103 1691 2172 1745 et
2199 1696 2338 1761 quo
2379 1683 2538 1743 loco
2568 1680 2782 1745 etiam
2813 1681 3002 1761 apud

526 1806 701 1853 suos
738 1790 1022 1853 habitus
1054 1789 1296 1867 fuerit,
1330 1798 1401 1851 et
1438 1789 1599 1851 ideo
1640 1788 2244 1869 supersedendum
2285 1804 2543 1850 censeo
2585 1787 2673 1851 ab
2714 1786 2873 1850 aliis
2917 1786 3004 1851 de

538 1912 623 1959 co
652 1896 1072 1959 scribendis.

649 2001 793 2065 316.
880 2002 1183 2083 Quidam
1212 2004 1429 2066 etiam
1458 2002 1866 2081 religiosuS,
1903 2010 1972 2065 et
2000 2001 2283 2081 quidem
2313 2002 2797 2080 concionator,
2834 2002 2998 2064 alte-

536 2110 687 2173 rius
744 2108 1045 2181 ordinis,
1111 2108 1383 2171 Perusii
1438 2124 1530 2171 ex
1584 2114 1932 2187 suggestu
1979 2106 2159 2171 dixit
2212 2125 2356 2171 non
2413 2106 2623 2171 facile
2678 2108 3004 2171 omnibus

544 2215 1158 2296 praedicatoribus
1213 2224 1283 2279 et
1346 2215 1733 2279 lectoribus
1804 2231 2057 2277 sacrae
2113 2212 2524 2295 Scripturae
2567 2214 2998 2278 credendum

540 2338 731 2401 esse;
772 2338 907 2385 nec
948 2322 1137 2385 enim
1183 2322 1496 2385 omnium
1544 2338 1701 2385 esse
1744 2321 2025 2384 dicebat
2069 2319 2476 2401 Scripturas
2505 2320 2996 2401 interpretari:

533 2428 729 2507 date,
772 2429 1033 2509 inquit,
1070 2429 1491 2510 quibusdam
1534 2446 1625 2491 ex
1663 2428 1775 2491 his
1804 2428 1881 2491 B.
1919 2426 2216 2491 Paulum
2257 2428 2900 2509 interpretandum,
2936 2437 3007 2491 et

530 2536 1001 2614 grammatice
1014 2536 1248 2616 ipsum
1270 2534 1945 2615 interpretabuntur;
1971 2545 2040 2599 et
2061 2544 2299 2597 tamen
2319 2535 2554 2597 nullus
2577 2534 2655 2597 Β.
2681 2533 3002 2615 Paulum,

532 2653 817 2723 praeter
860 2643 1049 2706 hunc
1094 2643 1678 2707 concionatorem
1700 2652 1770 2705 et
1798 2642 1875 2706 P.
1909 2640 2380 2720 Everardum,
2413 2642 2896 2722 explicabant,
2933 2642 3006 2705 in

533 2766 743 2827 quem
772 2752 950 2813 haec
982 2750 1124 2813 tela
1153 2750 1469 2829 torqueri
1498 2749 1959 2827 videbantur;
1989 2750 2141 2829 qui,
2177 2766 2340 2812 cum
2380 2748 2784 2829 linguarum
2823 2748 3002 2828 peri·

526 2866 643 2920 tus
684 2866 901 2937 esset,
933 2858 1007 2919 in
1048 2857 1327 2920 litterae
1371 2852 1849 2937 explicatione
1891 2853 2294 2935 hujusmodi
2330 2856 2584 2936 peritia
2625 2852 3004 2935 aliquando

528 2963 624 3027 ad
652 2980 941 3027 sensum
963 2962 1373 3044 Scripturae
1403 2960 2012 3043 interpretandum
2041 2962 2396 3026 utebatur.
2432 2962 2628 3025 Haec
2669 2971 2908 3025 tamen
2939 2970 3010 3025 et

536 3070 675 3134 alia
704 3070 1107 3151 hujusmodi
1136 3071 1423 3149 utiliter,
1472 3071 1725 3133 saltem
1758 3088 1801 3133 a
1851 3070 2138 3148 nostriS,
2193 3068 2681 3149 audiebantur,
2724 3088 2812 3133 ne
2850 3086 3005 3150 pro-

529 3274 741 3329 scriptis
761 3273 1084 3319 Haeredibus
1105 3273 1421 3328 Pauperibus
1442 3272 1817 3319 Incurabllibus
1836 3272 2144 3319 xenodochii
2165 3273 2219 3317 S.
2237 3272 2429 3328 Jacobs·
2449 3272 2512 3317 de
2543 3272 2698 3325 Urbe,
2715 3274 2937 3318 moritur
2958 3274 3008 3317 ln

533 3344 789 3390 coenobio
813 3346 847 3389 S
888 3345 1033 3389 Petri
1055 3347 1106 3389 in
1132 3353 1305 3390 monte
1338 3356 1498 3389 aureo
1530 3356 1648 3389 anu.
1672 3345 1793 3399 1568,
1814 3353 2110 3388 aetat-suae
2129 3346 2199 3396 ⁶7,
2223 3350 2276 3388 et
2307 3344 2358 3387 in
2390 3343 2602 3399 Templo
2635 3344 3010 3389 Aracoetetono

534 3417 612 3461 sui
628 3416 791 3461 Tituli
812 3419 1114 3461 tumulatur.
1136 3416 1293 3461 Rexit
1323 3428 1444 3460 ann.
1463 3416 1545 3469 4.„
1567 3416 1851 3470 catalogus
1876 3414 2130 3460 Omnium
2152 3416 2754 3460 Reverenaisstmomm
2779 3416 3008 3459 Patrum

534 3488 913 3533 Ministrorum
937 3488 1289 3532 Generalium
1313 3488 1537 3531 Ordinis
1556 3488 1817 3531 &atrum
1840 3487 2136 3540 Minorum,
2155 3500 2190 3531 a
2211 3487 2502 3541 Seraphim
2523 3488 2848 3533 Patrtarcha
2871 3488 2924 3533 S.
2945 3488 3008 3531 P.

530 3558 596 3603 N.
617 3559 909 3604 Franctsco
930 3570 1099 3614 usque
1120 3559 1192 3603 ad
1214 3561 1592 3603 excurrentem
1618 3560 1833 3603 Annum
1856 3559 2003 3609 1751,
2024 3560 2074 3604 in
2097 3560 2485 3614 Appendicibus
2505 3560 2571 3603 ad
2603 3566 2808 3614 partem
2827 3570 3008 3604 secun-

530 3633 652 3677 dam
674 3631 879 3676 tornius
903 3630 1279 3685 chronologiae
1298 3631 1775 3685 historico-legatis
1796 3631 2083 3685 seraphici
2107 3630 2346 3682 Ordtm‘S,
2367 3638 2580 3675 auctore
2603 3630 2808 3675 Canobo
2836 3630 3010 3675 Malam

535 3702 933 3748 Faustum-Et
950 3704 1003 3748 in
1024 3702 1313 3759 Btografta
1335 3702 1674 3747 eclesiastica
1695 3703 1979 3757 completa,
1999 3712 2035 3747 t.
2058 3714 2126 3748 tv,
2147 3714 2268 3757 pag.
2287 3702 2366 3747 801
2386 3714 2398 3747 :
2419 3702 2664 3747 “Domum
2683 3702 3012 3757 (Clemente)

535 3775 777 3820 cardenal
796 3806 807 3827 ,
828 3777 1006 3829 obispo
1026 3776 1089 3819 de
1120 3774 1352 3829 Foligno.
1378 3774 1527 3819 nacio
1548 3786 1611 3818 eu
1646 3776 1694 3819 el
1728 3776 1861 3827 siglo
1895 3786 1987 3819 xvi
2020 3786 2082 3818 en
2118 3772 2376 3829 Monegua
2393 3808 2403 3825 .
2426 3776 2611 3829 pueblo
2631 3774 2714 3820 del
2746 3776 2926 3819 estado
2948 3776 3009 3819 de

532 3846 779 3901 Genova3
802 3852 951 3891 entro
972 3858 1036 3890 en
1058 3848 1107 3891 ei
1127 3846 1299 3891 orden
1320 3847 1383 3890 de
1406 3846 1587 3891 fraiies
1618 3858 1853 3891 menores
1875 3860 1910 3903 y
1931 3847 2015 3890 fue
2046 3847 2283 3901 proresor
2303 3848 2363 3890 de
2385 3846 2614 3901 teologia
2629 3879 2640 3897 .
2661 3858 2793 3904 cuyo
2813 3850 3013 3902 empleo

530 3918 843 3973 decempeno
880 3930 975 3963 con
998 3918 1195 3971 grande
1217 3918 1495 3962 distincion
1511 3949 1522 3966 .
1540 3920 1801 3962 combatio
1833 3928 1930 3962 con
1951 3920 2062 3963 celo
2092 3920 2170 3962 los
2201 3929 2406 3962 errores
2427 3929 2524 3972 que
2545 3920 2860 3973 empczaban
2883 3924 2914 3963 a
2936 3920 3009 3963 in·

536 3992 822 4035 troducirce
845 4002 907 4035 en
928 3992 979 4035 ia
1002 3990 1208 4045 Inessa,
1230 4002 1266 4047 y
1288 3990 1447 4034 Paulo
1466 3988 1543 4033 IV
1563 4001 1627 4033 eu
1648 4001 1986 4046 recompensa
2006 3992 2053 4033 le
2075 3992 2224 4034 elevo
2247 3994 2280 4034 a
2301 3992 2351 4034 la
2373 3990 2618 4044 dignidad
2641 3990 2704 4034 de
2726 3988 3005 4035 Cardenal.

538 4062 709 4107 flabia
738 4064 851 4107 sido
870 4062 1071 4115 eleoeido
1100 4074 1172 4119 γε.
1193 4062 1431 4116 superior
1448 4063 1663 4115 general
1687 4062 1749 4105 de
1770 4073 1829 4106 su
1862 4060 2062 4117 Orden,
2086 4062 2285 4106 cuando
2312 4073 2443 4116 poco
2465 4066 2657 4117 tiempo
2689 4061 2907 4117 despues
2928 4064 3012 4108 fue

532 4137 819 4179 nombrado
838 4134 1031 4188 obispo
1052 4136 1115 4179 de
1136 4132 1372 4187 Foligno.
1397 4132 1654 4178 Colocado
1676 4146 1737 4178 en
1768 4146 1827 4178 su
1860 4134 2081 4179 diocesis
2114 4135 2356 4178 continuo
2385 4134 2713 4178 observando
2743 4136 2796 4180 la
2826 4135 3012 4180 misma

536 4207 658 4251 vida
682 4214 896 4251 austera
916 4206 1000 4251 del
1029 4208 1277 4261 claustro,
1298 4218 1333 4264 y
1354 4207 1519 4250 mario
1540 4218 1602 4249 en
1626 4206 1789 4250 Roma
1808 4208 1856 4250 el
1877 4207 1906 4249 6
1933 4206 1995 4250 de
2017 4206 2190 4250 Enero
2219 4206 2282 4249 de
2306 4206 2425 4249 1568.
2449 4204 2732 4260 compuso:
2759 4204 3012 4261 Compen-

532 4280 687 4323 dium
708 4279 1128 4333 theologicarum
1151 4280 1587 4331 institutionum,
1606 4278 1797 4333 Roma,
1821 4278 1949 4333 1565,
1974 4289 2037 4322 en
2056 4278 2129 4323 8.⁰
2159 4278 2319 4322 Pabio
2351 4276 2590 4322 Manucio
2623 4288 2722 4333 que
2755 4279 3013 4333 impr-{mlo

536 4357 650 4395 eota
668 4353 825 4397 obra.
846 4352 895 4395 lc
918 4350 1099 4395 dedico
1132 4353 1184 4395 al
1214 4356 1370 4395 autor
1398 4362 1493 4394 con
1512 4362 1617 4395 una
1648 4352 1870 4405 epistola
1904 4362 1966 4394 en
1997 4350 2050 4394 la
2080 4352 2196 4395 cuni
2227 4350 2358 4394 hace
2389 4350 2616 4405 grandes
2637 4350 2835 4404 elogios
2855 4350 2917 4393 de
2953 4362 3013 4395 su

530 4422 721 4477 piedad
743 4434 779 4479 y
798 4423 861 4466 de
881 4434 941 4467 su
961 4422 1246 4467 sabiduria.
1260 4422 1389 4467 Este
1405 4422 1645 4466 volumen
1666 4432 1729 4465 en
1750 4422 1802 4465 la
1822 4422 2124 4466 actualidad
2147 4432 2203 4465 es
2224 4428 2542 4465 sumamente
2563 4430 2704 4475 raro,
2721 4432 2756 4477 y
2777 4424 3013 4465 contiene

534 4501 675 4539 οτι-οε
694 4494 907 4539 muchos
926 4494 1167 4539 tratados
1182 4494 1244 4538 de
1262 4492 1470 4538 Dolera:
1494 4492 1573 4537 De
1592 4493 1831 4548 symbolo
1850 4494 2235 4547 apostotorum:
2250 4491 2332 4536 De
2352 4494 2740 4545 sacramentis·
2759 4492 2840 4537 De
2850 4498 3013 4549 prac-

532 4568 707 4621 cepeis
724 4566 957 4619 divinia·
978 4566 1058 4611 De
1078 4565 1322 4611 constttts
1343 4566 1692 4619 evangelie-ts,
1712 4564 2024 4618 etc.„—Cum
2052 4565 2115 4609 ils
2144 4571 2320 4609 autem
2342 4562 2480 4608 haud
2515 4564 2648 4608 satis
2679 4565 3014 4619 conveniunt,

534 4650 669 4693 quae
703 4639 981 4683 reticentia
1016 4638 1239 4694 quadam
1274 4636 1601 4682 subindicare
1635 4638 1847 4681 videtur
1881 4637 1990 4691 ipse
2025 4635 2277 4681 Polaucus
2310 4636 2448 4680 infra
2482 4636 2548 4679 ad
2583 4634 2736 4691 huJus
2769 4646 2907 4681 num.
2932 4637 3016 4681 315

540 4708 719 4754 finem.
