3742 5392
1591 513 1720 572 ΑΝ.
1765 512 1907 571 1554
2876 514 2988 575 289

515 664 896 725 multorum
939 660 1334 723 sententiae
1377 659 1662 723 obviarn
1700 658 1949 737 iretur3
1994 658 2321 739 quamvis
2359 656 2447 721 D.
2496 658 2983 724 Cancellarius

516 768 1012 845 Lovaniensis,
1046 767 1181 829 hoc
1209 765 1358 830 sere
1388 774 1730 846 tempore,
1773 773 1851 828 ut
1881 774 2034 828 erat
2064 765 2177 829 vir
2217 765 2668 829 doctissimus
2698 784 2831 831 nec
2861 768 2983 831 mi-

515 893 650 939 nus
677 874 859 956 piuS,
890 873 1168 955 publice
1197 873 1334 936 hac
1365 871 1452 935 de
1475 889 1553 936 re
1595 871 1957 949 disseruit,
1991 881 2061 935 et
2091 872 2279 951 quod
2308 872 2548 950 liceat,
2584 874 2797 936 immo
2826 890 2985 937 san-

515 993 711 1047 ctum
731 982 845 1059 sit,
875 980 1294 1044 inconsultis
1314 989 1384 1043 et
1415 979 1658 1043 invitis
1687 979 2123 1060 parentibus,
2159 978 2577 1058 religionem
2608 980 2885 1059 ingredi
2916 990 2985 1045 et

519 1106 811 1155 vovere.
867 1087 1140 1152 Doctor
1176 1087 1391 1150 etiam
1431 1085 1716 1166 quidam
1757 1085 2043 1149 nomine
2087 1084 2444 1149 Adrianus
2484 1086 2571 1149 de
2612 1104 2691 1149 re
2740 1087 2991 1151 eadem

492 1258 498 1267 ,
523 1196 675 1260 fuse
705 1194 1040 1259 disseruit
1071 1191 1112 1257 ¹.

639 1302 782 1365 619.
869 1300 1108 1365 Vidua
1139 1298 1487 1381 quaedam
1527 1298 1610 1362 22
1639 1316 1868 1362 annos
1898 1307 2069 1362 nata
2101 1299 2557 1380 Antuerpiae,
2602 1299 2874 1363 duobus
2917 1302 2990 1363 li-

520 1411 734 1489 beriS,
767 1426 812 1471 a
829 1408 1083 1471 marito
1106 1406 1436 1471 defuncto
1466 1407 1786 1486 sumptiS,
1815 1406 1950 1468 sub
1976 1423 2150 1469 cura
2171 1418 2541 1486 parentum
2568 1424 2863 1471 suorum
2888 1424 2989 1471 re-

521 1516 730 1593 lictis,
763 1514 1183 1595 religionem
1211 1513 1489 1593 ingredi
1520 1513 1870 1593 cupiebat:
1906 1529 2068 1575 cum
2099 1522 2335 1575 autem
2364 1513 2562 1576 multi
2594 1513 2731 1577 hoc
2761 1515 2825 1577 ei
2855 1513 2989 1578 dis-

525 1623 938 1699 suaderent,
987 1631 1320 1700 parentes
1363 1630 1602 1683 autem
1641 1618 1824 1700 eJ'uS,
1871 1628 1947 1682 ut
1998 1620 2333 1700 probaret
2381 1621 2708 1700 spiritum
2760 1638 2989 1701 suurn,

529 1730 720 1811 apud
747 1745 1032 1792 sorores
1061 1725 1136 1791 P.
1179 1727 1484 1792 Adriani
1512 1744 1672 1790 eam
1701 1726 2241 1804 constituerunt,
2275 1744 2455 1807 quae
2486 1737 2631 1791 tam
2661 1728 2995 1807 religiose

533 1837 892 1915 vivebant,
925 1844 1003 1897 ut
1033 1851 1281 1898 earum
1321 1834 1572 1898 domus
1609 1850 1914 1913 parvum
1952 1832 2308 1914 quoddam
2348 1834 2857 1898 monasterium
2896 1836 2994 1898 vi-

535 1943 844 2008 deretur:
903 1959 1063 2006 cum
1107 1952 1343 2005 autem
1385 1941 1599 2003 etiam
1647 1940 1768 2021 qui
1805 1940 1905 2020 pii
1949 1940 2375 2004 videbantur
2417 1940 2858 2005 deterrerent
2897 1942 2993 2004 vi-

537 2051 751 2114 duam
781 2058 852 2111 et
880 2048 1196 2129 dicerent
1225 2048 1359 2128 ipsi
1388 2064 1532 2110 non
1559 2048 1774 2110 licere
1802 2045 2244 2127 Religionem
2275 2048 2576 2126 ingredi,
2610 2046 2997 2127 in”magnis

537 2160 654 2222 illa
687 2155 1038 2235 angustiis
1085 2156 1493 2232 constituta,
1542 2154 1901 2217 humiliter
1944 2172 1987 2217 a
2016 2151 2093 2215 Ρ.
2140 2152 2458 2218 Adriano
2497 2156 2883 2235 postulavit
2921 2165 2998 2219 ut

534 2265 703 2345 quid
740 2265 891 2345 ipse
927 2262 1223 2326 sentiret
1253 2261 1663 2341 explicaret,
1705 2260 1826 2341 qui
1862 2261 2048 2324 bono
2078 2261 2329 2340 spiritu
2368 2262 2598 2341 ipsam
2636 2261 2797 2326 duci
2841 2279 2998 2326 cen-

534 2389 722 2449 senS,
755 2381 826 2434 et
855 2369 1262 2433 consolatus
1291 2377 1422 2447 est,
1469 2376 1540 2430 et
1568 2367 1913 2430 animavit
1952 2368 2041 2430 ad
2088 2368 2259 2431 illud
2300 2368 2490 2431 vitae
2517 2384 2745 2447 genus
2782 2370 2998 2433 susci-

528 2477 888 2559 piendum,
921 2485 990 2540 et
1019 2496 1061 2539 a
1090 2475 1504 2555 parentibus
1535 2474 1679 2555 (qui
1717 2491 1809 2537 ex
1837 2474 2270 2554 primoribus
2308 2487 2512 2538 erant
2550 2486 2619 2537 et
2660 2474 2869 2539 valde
2900 2476 2997 2540 di-

531 2584 736 2664 vites)
767 2584 1175 2665 impetravit
1207 2591 1282 2645 ut
1311 2582 1606 2644 libenter
1634 2581 2019 2644 liberorum
2062 2598 2310 2645 curam
2340 2582 2782 2662 susciperent
2812 2580 2860 2646 ⁸.

644 2690 786 2755 620.
871 2691 1320 2754 Fruebantur
1375 2688 1600 2752 nostri
1649 2688 1953 2751 Lovanii
2002 2706 2191 2750 nova
2245 2688 2552 2768 quadarn
2596 2699 2664 2751 et
2710 2690 2997 2753 insolita

526 2800 1058 2880 tranquillitate,
1091 2806 1160 2860 et
1189 2813 1434 2859 omnes
1455 2794 1868 2873 tragoediae
1891 2796 2317 2875 praeteritae
2342 2796 2998 2883 oblivioniprorsus

531 2907 838 2970 traditae
867 2922 950 2969 ac
981 2905 1298 2984 sepultae
1331 2902 1779 2980 videbantur,
1812 2912 1883 2963 et
1915 2903 2163 2982 optimi
2203 2904 2460 2982 quique
2501 2912 2569 2965 et
2600 2903 2999 2968 eminentis-

533 3014 695 3077 simi
725 3012 1149 3076 auctoritate
1191 3028 1276 3075 ac
1317 3010 1694 3089 dignitate,
1739 3018 1862 3072 aut
1902 3008 2240 3073 favebant
2279 3009 2487 3073 rebus
2532 3010 2830 3089 nostris,
2877 3021 2999 3075 aut

535 3130 728 3184 certe
760 3119 1322 3197 dissimulabant;
1356 3134 1486 3180 nec
1532 3116 1954 3179 accedentes
1998 3116 2088 3179 ad
2120 3125 2403 3179 nostros
2446 3118 2629 3180 ullus
2668 3118 2997 3199 impedie-

581 3446 588 3452 ,
619 3399 636 3431 ¹
693 3397 872 3442 “Mitto
905 3396 1064 3441 etiam
1095 3397 1448 3451 quaestionem
1467 3396 1612 3439 illam
1643 3395 1705 3438 de
1737 3395 2004 3449 religionis
2033 3396 2285 3450 ingressu,
2320 3396 2622 3441 inconsultis
2646 3400 2729 3441 vel
2750 3399 2909 3443 etiam
2932 3400 3004 3443 in-

537 3470 666 3515 vitis
685 3469 1004 3525 parentibus.
1023 3469 1159 3513 serio
1181 3475 1483 3521 tractatam,
1506 3475 1562 3512 ut
1587 3468 1644 3510 R.
1667 3466 1733 3511 V.
1765 3479 1819 3510 se
1840 3469 1979 3511 velle
2006 3467 2417 3521 significaverat,
2449 3470 2688 3522 quamvis
2721 3470 2773 3513 in
2802 3470 3003 3516 florenti

537 3543 641 3585 ista
665 3541 946 3585 Academia
965 3540 1280 3584 Lovaniensi
1300 3540 1384 3583 hic
1405 3542 1551 3584 labor
1571 3550 1756 3593 parum
1780 3539 2025 3583 videatur
2044 3539 2168 3583 mihi
2194 3540 2345 3583 fuisse
2368 3540 2709 3585 necessarius.
2732 3542 2804 3585 Ut
2826 3548 3001 3587 tumen

536 3612 816 3666 inteuigas,
837 3613 1009 3664 Pater,
1027 3623 1181 3666 quam
1201 3614 1406 3665 cupiam
1429 3622 1538 3655 rem
1552 3618 1763 3665 gratam
1784 3611 1959 3655 facere
1980 3610 2037 3653 T.
2057 3610 2117 3653 R.
2138 3612 2297 3655 etiam
2320 3611 2370 3655 in
2386 3622 2443 3655 re
2458 3612 2667 3656 minime
2686 3614 3003 3667 necessaria,

529 3684 758 3739 jucunda
781 3690 974 3737 tamen,
993 3694 1180 3737 parere
1204 3684 1358 3727 volui.
1389 3682 1763 3731 Refutationes.
1796 3692 1927 3736 quae
1959 3682 2009 3725 in
2043 3684 2185 3726 calce
2208 3692 2342 3735 sunt,
2364 3690 2789 3737 argumentorum
2820 3692 3005 3731 contra

533 3756 820 3800 veritatem
839 3756 1176 3811 objectorum.
1198 3754 1333 3799 forte
1355 3765 1454 3797 non
1475 3754 1745 3809 expediret
1762 3754 1997 3797 omnibus
2015 3754 2234 3807 ostendi,
2252 3766 2314 3797 ne
2336 3757 2468 3799 male
2485 3756 2752 3811 dispositis
2774 3756 3009 3803 efficacia

535 3828 628 3871 illa
647 3832 956 3881 argumenta
975 3827 1147 3881 potius
1181 3838 1336 3880 quam
1356 3827 1636 3870 solutiones
1667 3825 1986 3875 viderentur:
2016 3826 2108 3869 sed
2127 3826 2224 3869 hoc
2255 3834 2375 3871 tuae
2404 3827 2709 3883 prudentiae
2740 3830 3009 3874 committi·

539 3904 670 3951 tun„
690 3898 960 3943 Polaticus.
980 3909 1046 3941 ex
1065 3908 1216 3949 com.,
1237 3897 1382 3941 Patri
1405 3897 1652 3949 Adriano,
1671 3897 1728 3939 23
1746 3896 1987 3949 Janunrii
2019 3897 2140 3941 155⁸.

619 3968 785 4026 HuJus
817 3976 994 4014 antem
1015 3972 1301 4022 tractatus,
1323 3971 1407 4023 qui
1439 3980 1538 4013 non
1561 3970 1702 4025 typis
1732 3970 1902 4013 editus
1932 3970 2022 4013 sed
2054 3980 2208 4014 manu
2228 3970 2477 4025 scriptus,
2510 3970 2801 4016 Lovanium
2824 3974 3011 4019 missus

539 4041 763 4089 videtur.
777 4041 962 4085 nullibi
977 4040 1116 4095 apud
1132 4041 1522 4095 bibliographos
1534 4042 1844 4085 mentionem
1856 4040 2050 4085 factam
2068 4042 2371 4096 reperiam«,
2392 4054 2555 4097 neque
2572 4045 2668 4087 sub
2686 4045 2926 4090 Andreae
2948 4046 3009 4090 de

539 4112 738 4157 Oviedo
759 4114 961 4157 nomine
981 4124 1146 4168 neque
1165 4114 1262 4156 sub
1283 4112 1512 4156 Polanci.
1533 4112 1662 4168 Eius
1691 4124 1820 4156 vero
1850 4113 2030 4157 unIcus
2050 4115 2136 4157 vel
2166 4115 2351 4157 saltem
2370 4116 2681 4169 praecipuus
2710 4124 2895 4161 auctor
2914 4117 3011 4163 init

541 4184 598 4227 P.
619 4184 862 4228 Andreas
881 4185 942 4228 de
965 4182 1184 4228 Oviedo.
1211 4184 1302 4229 Ait
1323 4184 1458 4228 enim
1486 4184 1752 4235 Polancus.
1779 4194 1845 4228 ex
1866 4196 1979 4229 com
1996 4218 2013 4238 ,
2044 4185 2190 4229 Patri
2226 4186 2495 4230 Salmeron
2516 4188 2765 4231 scribens:
2788 4190 3013 4243 “quanto

542 4260 574 4299 a
593 4256 645 4300 io
666 4257 865 4311 scripto
885 4256 968 4299 del
990 4255 1046 4299 P.
1067 4254 1216 4300 Μαι-ο.
1242 4256 1450 4300 Andres
1466 4259 1618 4300 sobre
1640 4264 1820 4301 entrar
1842 4268 1906 4300 eu
1930 4256 2181 4311 Religion,
2198 4268 2263 4301 no
2285 4258 2390 4315 hay
2412 4269 2509 4312 que
2530 4258 2673 4301 decit
2688 4260 2799 4303 sino
2820 4272 2918 4315 que
2936 4273 3013 4305 es-

543 4328 671 4371 taba
690 4330 872 4381 bueno,
907 4340 942 4383 y
963 4339 1056 4371 con
1077 4328 1315 4372 ailadirle
1335 4329 1554 4382 algunos
1576 4330 1897 4373 testimonios
1924 4328 1985 4371 de
2008 4330 2057 4372 la
2078 4330 2342 4381 scripturn
2373 4342 2407 4387 y
2427 4330 2491 4374 de
2513 4332 2589 4374 los
2610 4331 2851 4375 doctores
2868 4345 2905 4389 y
2933 4335 3009 4377 ai·

541 4410 706 4453 gunos
729 4400 990 4453 ejcmplos.
1013 4410 1067 4443 se
1090 4399 1158 4443 ha
1179 4399 1389 4444 int-indo
1424 4403 1456 4444 a
1486 4399 1767 4451 Lovania.„
1788 4400 1842 4443 28
1868 4400 2107 4453 januarii
2130 4401 2429 4454 istae-Quis
2452 4414 2577 4446 vero
2600 4402 2687 4448 ille
2718 4403 2875 4447 suerit
2908 4402 3012 4449 Do·

544 4476 660 4515 ctor
679 4472 882 4514 nomine
905 4471 1184 4523 Adrianus,
1207 4470 1377 4525 quide
1399 4482 1454 4514 re
1477 4472 1676 4525 eadem,
1692 4480 1746 4515 ut
1771 4472 1845 4515 ait
1868 4471 2140 4525 Polaticus,
2163 4472 2273 4515 fuse
2294 4474 2389 4517 hoc
2413 4480 2643 4529 tempore
2661 4474 2885 4519 Lovanii
2906 4477 3021 4520 dis·

544 4543 726 4597 seruit,
749 4542 894 4586 nobis
913 4543 1136 4586 nondum
1158 4548 1479 4596 compertum
1511 4548 1605 4585 est.

627 4614 651 4646 ¹
705 4613 990 4668 Desumpta
1009 4621 1128 4657 sunt
1149 4614 1298 4665 haec,
1320 4621 1371 4658 et
1392 4626 1523 4669 quae
1543 4615 1876 4668 sequentibus
1898 4615 2065 4659 tribus
2086 4626 2166 4658 nn.
2195 4616 2540 4671 continentur,
2572 4618 2639 4661 ad
2670 4619 2886 4663 verbum
2908 4621 3016 4664 fere

547 4697 613 4730 ex
633 4686 1099 4740 quadrimestribus
1135 4696 1167 4729 a
1200 4686 1255 4730 P.
1283 4687 1516 4730 Arnoldo
1551 4684 1720 4729 Hezeo
1757 4686 2065 4741 subscriptis
2087 4687 2295 4739 litteris,
2331 4700 2460 4741 quas
2493 4688 2655 4733 habes
2685 4689 2735 4734 in
2779 4689 3021 4735 Litterae

557 4756 1018 4811 Quadrimestres,
1039 4764 1077 4801 t.
1097 4768 1156 4810 ιι,
1177 4768 1296 4813 pag.
1317 4758 1513 4802 592·597.

795 4846 870 4905 Τ.
905 4864 982 4902 iv.
2676 4866 2739 4920 ¹9
