3742 5392
1664 491 1791 551 ΑΝ.
1836 491 1977 550 1554
2948 494 3059 554 355

576 641 680 703 lio
709 640 910 719 regio
937 656 1184 703 coram
1211 646 1362 702 toto
1387 648 1641 702 senatu
1683 636 1700 669 ⁸
1730 655 1854 701 eas
1892 637 2235 717 legendas
2277 638 2503 716 dedit,
2550 648 2621 701 et
2662 638 2734 701 in
2771 640 3054 720 quibus·

569 748 752 810 -dam
802 746 1018 810 etiam
1060 746 1382 811 ecclesiis
1423 747 1647 809 lectae
1686 743 1993 821 fuerunt,
2042 753 2482 823 congregato
2526 745 2741 823 clero,
2795 756 2867 809 et
2912 764 3054 811 ma-

571 870 808 933 gnam
837 851 1212 917 Societatis
1243 852 1569 916 notitiam
1611 861 1682 915 et
1719 849 2052 914 affectum
2091 866 2269 929 erga
2307 867 2467 914 eam
2508 850 2887 932 dedet-unu
2928 854 3055 918 sed

593 961 770 1024 haec
793 970 862 1024 et
884 957 1285 1040 hujusmodi
1313 958 1522 1023 facile
1550 958 1891 1039 temporis
1921 973 2257 1021 successu
2288 957 2646 1037 excidunt,
2674 969 2744 1023 et
2771 961 3054 1024 concio-

576 1068 866 1131 natoris
905 1084 1122 1148 opera
1163 1077 1284 1130 aut
1325 1068 1464 1129 alia
1508 1084 1596 1129 ex
1628 1066 1740 1129 his
1778 1065 2049 1143 mediis,
2084 1065 2339 1145 quibus
2369 1066 2473 1129 uti
2502 1068 2681 1129 solet
2726 1065 3053 1131 Societas

592 1174 688 1237 ad
717 1174 1200 1237 conciliandos
1229 1172 1383 1237 Deo
1414 1174 1779 1237 hominum
1809 1174 2107 1251 animOS,
2140 1173 2545 1235 necessaria
2586 1184 2750 1237 sunt
2779 1183 2856 1239 ut
2897 1176 3058 1239 reti·

577 1290 850 1345 ‘neatur
878 1282 1301 1362 populorum
1329 1278 1651 1343 affectus,

713 1386 856 1451 760.
944 1387 1088 1452 Sub
1118 1387 1392 1452 initium
1437 1386 1756 1450 autumni
1795 1384 2090 1449 recessit
2132 1403 2223 1447 ex
2262 1384 2399 1449 hac
2427 1387 2581 1449 vita
2608 1386 2685 1461 Ρ,
2720 1386 3063 1453 Montser-

599 1504 732 1575 rat,
776 1506 847 1558 et
885 1504 962 1559 ut
1002 1496 1276 1577 sperari
1315 1494 1520 1558 debet
1560 1504 1708 1557 tam
1745 1510 1836 1556 ex
1876 1490 2058 1572 ejus,
2103 1491 2271 1555 dum
2312 1493 2610 1572 viveret,
2660 1496 3064 1560 actionibus

591 1601 840 1685 [quam
880 1620 970 1666 ex
1011 1601 1182 1683 ejus]
1230 1611 1489 1676 morte,
1535 1599 1625 1663 ad
1669 1599 2179 1663 beatitudinem
2228 1616 2320 1663 ex
2370 1601 2732 1664 laboribus
2772 1604 3063 1678 vocavit

597 1727 760 1775 eum
801 1710 1145 1773 Dominus
1175 1708 1221 1767 ¹.

719 1816 861 1879 761.
950 1815 1170 1879 Auxit
1197 1814 1626 1895 temporales
1657 1812 2027 1892 angustias
2059 1812 2159 1875 rei
2182 1813 2553 1877 familiaris
2578 1814 2768 1894 quod
2793 1832 3063 1879 merca—

586 1936 716 1986 Ττοι·
733 1924 1016 2003 quidam
1044 1924 1336 1997 amicus,
1357 1920 1778 2000 cognomine
1803 1920 2000 1982 Bolet
2020 1917 2066 1997 ³,
2094 1920 2213 1999 qui
2236 1919 2384 1983 fere
2408 1931 2787 1984 sexcentos
2810 1940 3067 1987 aureos

688 2167 704 2198 ¹
761 2164 1001 2219 Intellige
1023 2171 1258 2208 senatum
1281 2174 1371 2206 seu
1392 2162 1690 2214 Juratorum
1713 2160 1985 2205 concilium
2010 2160 2381 2203 Barchinonae.

687 2237 711 2268 θ
763 2236 1004 2281 Nonnihil
1032 2238 1163 2280 latet
1193 2236 1275 2279 hic
1297 2234 1633 2285 difficultatis.
1655 2244 1687 2275 a
1709 2233 1897 2277 suturis
1930 2230 2231 2281 Societatis.
2264 2232 2575 2285 praesertim
2608 2232 2824 2289 Collegii
2856 2234 3070 2279 Barchi-

601 2310 858 2362 nonensis‚
883 2306 1316 2360 historiographis
1335 2305 1654 2356 solvendum;
1679 2304 1921 2347 videlicet
1939 2304 2173 2356 quisnam
2190 2304 2271 2345 hic
2284 2306 2351 2347 sit
2372 2304 2426 2346 P.
2445 2304 2752 2355 Monserrat.
2775 2307 2861 2359 qui
2882 2307 3070 2351 obiisse

607 2380 702 2423 hoc
725 2390 858 2423 anno
880 2379 1068 2423 dicitur
1093 2378 1428 2429 Barchinone,
1451 2384 1502 2419 et
1525 2388 1590 2419 an
1611 2386 1801 2417 revera
1823 2375 1920 2417 hoc
1942 2386 2075 2417 anno
2097 2375 2283 2417 obierit
2304 2386 2479 2418 necne.

688 2450 771 2495 Ad
791 2451 1112 2495 difficultatis
1131 2450 1438 2493 solutionem
1461 2447 1654 2501 aliquid
1674 2446 1913 2490 conferre
1938 2454 2149 2498 possunt
2170 2448 2467 2500 sequentia:

664 2524 730 2566 1.⁰
787 2522 844 2565 P.
868 2521 1102 2565 Gaurum-
1119 2523 1384 2569 ALvAnssz.
1411 2519 1658 2561 Historia
1681 2519 1746 2561 de
1767 2518 1820 2559 la
1845 2518 2135 2559 Provincia
2158 2518 2223 2560 de
2245 2518 2479 2570 Aragon,
2499 2521 2586 2563 lib.
2608 2530 2660 2575 11,
2683 2532 2797 2575 cap.
2822 2532 2931 2567 vm.
2951 2520 3072 2565 dum

593 2596 803 2649 primos
825 2592 1044 2647 Collegii
1081 2591 1514 2636 Barchinonensis
1547 2590 1744 2633 incolas
1771 2594 2059 2637 enumerat.
2089 2588 2165 2631 ait
2196 2600 2285 2631 eos
2320 2590 2475 2633 fuisse
2500 2592 2800 2635 sacerdotes
2830 2596 3069 2645 quatuor,

593 2675 814 2718 *nempe:
837 2664 940 2708 ΡΡ.
962 2664 1210 2717 joannem
1233 2664 1463 2715 Queralt‚
1500 2662 1789 2705 Monserrat
1814 2660 1978 2711 Soler,
2000 2658 2319 2703 Ludovicum
2339 2660 2539 2705 Cistero
2560 2668 2611 2704 et
2636 2662 2957 2707 Bernardum
2978 2662 3074 2707 Ca-

605 2738 780 2781 sellas:
801 2736 884 2779 nbi
907 2736 1130 2779 secundo
1154 2736 1358 2779 videtur
1379 2734 1666 2777 attribuere
1689 2742 1873 2775 nomen
1896 2730 2221 2781 Monserrat,
2241 2742 2527 2782 cognomen
2560 2744 2685 2775 vcro
2708 2734 2871 2778 δοῖεν.

660 2808 731 2851 2⁰
791 2807 846 2850 P.
869 2806 1128 2851 Antonius
1147 2806 1453 2855 Monserrat.
1485 2804 1630 2858 cujus
1659 2802 1967 2846 ment10nem
2002 2812 2181 2856 supra,
2212 2814 2259 2845 n.
2288 2802 2383 2856 755,
2410 2804 2603 2848 factam
2632 2818 2664 2848 u
2695 2805 2919 2850 Polanco
2942 2807 3072 2853 vidi-

607 2892 734 2933 mus,
756 2880 922 2923 adhuc
946 2880 996 2923 in
1026 2878 1164 2922 vas
1187 2886 1302 2921 crat
1333 2888 1504 2921 mense
1545 2875 1713 2929 Aprili
1743 2874 1860 2917 anni
1896 2874 2012 2919 1555.
2044 2874 2213 2917 Extat.
2244 2875 2380 2919 enim
2409 2876 2461 2919 in
2494 2876 2742 2919 Historia
2774 2880 2955 2929 varia,
2974 2886 3013 2923 t.
3036 2892 3072 2934 1,

609 2954 700 2995 sol.
721 2951 818 3003 3⁹5,
841 2951 1094 3004 quaedam
1116 2950 1227 3004 ejus
1257 2950 1502 3003 epistola.
1530 2946 1874 3001 Septimancis
1907 2946 1957 2987 18
1985 2946 2125 2988 illius
2156 2947 2345 2989 mensis
2375 2948 2521 3003 data,
2552 2960 2707 3003 quam
2737 2950 2988 2995 edidimus
3022 2952 3071 2995 in

611 3024 805 3067 Cartas
825 3022 892 3065 de
913 3021 1023 3064 San
1047 3020 1282 3073 Ignacio,
1303 3024 1340 3062 t.
1360 3032 1411 3070 v.
1434 3029 1553 3073 pair.
1574 3018 1672 3061 559.

659 3094 732 3139 35³
790 3093 956 3137 Probe
979 3093 1061 3137 hic
1078 3092 1138 3136 P.
1173 3092 1431 3135 Antonius
1459 3090 1750 3133 Monserrat
1772 3090 1838 3131 ab
1859 3088 1948 3132 illo
1969 3088 2200 3141 ejusdem
2234 3090 2450 3133 nominis
2470 3096 2523 3134 et
2544 3092 2868 3147 cognominis
2889 3094 3075 3139 distin·

607 3168 855 3221 guendus,
879 3164 962 3219 qui
985 3164 1298 3207 Societatem
1323 3162 1676 3205 Barchinonse
1699 3160 1964 3213 ingressus
1986 3167 2066 3203 est
2085 3160 2113 3202 2
2134 3160 2330 3215 Aprilis
2356 3162 2471 3215 1558,
2488 3163 2634 3217 cujus
2656 3166 2934 3209 meminere
2949 3166 3075 3212 Cas-

607 3249 742 3291 sam,
775 3236 1014 3281 Varones
1033 3235 1256 3277 ilustres
1275 3234 1342 3277 de
1360 3234 1414 3275 la
1438 3229 1727 3285 Compaaia
1748 3230 1814 3274 de
1833 3229 2016 3285 Jesus,
2038 3230 2235 3273 Mision
2257 3232 2323 3275 de
2353 3231 2573 3287 Etiopia
2591 3266 2604 3283 ,
2626 3242 2661 3279 t.
2698 3248 2796 3289 vu,
2832 3248 2953 3291 pag.
2976 3238 3072 3291 335;

611 3308 838 3362 Fusco,
858 3306 1118 3362 synopsis
1137 3304 1433 3348 Annalium
1457 3303 1568 3347 Soc.
1596 3302 1732 3357 Jesu
1753 3302 1809 3345 in
1835 3302 2122 3345 Provincia
2150 3301 2513 3355 portugalliae
2526 3315 2551 3356 ,·
2570 3305 2718 3358 losx.
2757 3318 2937 3353 annus
2966 3309 3073 3363 gio-

614 3382 791 3423 riosus
811 3377 1097 3421 societatis
1117 3376 1252 3431 Jesu
1283 3387 1339 3418 m
1369 3374 1696 3426 Lusitania:
1725 3373 1870 3423 Ioum.
1896 3372 2139 3425 nonagena
2171 3373 2241 3416 da
2272 3375 2490 3418 virtude
2516 3388 2599 3419 em
2630 3389 2659 3421 ο
2683 3378 2974 3423 Noviciado
3005 3382 3077 3425 da

607 3448 940 3502 Companhia
960 3448 1027 3491 de
1047 3446 1182 3503 Jesu
1203 3459 1272 3490 na
1306 3446 1454 3490 Corte
1475 3448 1540 3489 de
1563 3446 1784 3496 Lisboa:
1803 3445 2022 3496 Τειιιει,
2060 3444 2307 3489 Historia
2336 3447 2491 3498 gerat
2510 3448 2577 3491 de
2613 3448 2891 3505 Ethiopia,
2922 3454 2953 3497 1.
2987 3454 3077 3503 39,

611 3534 731 3577 pag.
755 3522 851 3575 2095
883 3520 1116 3573 Guzana,
1155 3519 1395 3562 Historia
1427 3519 1492 3561 de
1526 3518 1612 3561 las
1641 3516 1903 3561 Mes-iones
1933 3516 1998 3559 de
2030 3516 2085 3558 ia
2118 3516 2409 3569 Campania
2438 3519 2505 3562 de
2534 3519 2706 3574 Jesus
2740 3534 2807 3565 en
2838 3524 2895 3567 la
2916 3524 3078 3569 India

611 3592 863 3645 oriental,
884 3593 938 3635 Ia
963 3590 1180 3645 chinay
1204 3591 1252 3633 el
1270 3590 1468 3645 sapon,
1490 3591 1522 3633 l.
1542 3590 1584 3641 3;
1609 3588 1858 3631 Historia
1884 3588 1995 3631 Soc.
2019 3586 2172 3641 sesu,
2204 3600 2328 3641 pars
2347 3601 2403 3635 v.
2428 3596 2465 3634 t.
2499 3602 2554 3639 11.
2574 3592 2667 3635 lib.
2690 3604 2815 3647 xxn,
2838 3606 2888 3638 n.
2922 3596 2988 3649 13,
3013 3599 3079 3644 15:

613 3664 870 3716 caenoso,
892 3663 1160 3717 Agiologio
1182 3660 1461 3707 Lusitano.
1479 3660 1542 3711 11;
1562 3660 1963 3708 D'Ounramms.
2002 3658 2276 3702 Tableaux
2305 3660 2402 3703 des
2432 3668 2805 3717 personnages
2837 3668 3081 3721 signatas

613 3736 756 3781 dela
789 3737 1109 3789 Compagnie
1130 3735 1196 3777 de
1227 3734 1402 3785 lesus:
1421 3732 1551 3786 Rno,
1581 3731 1775 3775 Variae
1805 3732 2076 3775 virtutum
2107 3730 2397 3783 historiae,
2424 3734 2512 3777 lib.
2534 3744 2629 3783 vn.
2662 3748 2779 3791 cap.
2818 3750 2891 3793 w,
2921 3753 2970 3785 n.
2990 3754 3081 3790 vm

613 3809 842 3859 Mouzou,
865 3807 1158 3859 Menotogeo
1177 3806 1242 3849 tie
1260 3807 1316 3848 la
1341 3804 1632 3859 Campania
1662 3804 1730 3847 de
1760 3803 1945 3858 jesus,
1966 3803 1992 3845 4
2012 3802 2146 3855 Jun.;
2178 3802 2468 3859 Biograsia
2501 3807 2864 3865 eclesiastica,
2905 3820 2941 3857 t.
2966 3826 3075 3867 κη’,

613 3892 738 3935 pag.
756 3880 854 3924 30⁴.

667 3952 738 3995 4⁰
795 3950 895 3995 ΡΡ.
937 3950 1202 4003 Eugenlus
1231 3948 1444 3993 Uriarte
1476 3955 1528 3991 et
1559 3946 1815 3991 Caecilius
1845 3946 2039 3989 Gomez
2076 3946 2316 3999 Rodeles‚
2348 3948 2432 4002 qui
2474 3948 2675 4003 ingenti
2718 3952 2898 3997 labore
2931 3956 3083 4009 plura

613 4024 980 4067 schedularum
1001 4022 1163 4065 millia
1183 4021 1533 4070 confecerunt.
1553 4018 1604 4061 in
1626 4018 1807 4073 quibus
1833 4017 2049 4061 Patrum
2072 4018 2394 4073 fratrumque
2416 4018 2700 4065 societatis
2722 4034 2922 4080 nomen,
2945 4034 3087 4071 aeta-

615 4102 748 4148 tem,
783 4094 990 4148 aliaque
1035 4092 1280 4147 adjuncta
1317 4092 1654 4145 descripsere.
1687 4101 1841 4132 unum
1884 4088 2220 4143 eumdemque
2266 4090 2505 4135 fecerunt
2540 4092 2763 4138 fratrem
2802 4096 3085 4143 Antonium

617 4166 747 4213 Gou.
770 4164 858 4220 qni
882 4166 978 4209 hoc
999 4172 1229 4219 tempore
1250 4164 1302 4207 in
1321 4162 1577 4218 Hispania
1597 4161 1840 4213 degebat.
1876 4159 2199 4204 Barchinone
2220 4160 2537 4207 Societatem
2559 4172 2682 4208 ante
2704 4178 2895 4219 paucos
2918 4180 3081 4215 annos

603 4239 897 4290 ingressus,
921 4247 1034 4279 cum
1057 4236 1220 4279 fratre
1243 4235 1466 4278 Antonio
1487 4233 1794 4277 Mon-serrat.
1817 4231 2031 4275 Habent
2068 4232 2202 4276 enim
2230 4233 2549 4283 schedulam.
2581 4247 2713 4289 quae
2746 4238 2877 4283 haec
2908 4241 3070 4286 refert

617 4307 948 4361 Monssnnar,
980 4308 1162 4361 frater
1193 4306 1485 4357 Antonius,
1515 4305 1669 4348 Prov.
1701 4304 2027 4356 aragoniae.
2047 4324 2072 4332 -
2091 4302 2224 4346 Vide
2262 4303 2391 4353 Gon.
2420 4304 2493 4357 fr.
2526 4306 2810 4351 Antonius.
2845 4308 3051 4363 Nsotus,
3070 4326 3081 4335 ·

623 4380 752 4423 Olot.
777 4380 970 4422 Verum
992 4379 1053 4421 fr.
1079 4378 1334 4422 Antonius
1355 4376 1484 4429 Gou,
1518 4376 1643 4420 lieet
1669 4376 1957 4429 cogitatum
1990 4372 2146 4417 suerit
2168 4376 2230 4418 de
2261 4386 2322 4418 eo
2352 4376 2419 4420 ad
2453 4388 2634 4421 saeros
2654 4379 2859 4422 ordines
2881 4391 3083 4435 promo·

617 4452 802 4503 vendo.
821 4461 1085 4504 nunquam
1105 4456 1368 4503 promotus
1388 4454 1482 4501 est;
1507 4448 1738 4501 ideoque.
1761 4446 1860 4489 etsi
1883 4444 2105 4489 velimus
2126 4445 2403 4491 admittere
2441 4449 2607 4503 ipsum
2642 4461 2746 4504 app
2764 4452 2964 4496 diacum
2993 4455 3084 4498 ali·

593 4524 820 4577 -quando
842 4520 1168 4567 Monserrat,
1187 4530 1446 4573 nunquam
1467 4526 1640 4563 tamen
1660 4516 1917 4573 appellari
1942 4517 2113 4571 potuit
2136 4516 2194 4561 P.
2217 4517 2557 4571 Monserrat,·
2588 4528 2641 4563 et
2677 4521 2889 4565 tandem
2908 4526 3091 4577 paneis

615 4595 786 4639 adhuc
807 4592 957 4637 annis
978 4594 1291 4645 supervixit.

697 4666 720 4699 ³
775 4664 908 4708 Vide
931 4674 1105 4718 supra,
1128 4670 1165 4707 t.
1188 4674 1261 4713 ιιι,
1283 4674 1400 4717 pag.
1421 4661 1518 4715 381,
1543 4672 1587 4703 n.
1605 4660 1702 4713 816,
1723 4665 1774 4703 et
1799 4660 2069 4713 ALvAnsz,
2100 4660 2345 4704 Historia
2366 4661 2431 4705 cie
2452 4662 2506 4705 la
2540 4662 2830 4708 Provincia
2861 4666 2928 4711 de
2959 4668 3090 4713 Ara-

601 4747 739 4789 gon,
759 4737 846 4781 lib.
870 4746 922 4787 ιι,
947 4746 1062 4789 cap.
1091 4744 1232 4787 κιινς
1267 4734 1334 4777 ibi
1367 4733 1622 4777 asseritur
1653 4733 1788 4775 hunc
1823 4730 2079 4783 Joannem
2112 4732 2258 4776 Bolet
2290 4733 2353 4776 ad
2390 4732 2774 4780 aedificandum
2813 4736 3102 4785 Barchino-
