3742 5392
1347 1231 1474 1313 DE
1529 1230 1926 1313 PRolef
1932 1231 2019 1311 14
2084 1230 2545 1313 BAETICAE

1767 1514 1859 1558 Ac
1904 1514 2113 1559 PRIMO

1207 1734 1346 1799 DE
1412 1734 1960 1831 COLLEGIO
2025 1734 2721 1800 CORDUBENSI

829 2126 972 2191 948.
1057 2127 1400 2207 Quamvis
1429 2146 1520 2191 ex
1553 2128 1870 2209 pluribus
1902 2129 2080 2194 locis
2108 2129 2443 2193 Baeticae
2472 2129 2890 2208 provinciae
2930 2129 3169 2210 (quarn

711 2234 1196 2299 Andalucz'am
1247 2238 1468 2315 vulgo
1526 2236 1814 2314 vocant)
1861 2234 2183 2301 Societas
2234 2237 2324 2300 ad
2374 2236 2693 2317 Collegia
2744 2236 3173 2300 instituenda

717 2350 1100 2422 peteretur,
1136 2359 1297 2405 cum
1335 2352 1575 2407 tamen
1614 2341 1690 2405 P.
1735 2341 2044 2406 Michael
2086 2344 2174 2405 de
2222 2342 2485 2407 Torres
2534 2344 2606 2406 in
2654 2343 3175 2408 provincialem

716 2447 868 2528 eJ‘us
895 2449 1311 2531 provinciae
1338 2450 1609 2530 primus
1637 2448 1908 2513 electus
1951 2460 2083 2528 est,
2126 2450 2523 2529 Collegium
2568 2449 3023 2514 Cordubense
3066 2467 3173 2513 so-

714 2557 857 2619 lum
889 2565 1206 2620 erectum
1233 2564 1414 2635 erat,
1445 2566 1516 2619 et
1544 2556 1610 2618 ei
1638 2556 1867 2635 primo
1890 2554 2155 2621 Rector
2178 2556 2583 2636 praefectus
2604 2556 2681 2620 P.
2710 2555 3063 2621 Antonius
3086 2556 3173 2619 de

717 2662 1089 2742 Corduba3
1120 2673 1197 2725 ut
1225 2662 1434 2727 facile
1465 2664 1557 2727 sit
1583 2663 1830 2725 videre
1858 2675 2135 2742 partem
2166 2662 2353 2726 hanc
2382 2663 2773 2745 Hispaniae
2812 2682 2853 2727 a
2890 2665 3171 2747 provin·

709 2769 823 2833 cia
873 2768 1226 2834 Castellae
1275 2769 1670 2849 sejunctam
1716 2769 1960 2848 fuisse,
2016 2781 2085 2833 et
2132 2769 2625 2851 Praepositum
2653 2770 3171 2835 Provincialem

707 2886 1049 2957 creatum,
1102 2894 1248 2941 non
1283 2885 1431 2941 tam
1479 2889 1556 2941 ut
1605 2885 1840 2940 erecta
1902 2876 2206 2957 collegia
2259 2879 2378 2940 vel
2422 2877 2675 2941 domus
2714 2878 3169 2958 gubernaret,

712 3001 928 3065 quam
955 2994 1035 3048 ut
1063 2985 1404 3064 erigenda
1435 2994 1741 3048 curaret.
1775 2982 2203 3065 Susceperat
2234 2994 2471 3048 autem
2498 2984 2710 3066 hujus
2748 2985 3045 3065 Collegii
3074 2986 3172 3048 in-

711 3090 1045 3154 stituendi
1075 3108 1322 3155 curam
1351 3089 1538 3154 Dna.
1572 3090 2095 3153 Marchionissa
2123 3089 2209 3154 de
2240 3089 2485 3171 Pliego
2532 3090 2573 3170 ';
2607 3100 2675 3154 et
2704 3108 2865 3155 cum
2894 3092 3047 3172 ipsa
3087 3109 3177 3154 ex

712 3198 1144 3279 patrimonio
1174 3215 1304 3261 suo
1333 3198 1612 3277 erigere
1655 3197 1824 3260 illud
1867 3213 1954 3260 ac
1995 3197 2245 3260 dotare
2279 3213 2425 3260 non
2466 3206 2729 3280 posset,
2755 3198 2964 3278 quod,
3012 3215 3179 3261 aere

715 3305 949 3369 alieno
979 3315 1310 3385 gravata,
1343 3304 1506 3369 filiis
1535 3296 1917 3368 subvenire
1958 3313 2341 3383 teneretur,
2387 3306 2610 3368 voluit
2653 3314 2729 3369 ut
2766 3305 3034 3369 reditus
3071 3322 3178 3368 ec·

709 3412 1114 3490 clesiastici,
1147 3428 1325 3492 quos
1355 3411 1500 3476 filio
1531 3411 1849 3475 Antonio
1882 3412 1969 3475 de
1999 3411 2333 3475 Corduba
2365 3421 2771 3491 curaverat,
2805 3414 2923 3475 vel
2944 3412 3182 3493 potius

713 3519 855 3599 alii,
884 3538 975 3583 ex
999 3520 1522 3600 permutatione
1542 3518 1868 3583 cumillis
1895 3518 2147 3598 habiti,
2174 3518 2491 3599 Collegio
2512 3519 2941 3583 instituendo
2966 3520 3183 3602 appli-

709 3636 1046 3690 carentur
1075 3625 1133 3700 ’ς
1170 3636 1244 3689 et
1274 3644 1316 3689 a
1347 3626 1640 3689 civitate
1671 3634 2038 3705 exegerat,
2073 3634 2147 3688 ut
2180 3643 2341 3689 cum
2372 3626 2527 3707 ipsa
2558 3626 2651 3690 ad
2670 3627 3179 3691 institutionem

795 3942 814 3975 ί
871 3941 1004 3985 Vide
1025 3951 1187 3995 supra
1201 3972 1212 3994 ,
1233 3941 1549 3995 praesertim
1569 3945 1605 3984 t.
1625 3950 1700 3993 ιιι,
1723 3938 1939 3995 passim.

794 4013 817 4046 ²
870 4011 1055 4056 “Como
1076 4013 1298 4067 siempre
1321 4018 1447 4057 tuvo
1468 4013 1521 4058 la
1541 4012 1677 4056 mira
1697 4014 1745 4056 el
1769 4011 1938 4056 Padre
1960 4012 2077 4057 Don
2097 4014 2341 4066 Antonio,
2364 4015 2397 4055 a
2418 4023 2516 4067 qne
2536 4022 2603 4057 en
2624 4012 2862 4058 Corduba
2890 4025 2945 4058 se
2966 4014 3183 4058 fundate

711 4083 928 4138 colegio
948 4083 1011 4128 de
1033 4086 1087 4128 la
1106 4083 1394 4139 compunta
1411 4116 1424 4136 ,
1441 4085 1733 4139 espernndo
1753 4084 1816 4128 de
1831 4088 1954 4139 aqui
1976 4084 2205 4139 grandes
2225 4091 2531 4138 augmentes
2552 4095 2684 4139 para
2706 4088 2756 4129 la
2776 4086 3013 4140 religion:
3030 4098 3066 4141 y
3088 4096 3185 4139 qne

712 4154 776 4199 de
795 4162 912 4199 esta
930 4156 1040 4199 raiz
1061 4166 1116 4199 ne
1136 4154 1467 4209 productrian
1489 4166 1686 4200 nnevos
1708 4156 1918 4200 arbolee
1938 4167 2035 4211 qne
2056 4154 2292 4199 viniesen
2312 4158 2345 4199 a
2366 4165 2641 4209 componet
2660 4157 2709 4199 el
2729 4166 2915 4200 ameno
2929 4156 3105 4211 jerdin
3123 4154 3186 4199 de

709 4234 830 4271 enta
850 4226 1128 4271 Provincia
1143 4260 1153 4279 ,
1175 4228 1396 4283 siempre
1418 4226 1629 4271 utendio
1649 4229 1682 4271 a
1711 4228 1964 4285 ayndnrle
1988 4228 2037 4271 lo
2058 4238 2155 4281 qne
2185 4228 2232 4270 le
2253 4226 2339 4270 fue
2367 4228 2566 4281 posible
2589 4227 2651 4271 de
2681 4238 2743 4271 sn
2774 4228 2978 4271 candal.
3001 4226 3108 4272 Con
3132 4228 3183 4271 ln

710 4305 866 4343 tenta
883 4298 946 4343 de
965 4310 1052 4343 sus
1071 4298 1346 4344 beneficius
1361 4332 1375 4353 ,
1397 4306 1547 4344 antes
1569 4311 1666 4354 que
1698 4301 1895 4354 negase
1919 4302 1950 4342 a
1972 4300 2294 4353 resignat-los
2314 4310 2379 4342 en
2399 4298 2555 4342 favor
2573 4299 2636 4342 de
2657 4300 2711 4343 la
2730 4298 3018 4354 compunta
3032 4331 3043 4351 ,
3064 4308 3189 4355 ayn·

711 4371 850 4414 daha
867 4382 962 4414 con
983 4371 1275 4415 ordinarios
1303 4381 1542 4415 socorros
1563 4374 1594 4415 a
1617 4374 1692 4415 los
1724 4372 1957 4425 aprietoa
1978 4371 2061 4414 del
2082 4370 2314 4425 Colegio.
2336 4368 2587 4413 Sabemos
2606 4382 2703 4424 qne
2732 4380 2961 4425 panton
2981 4370 3043 4414 de
3066 4381 3185 4414 cua-

711 4448 794 4486 tro
813 4442 902 4486 mii
924 4441 1170 4495 ducados,
1191 4453 1287 4486 con
1309 4454 1405 4497 que
1427 4454 1489 4487 en
1520 4453 1676 4487 veees
1697 4444 1746 4486 le
1779 4443 2023 4486 socon-io·
2044 4442 2121 4486 No
2142 4448 2330 4487 cnento
2362 4441 2528 4485 ahora
2561 4442 2641 4484 las
2661 4442 3135 4495 extraordinariae,
3154 4454 3189 4498 y

711 4515 940 4568 grandes
955 4548 966 4566 .
989 4524 1134 4558 como
1155 4515 1425 4559 continuae
1445 4528 1482 4572 y
1501 4521 1736 4559 secretae
1757 4515 2005 4558 limosnas
2018 4546 2031 4567 ,
2053 4525 2149 4569 que
2172 4524 2269 4568 por
2288 4523 2350 4556 en
2370 4520 2610 4567 respecto
2632 4514 2707 4557 les
2726 4514 2881 4558 hucin
2896 4515 2929 4557 a
2948 4515 3026 4557 ios
3044 4524 3191 4557 nues-

715 4590 826 4630 tros
857 4587 909 4629 la
929 4584 1204 4640 Mai-quesn
1224 4586 1287 4629 de
1309 4585 1496 4641 Prien-o
1527 4598 1588 4630 su
1609 4585 1806 4630 Mndre.
1828 4585 1906 4629 No
1925 4592 2169 4629 contento
2190 4596 2287 4629 eon
2320 4590 2433 4628 ecto
2462 4584 2577 4629 hizo
2598 4586 3047 4629 extraordinarias
3076 4584 3189 4628 dni-

709 4658 945 4713 3enciae.
966 4660 1181 4711 empefio
1202 4669 1262 4702 su
1283 4659 1559 4702 autor-idad
1576 4691 1587 4713 ,
1608 4671 1643 4715 y
1665 4660 1717 4701 la
1737 4658 1800 4701 de
1833 4668 1923 4701 nus
1952 4658 2221 4713 parientes
2240 4669 2277 4713 y
2297 4656 2516 4708 ciendos,
2535 4667 2634 4710 qne
2656 4657 2797 4701 tenia
2810 4688 2821 4708 ,
2854 4664 2945 4701 ten
2963 4656 3191 4710 grandes

715 4730 983 4785 Principes
1011 4741 1074 4773 en
1103 4730 1317 4785 Espana
1343 4744 1379 4787 y
1409 4730 1560 4774 fuera
1576 4764 1586 4782 ,
1608 4740 1743 4784 para
1763 4740 1862 4783 que
1884 4730 1936 4773 la
1968 4730 2089 4773 silla
2121 4728 2411 4783 apostolica
2432 4729 2644 4782 nnejaee
2664 4729 2885 4782 algunos
2905 4728 2967 4771 de
2990 4738 3077 4773 sus
3104 4728 3195 4768 be-
