3742 5392
1719 407 1846 467 ΑΝ.
1893 408 2035 467 1554
2608 360 2618 369 ·
2998 406 3114 465 419

643 556 946 619 cationis
995 572 1080 617 ac
1131 553 1592 617 benedicendi
1638 553 1791 616 Deo
1831 553 2285 617 occasionem
2324 570 2617 632 prorsus
2658 552 2871 616 dedit.
2914 552 3108 631 Ignis

615 680 990 751 ,accensus
1033 662 1265 725 fuerat
1293 672 1363 725 et
1392 660 1668 725 difficile
1698 670 1975 741 poterat
2017 661 2373 739 extingui,
2410 678 2569 724 cum
2600 660 2890 741 quidam
2919 660 3113 723 adul-

644 780 874 835 teram
889 786 1190 833 uxorem
1213 780 1283 831 et
1305 769 1724 846 adulterum,
1743 769 1974 830 virum
1999 768 2423 831 honoratum
2457 785 2542 831 ac
2566 767 2882 847 divitem,
2901 768 3113 829 vellet

646 876 1008 957 occidere;
1051 874 1137 957 [is
1181 874 1444 957 tamen]
1485 877 1589 939 sic
1629 876 2000 956 colloquiis
2038 874 2405 955 quusdam
2452 893 2543 937 ex
2578 876 2841 938 nostris
2878 884 3112 938 motus

643 985 798 1063 fuit,
832 994 902 1049 et
932 985 1004 1047 in
1033 1001 1188 1047 eam
1221 984 1332 1047 sui
1363 984 1628 1045 erroris
1656 982 2136 1062 cognitionem
2156 982 2377 1060 venit,
2403 992 2479 1044 ut
2502 983 2799 1062 ipsemet
2821 980 3111 1060 diligen-

645 1092 918 1156 tissime
947 1090 1036 1155 de
1065 1088 1450 1153 concordia
1481 1105 1696 1169 agere
1727 1090 2069 1167 coeperit.

763 1198 904 1262 903.
995 1197 1084 1261 Et
1113 1197 1214 1261 ita
1241 1214 1486 1261 omnes
1515 1196 1606 1259 ad
1634 1196 1818 1259 hanc
1843 1196 2217 1260 charitatis
2244 1196 2580 1259 unionem
2602 1206 2671 1259 et
2695 1196 2786 1258 ad
2811 1195 2946 1257 Dei
2970 1213 3111 1258 scr-

647 1307 902 1370 vitium
933 1304 1206 1368 reducti
1235 1304 1542 1383 fuerunt,
1576 1304 1760 1367 inter
1789 1320 1969 1383 quos
1996 1313 2151 1367 erat
2180 1304 2303 1384 qui
2332 1304 2582 1367 decem
2604 1312 2673 1366 et
2696 1311 2967 1382 septem
2996 1320 3115 1365 an-

647 1430 784 1476 nos
813 1430 854 1474 a
885 1412 1040 1475 Deo
1073 1427 1371 1474 aversus
1400 1408 1653 1489 fuerat;
1686 1419 1755 1471 et
1784 1408 2035 1473 deinde
2068 1426 2313 1473 omnes
2340 1410 2703 1490 singulare
2746 1410 2881 1473 Dei
2910 1411 3111 1473 bene-

645 1520 885 1584 ficium
929 1517 1451 1597 agnoscebant,
1487 1529 1554 1579 et
1583 1516 1859 1595 gratias
1904 1514 2075 1595 Ejus
2118 1516 2405 1580 divinae
2435 1517 2733 1580 bonitati
2778 1518 3112 1597 agebam

651 1628 756 1690 sic
785 1642 1048 1689 uxores
1080 1624 1396 1703 aliquae,
1437 1625 1620 1687 inter
1669 1640 1848 1704 quas
1890 1634 1959 1687 et
1998 1624 2315 1704 ipsarum
2356 1624 2553 1687 viros
2593 1623 3111 1687 discordiarum

651 1732 998 1796 zizaniam
1031 1729 1254 1795 Satan
1284 1730 1788 1809 seminaverat,
1831 1729 2100 1793 eisdem
2138 1746 2301 1793 cum
2354 1748 2527 1793 vera
2577 1730 2961 1794 concordia
3008 1748 3115 1793 re·

660 1839 1084 1903 conciliatae
1112 1838 1418 1901 fuerunt.
1453 1836 1782 1915 Quidam,
1816 1836 1936 1916 qui
1959 1836 2217 1900 lethale
2247 1838 2505 1900 vulnus
2536 1838 2623 1900 ab
2656 1836 2795 1901 alio
2824 1853 3118 1917 accepe—

658 1956 795 2025 rat,
831 1965 920 2009 ex
950 1963 1090 2027 quo
1117 1945 1328 2026 paulo
1357 1952 1518 2024 post
1549 1953 1870 2007 mortuus
1900 1953 2026 2022 est,
2062 1961 2223 2007 cum
2247 1944 2531 2007 cuidam
2554 1962 2644 2008 ex
2667 1946 2933 2007 nostris
2957 1962 3118 2008 con·

660 2054 1004 2132 fiteretur,
1024 2068 1304 2116 omnem
1327 2068 1590 2114 noxam
1611 2052 2040 2128 vulneranti,
2066 2060 2357 2130 propter
2380 2051 2890 2130 Deihonorem,
2913 2052 3122 2115 remi-

659 2160 774 2223 sit.
806 2160 1052 2239 Itaque
1080 2175 1207 2239 per
1235 2158 1414 2221 haec
1456 2166 1931 2231 sacramenta,
1966 2156 2320 2236 adjunctis
2352 2158 2568 2222 etiam
2590 2158 2961 2239 colloquiis
2990 2159 3123 2238 pri-

653 2268 864 2346 vatiS,
897 2264 1239 2329 latissime
1268 2266 1542 2328 fructus
1569 2258 1697 2345 p'er
1727 2263 2065 2344 oppidum
2095 2275 2163 2327 et
2194 2264 2756 2330 Universitatem
2794 2266 3121 2346 Complu-

653 2385 930 2438 tensem
953 2374 1265 2453 patebat.

775 2480 918 2544 904.
1003 2480 1152 2543 Nec
1179 2478 1560 2558 hospitalia
1589 2478 1800 2558 hujus
1835 2480 2215 2543 charitatis
2243 2492 2576 2561 exempta
2606 2491 2839 2560 erant,
2874 2491 2946 2543 et
2972 2481 3121 2544 fere

657 2588 1084 2669 quicumque
1113 2596 1415 2649 mortem
1443 2586 1927 2649 imminentem
1967 2586 2103 2649 sibi
2141 2586 2514 2665 timebant,
2557 2589 2671 2650 vel
2700 2588 2773 2651 in
2802 2588 3121 2668 periculo

661 2712 820 2759 esse
847 2694 980 2758 sibi
1010 2694 1459 2771 videbantur,
1493 2703 1779 2755 nostros
1819 2694 2284 2757 accersebant
2322 2704 2399 2757 ut
2438 2696 2529 2757 ab
2560 2695 2662 2758 eis
2704 2705 2773 2759 et
2804 2684 3127 2759 consola·

662 2804 928 2866 tionem
955 2810 1026 2864 et
1056 2800 1396 2865 auxilium
1425 2800 1788 2880 spirituale
1826 2802 2267 2880 acciperent;
2301 2810 2371 2865 et
2409 2802 2545 2891 hac
2584 2804 2963 2867 occasione
3010 2820 3125 2867 ac-

663 2921 893 2990 cepta,
928 2909 1110 2972 inter
1139 2924 1264 2970 eos
1304 2915 1374 2969 et
1403 2908 1997 2987 consanguineOS,
2040 2909 2157 2970 vel
2187 2908 2389 2987 alios,
2430 2909 2951 2975 intercedentes
3001 2912 3124 2975 ini-

663 3016 970 3079 micitias
997 3015 1224 3078 nostri
1251 3013 1748 3096 pacificabant,
1784 3024 1852 3077 et
1884 3015 1976 3077 ad
2006 3024 2288 3078 mutuos
2317 3018 2687 3096 amplexus
2724 3018 2797 3080 in
2842 3018 3124 3097 signum

663 3123 862 3203 pacis
889 3122 1312 3186 dissidentes
1333 3119 1802 3200 adducebant;
1821 3132 1891 3183 et
1915 3122 2036 3199 ita,
2058 3122 2210 3185 sine
2236 3139 2451 3203 opera
2475 3116 3061 3188 concionatorum
3082 3124 3122 3202 ¹,

669 3229 904 3293 multis
953 3228 1183 3292 modis
1229 3229 1458 3292 nostri
1500 3227 1586 3291 de
1618 3228 1766 3290 suis
1803 3229 2147 3307 proximis
2178 3231 2615 3294 benemereti
2644 3232 3041 3295 studebant.

789 3336 932 3400 905.
1020 3334 1346 3399 Secunda
1377 3336 1489 3398 die
1519 3334 1758 3399 Martii
1781 3334 1803 3366 ⁸
1826 3354 1915 3399 ex
1938 3336 2228 3400 Baetica
2251 3339 2544 3401 veniens
2572 3338 2645 3401 Ρ.
2672 3337 3125 3419 FranciscuS,

753 3582 767 3615 ¹
824 3580 958 3625 Vide
977 3590 1152 3633 supra,
1174 3590 1296 3633 pag.
1314 3578 1411 3631 408,
1443 3590 1490 3621 ιι.
1511 3576 1606 3621 879.

747 3656 769 3687 2
825 3652 1032 3707 Aliquis
1049 3661 1200 3695 error
1219 3652 1348 3695 latet
1369 3650 1453 3694 hic
1474 3656 1566 3694 aut
1587 3661 1762 3705 supra,
1782 3662 1901 3705 pag.
1918 3650 2015 3704 408,
2038 3663 2087 3695 n.
2106 3652 2203 3703 881.
2224 3653 2367 3697 circa
2388 3654 2539 3707 diem,
2561 3667 2660 3709 quo
2680 3656 2738 3699 P.
2760 3655 2967 3701 Natalis
2988 3657 3139 3701 Com·

667 3729 812 3781 pluto
839 3724 1064 3769 excessit
1079 3756 1091 3777 ,
1115 3722 1480 3767 vallisoletum
1514 3733 1761 3776 pergens.
1783 3730 1834 3766 et
1855 3723 2014 3775 diem,
2037 3734 2137 3778 quo
2172 3722 2223 3767 S.
2246 3723 2559 3769 Franciscus
2580 3726 2773 3781 Borgia
2808 3726 3134 3783 Complutum

668 3797 890 3853 appulit.
917 3796 972 3839 Si
992 3796 1128 3839 enim
1156 3794 1244 3837 ille
1265 3794 1538 3848 compluto
1566 3793 1730 3837 exivit
1761 3795 1929 3847 prima
1950 3793 2151 3849 Martii,
2173 3806 2273 3839 non
2302 3796 2471 3851 potuit
2500 3798 2732 3851 sequenti
2755 3798 2836 3842 die
2878 3800 3136 3855 compluti

667 3870 906 3924 excipere
927 3866 1223 3911 venientem
1243 3864 1300 3908 Ρ.
1322 3864 1674 3909 Franciscum.
1694 3865 1947 3909 Erratum
1966 3872 2143 3909 autem
2163 3878 2276 3911 esse
2297 3867 2653 3913 eximimamus
2672 3881 2847 3924 supra,
2870 3872 2992 3915 dum
3011 3872 3139 3916 dici-

669 3952 753 3985 tur
777 3940 836 3984 P.
854 3938 1060 3983 Natalis
1080 3936 1353 3991 compluto
1372 3936 1540 3979 exisse
1561 3938 1729 3989 prima
1749 3935 1952 3989 Martii;
1973 3949 2093 3980 nam
2118 3938 2327 3981 Patrem
2352 3938 2686 3984 Franciseum
2707 3939 3035 3997 Complutum
3055 3954 3131 3986 se·

669 4012 836 4057 cunda
851 4010 1024 4055 Martii
1043 4009 1322 4063 appulisse,
1341 4014 1392 4051 ct
1405 4019 1436 4050 a
1452 4006 1510 4049 P.
1523 4006 1700 4051 Natali
1723 4008 1790 4052 ibi
1807 4009 1977 4052 adhuc
1992 4016 2344 4054 commorante
2360 4018 2647 4065 exceptum,
2671 4015 2737 4057 ab
2754 4011 2959 4058 oculato
2982 4022 3114 4058 teste
3126 4046 3139 4068 ,

667 4086 832 4128 fratre
855 4082 1077 4137 Aegidio
1109 4080 1368 4125 Gonzalez
1387 4078 1606 4132 Davlla,
1627 4080 1944 4133 accepimus,
1966 4080 2052 4134 qui
2080 4080 2211 4123 haec
2241 4082 2477 4135 scripsit:
2498 4084 2684 4127 “Venit
2715 4095 2842 4139 ergo
2876 4085 2953 4138 (Ρ.
2975 4084 3140 4129 Fran-

668 4158 834 4201 ciscus
856 4166 866 4200 v
897 4152 1139 4207 postridie
1161 4150 1406 4194 calendas
1426 4148 1600 4193 Martii
1615 4182 1625 4201 .
1647 4150 1737 4193 sed
1757 4155 1951 4204 quanto
1973 4162 2087 4195 cum
2117 4152 2307 4205 gaudio
2328 4164 2361 4197 a
2384 4152 2437 4196 P.
2460 4153 2635 4198 Natali
2658 4161 2712 4198 et
2735 4157 2908 4200 Araoz
2928 4189 2939 4207 ,
2962 4157 3047 4210 qui
3078 4169 3137 4201 eo

668 4236 900 4282 tempore
931 4226 1196 4269 nobiscum
1229 4223 1560 4275 aderant...„
1581 4220 1822 4264 Litterae
1841 4220 2302 4277 Quadrimestres,
2324 4230 2359 4267 t.
2382 4236 2443 4276 ιι,
2461 4238 2580 4280 pag.
2600 4226 2696 4270 627.
2720 4228 2825 4271 Nec
2860 4228 3137 4273 difficultas

671 4299 870 4344 moveri
891 4297 1001 4341 ulla
1021 4300 1192 4351 potest
1211 4305 1275 4337 ex
1307 4294 1410 4337 iilis
1429 4293 1606 4337 verbis
1635 4292 1794 4347 ipsius
1815 4293 2022 4348 Aeg-idii
2039 4330 2049 4343 .
2069 4296 2103 4338 l.
2122 4307 2186 4347 c..
2208 4307 2323 4351 pag.
2344 4294 2442 4340 628.
2472 4297 2594 4341 “His
2614 4298 2793 4343 diebus
2826 4311 2942 4344 cum
2980 4298 3138 4344 Patre

667 4370 990 4422 (Francisco)
1009 4372 1186 4410 actum
1204 4372 1286 4409 est
1305 4371 1364 4409 ut
1393 4364 1650 4408 dominica
1679 4365 1931 4419 proxima,
1955 4377 2085 4419 quae
2108 4374 2221 4411 erat
2258 4368 2307 4411 in
2346 4368 2679 4423 Passione...„;
2701 4381 2820 4414 nam
2852 4382 3024 4415 sermo
3053 4371 3139 4415 hic

671 4448 752 4487 est
775 4441 838 4484 de
858 4438 1111 4484 dominica
1133 4436 1366 4492 proxime
1385 4444 1630 4490 sequente
1649 4446 1748 4479 non
1763 4436 2045 4481 adventum
2065 4436 2331 4483 Francisci
2352 4440 2441 4483 sed
2462 4440 2571 4484 dics
2590 4448 2805 4495 septem,
2827 4453 2954 4496 quos
2976 4440 3139 4487 Fran·

671 4516 840 4559 ciscus
858 4510 1118 4565 compluti
1138 4512 1488 4553 commoratus
1503 4514 1600 4550 est.
1617 4506 1688 4550 Et
1708 4514 1849 4552 recte
1867 4508 2088 4563 quidem,
2110 4510 2153 4553 si
2176 4510 2505 4565 Complutum
2519 4512 2734 4556 advenit
2750 4512 2921 4567 prima
2942 4513 3137 4567 Martii,

671 4586 842 4640 ibique
873 4584 940 4627 ad
960 4583 1096 4626 diem
1115 4584 1318 4625 tantum
1339 4586 1584 4624 octavam
1614 4586 1704 4623 aut
1733 4591 1922 4625 nonam
1956 4582 2184 4637 (septem
2203 4584 2339 4633 dies)
2362 4584 2576 4637 mansit,
2600 4596 2699 4628 non
2734 4586 2900 4639 potuit
2936 4587 3141 4631 concio-

673 4670 789 4705 nem
809 4658 860 4702 iu
881 4656 1136 4701 dominica
1155 4651 1418 4698 Passionis
1439 4653 1627 4699 ibidem
1645 4654 1856 4706 habere,
1877 4665 2008 4708 quae
2029 4656 2126 4700 hoc
2146 4666 2282 4700 anno
2306 4656 2408 4700 1554
2428 4656 2523 4701 fuit
2547 4658 2814 4702 undecima
2840 4655 3031 4702 Martii.
