3742 5392
764 475 873 533 112
1678 475 1935 536 Cimon.
1978 476 2130 536 Soc·
2171 479 2312 551 Jsss.

760 628 951 685 seret
992 618 1007 651 ¹
1052 620 1245 699 (nam
1284 622 1674 686 visitationi
1712 630 1882 685 tunc
1918 622 2276 699 vacabat),
2331 631 2476 685 tam
2525 620 2893 686 commode
2941 631 3228 702 tamque

757 728 1096 792 decenter
1124 738 1453 792 ornatam
1481 729 1753 793 invenit
1780 730 1855 793 in
1883 730 2353 793 exterioribus
2382 740 2449 793 et
2488 730 2702 793 etiam
2741 730 2812 791 in
2851 729 3224 809 spirituali-

759 836 918 912 'buS,
952 846 1029 898 ut
1056 834 1248 899 Stae.
1283 835 1543 899 Luciae
1586 836 1962 899 ecclesiam
1999 840 2194 900 velut
2236 854 2561 901 normam
2598 838 2730 899 sibi
2767 836 2919 899 fore
2957 836 3224 900 diceret

756 944 855 1007 ad
886 960 1099 1024 quam
1128 944 1307 1007 alias
1335 944 1677 1007 ecclesias
1706 944 1995 1023 exigere
2025 943 2334 1023 deberet;
2366 945 2456 1008 ab
2488 944 2624 1007 illis
2653 956 2912 1022 autem,
2947 944 3065 1024 qui
3093 943 3224 1006 sub

759 1051 1103 1131 parochia
1145 1049 1335 1115 Stae.
1377 1051 1638 1115 Luciae
1668 1051 2106 1127 habitabant,
2140 1059 2288 1115 tam
2310 1052 2530 1115 multa
2565 1052 2640 1114 in
2677 1050 3222 1115 commendatio·

759 1175 925 1221 nem
946 1159 1224 1237 collegii
1244 1159 1307 1221 ei
1331 1157 1837 1237 referebantur,
1860 1168 1938 1221 ut
1960 1158 2167 1223 facile
2181 1174 2429 1223 eorum
2443 1174 2616 1239 erga
2633 1168 2920 1221 nostros
2938 1158 3221 1221 devotio

762 1284 851 1329 ac
881 1266 1109 1345 pietas
1138 1275 1538 1346 appareret.
1571 1264 1821 1329 Invisit
1852 1266 2071 1329 etiam
2108 1266 2490 1345 collegium
2519 1274 2590 1328 et
2616 1267 2932 1342 scholas,
2965 1265 3222 1328 oratio-

761 1372 973 1435 nibus
1001 1389 1085 1435 ac
1126 1372 1453 1436 versibus
1493 1373 1729 1436 latinis
1770 1383 1839 1436 et
1880 1374 2166 1453 graecis
2209 1382 2587 1453 exceptus;
2619 1383 2690 1436 et
2735 1380 2881 1435 tam
2923 1380 3224 1436 venuste

762 1479 967 1559 pueri
996 1496 1178 1560 quae
1208 1480 1381 1559 ipsis
1410 1479 1722 1561 injuncta
1752 1491 1991 1557 erant,
2035 1488 2106 1543 et
2143 1480 2215 1543 in
2259 1480 2562 1558 collegio
2602 1480 3026 1560 composita,
3067 1496 3221 1559 pro·

764 1587 1221 1663 nunciabant,
1255 1596 1331 1649 ut
1360 1604 1502 1650 non
1532 1604 1609 1649 se
1640 1595 1881 1667 posset
1909 1587 2308 1668 Episcopus
2347 1604 2522 1667 prae
2559 1587 2829 1650 laetitia
2861 1586 3224 1649 continere

758 1694 936 1773 quin
965 1710 1210 1756 coram
1238 1694 1561 1757 omnibus
1592 1694 1665 1757 in
1695 1694 1934 1773 operis
1963 1702 2110 1757 tam
2140 1694 2236 1775 pii
2266 1694 2550 1758 laudem
2581 1694 2801 1757 multa
2830 1692 3118 1757 diceret.

884 1798 1025 1863 213.
1112 1800 1273 1880 Ipso
1318 1800 1431 1863 die
1479 1800 2074 1864 Annunciationis
2114 1800 2191 1865 B.
2237 1799 2560 1880 Virginis
2603 1800 2678 1863 P.
2725 1800 3056 1864 Andreas
3093 1798 3222 1865 Bo·

763 1908 1161 1987 nainsegna
1192 1907 1495 1987 primum
1520 1906 1949 1970 sacrificium
1981 1906 2134 1971 Deo
2165 1908 2415 1972 obtulit
2443 1916 2513 1971 et
2556 1908 2968 1970 concionem
3003 1907 3075 1970 in
3115 1924 3224 1971 ec·

757 2015 985 2077 -clesia
1012 2014 1255 2078 habuit
1287 2014 1329 2077 ³.

884 2122 1047 2184 214..
1113 2121 1275 2185 Non
1338 2124 1663 2186 omittam
1729 2121 1920 2203 quod
1987 2140 2032 2187 a
2096 2123 2174 2187 P.
2244 2122 2523 2203 Ignatio
2579 2122 3052 2203 reprehensus
3115 2128 3220 2184 est

768 2228 841 2290 Ρ.
876 2228 1303 2292 Franciscus
1332 2228 1665 2308 PalmiuS,
1698 2229 1890 2310 quod
1919 2229 2009 2293 ad
2039 2228 2414 2295 Societatis
2444 2229 2842 2293 institutum
2869 2228 3222 2291 neminem

761 2335 1173 2414 adduceret;
1206 2334 1395 2417 quod
1422 2336 1572 2416 ipse
1601 2336 2030 2417 perlibenter
2057 2338 2336 2417 accepit
2353 2385 2368 2415 ,
2395 2346 2464 2400 et
2486 2336 2843 2400 fatebatur
2871 2351 3032 2399 cum
3053 2350 3222 2398 non·

760 2443 975 2506 nullis
1015 2441 1297 2506 infimae
1326 2442 1515 2506 notis
1543 2440 1567 2472 ⁸
1596 2442 1669 2507 id
1708 2458 1784 2505 se
1814 2459 2149 2519 curasse,
2190 2443 2317 2507 sed
2354 2461 2496 2506 non
2526 2443 2952 2507 obtinuisse:
2985 2441 3222 2505 trivia·

767 2553 868 2613 les
896 2559 1135 2615 autem
1162 2550 1484 2613 homines
1510 2566 1658 2613 non
1688 2567 1844 2614 esse
1887 2551 2335 2615 necessarios
2371 2549 2713 2614 Societati
2748 2550 3218 2613 existimasse.

882 2656 1027 2720 215.
1108 2656 1403 2721 Fatetur
1434 2657 1649 2721 etiam
1677 2675 1754 2721 se
1792 2658 2231 2739 experientia
2266 2657 2597 2721 didicisse
2640 2674 2802 2721 cum
2841 2655 3221 2720 sacerdoti·

760 2766 925 2843 buS,
960 2763 1194 2845 quide
1222 2762 1575 2831 Societate
1606 2782 1750 2829 non
1778 2775 1978 2845 sunt,
2013 2774 2291 2829 arctam
2321 2764 2710 2829 amicitiam
2741 2763 2926 2843 (licet
2957 2763 3221 2843 alioqui

763 2870 1042 2933 boniac
1070 2870 1473 2950 spirituales
1503 2880 1738 2934 essent
1768 2880 1838 2934 et
1883 2870 2218 2951 Juvandis
2263 2871 2608 2952 proximis
2659 2870 3028 2947 vacarent)
3077 2886 3220 2933 non

749 2993 915 3040 -esse
944 2977 1343 3041 tenendam.
1376 2976 1682 3056 Quidam
1710 2978 1901 3041 enim
1931 2978 2290 3059 sacerdOS,
2323 2978 2470 3042 Leo
2492 2977 2776 3041 nomine
2793 3025 2808 3055 ‚
2836 2974 2923 3041 de
2946 2994 3086 3057 quo
3109 2993 3222 3039 su-

759 3084 997 3163 perius
1026 3084 1288 3147 mentio
1314 3084 1507 3148 facta
1536 3095 1679 3164 est,
1705 3100 1972 3164 magna
1994 3085 2286 3149 infamia
2311 3102 2398 3149 ea
2421 3085 2494 3148 in
2518 3084 2692 3148 urbe
2714 3084 3043 3147 laborare
3067 3100 3220 3147 coe-

756 3191 891 3271 pit,
924 3200 994 3253 et
1024 3190 1111 3255 de
1141 3209 1224 3254 eo
1252 3192 1648 3272 Episcopus
1676 3195 1862 3257 male
1893 3192 2276 3258 admodum
2303 3192 2684 3269 sentiebat,
2718 3188 2912 3270 quod
2950 3208 3040 3255 ex
3079 3207 3218 3255 mo-

714 3330 719 3342 ·
758 3298 1071 3362 nasterio
1119 3298 1449 3379 quodam,
1501 3300 1690 3380 quod
1740 3301 2066 3381 superius
2113 3300 2670 3378 nominavimuS,
2728 3296 2892 3361 §.tae
2947 3297 3218 3362 Mariae

756 3404 1003 3469 Novae
1018 3454 1033 3483 ,
1060 3405 1283 3469 inscio
1305 3406 1665 3488 Episcopo
1684 3455 1699 3486 ,
1726 3424 1853 3488 per
1876 3407 2151 3471 nobiles
2174 3407 2520 3488 quasdam
2542 3413 2909 3469 matronas
2931 3405 3212 3485 agebat,

757 3521 831 3574 ut
861 3512 1140 3593 aliquae
1168 3512 1512 3578 moniales
1542 3524 1813 3578 secrete
1844 3532 1936 3577 ex
1963 3512 2399 3577 monasterio
2428 3512 2548 3576 illo
2578 3511 3085 3591 egrederentur
3125 3511 3216 3573 ad

744 3618 1136 3698 quamdam
1165 3619 1489 3700 domum,
1522 3621 1641 3684 ubi
1670 3638 1939 3684 novum
1978 3620 2336 3701 quoddam
2374 3618 2883 3683 monasterium
2922 3618 3215 3683 confice·

754 3736 945 3806 rent,
978 3738 1047 3791 et
1076 3727 1477 3807 quindecim
1506 3746 1597 3791 ex
1628 3728 1731 3792 eis
1755 3728 1904 3810 jam
1935 3728 2328 3793 discessum
2366 3738 2438 3791 et
2479 3726 2802 3791 sarcinas
2839 3726 3210 3805 parabant,

755 3851 916 3898 cum
944 3835 1033 3898 ab
1062 3835 1223 3899 aliis
1252 3835 1735 3915 deprehensae
1762 3844 1833 3899 et
1861 3845 2183 3899 retentae
2209 3834 2495 3899 fuerunt
2524 3833 2569 3895 ⁴.

872 3940 1012 4004 216.
1100 3940 1256 4003 Hoc
1292 3950 1631 4005 autumno
1668 3942 1958 4005 scholae
1996 3941 2472 4005 bononienses
2511 3958 2554 4004 a
2591 3940 2784 4021 Mag.
2825 3940 3213 4005 Francisco

753 4046 1079 4111 Bordone
1095 4096 1111 4126 ,
1143 4046 1263 4127 qui
1290 4044 1623 4112 Ferraria
1651 4047 2048 4112 Bononiam
2075 4049 2464 4112 translatus
2485 4047 2738 4127 fuerat,
2767 4048 3214 4112 instauratae

832 4288 851 4321 ¹
906 4286 1197 4333 Meminisse
1216 4294 1423 4343 oportet
1444 4287 1697 4333 ecclesiae
1719 4287 1944 4333 Sanctae
1965 4287 2160 4334 Luciae
2177 4288 2345 4333 adhuc
2361 4289 2458 4335 hoc
2475 4294 2706 4343 tempore
2723 4288 3016 4333 animarum
3033 4298 3212 4333 curam

754 4359 1008 4404 adnexam
1030 4360 1203 4405 fuisse.

831 4432 855 4465 ί
909 4431 1043 4475 Vide
1063 4443 1236 4487 supra.
1256 4442 1304 4476 n.
1327 4433 1422 4477 155.

829 4502 853 4535 ⁸
905 4502 991 4547 Sic
1011 4503 1352 4559 perspicacia
1372 4515 1478 4556 ms:
1496 4514 1676 4549 sensus
1692 4510 1867 4548 tamen
1887 4510 1942 4548 et
1961 4504 2198 4560 syntaxis
2219 4505 2429 4559 exigere
2449 4503 2694 4548 videntur
2713 4510 2786 4557 ut,
2805 4504 2924 4548 loco
2933 4504 3210 4549 verborum

752 4574 975 4630 infimae
995 4578 1153 4627 notis,
1170 4577 1432 4622 scribatur
1450 4576 1599 4619 nand
1620 4576 1840 4632 infimae
1860 4577 2044 4619 sortis.

832 4647 857 4679 ὁ
910 4644 1044 4691 Vide
1063 4657 1238 4702 supra,
1260 4658 1379 4702 pag.
1406 4646 1497 4701 109,
1524 4658 1571 4691 n.
1610 4646 1974 4700 zia-Aliquid
1997 4646 2164 4691 simile
2201 4646 2292 4690 sed
2321 4647 2486 4691 multo
2515 4647 2736 4701 graviu-
2747 4646 2857 4701 μω
2878 4646 3001 4691 olim
3025 4656 3211 4701 passus

738 4726 867 4762 crat
890 4718 945 4763 Ρ.
967 4717 1278 4763 Franciscus
1298 4718 1527 4764 Palmlus
1544 4729 1678 4763 anno
1699 4718 1821 4763 1552.
1840 4717 1976 4762 Vide
1995 4729 2172 4773 snpra,
2194 4725 2231 4762 t.
2255 4730 2307 4769 ιι,
2325 4729 2448 4773 pag.
2465 4718 2562 4772 504,
2593 4729 2642 4761 ιι.
2661 4718 2760 4762 222.
