3742 5392
1647 496 1772 557 ΑΝ.
1817 498 1959 559 1554
2930 497 3041 557 367

564 644 756 705 latus
781 640 1096 720 sedebat,
1130 642 1273 723 qui,
1315 652 1695 724 postquam
1737 642 1814 708 P.
1857 642 2117 709 Strada
2152 654 2577 725 perorasset,
2624 660 2927 724 surgens
2966 652 3037 707 et

565 756 817 830 aperto
853 748 1086 829 capite
1125 748 1375 813 obtulit
1422 765 1499 813 se
1549 749 1833 829 eadem,
1875 768 2057 832 quae
2105 750 2464 829 audierat,
2518 751 2589 813 in
2630 749 3037 829 Congrega—

564 855 760 919 tione
799 854 1113 919 civitatis
1154 853 1172 887 ¹
1210 856 1770 937 propositurum;
1813 874 2119 937 aequum
2159 857 2345 920 enim
2378 873 2535 920 esse
2576 856 2912 919 censebat
2960 866 3037 918 ut

573 958 976 1039 hujusmodi
1005 962 1202 1042 operi
1229 960 1438 1026 favor
1467 963 1781 1027 civitatis
1809 980 1954 1025 non
1978 961 2277 1027 deesset.
2304 960 2445 1069 §ed
2466 979 2715 1027 omnes
2730 962 2947 1043 jurati
2966 972 3037 1026 et

561 1067 962 1133 consiliarii
989 1068 1642 1149 Caesaraugustani
1670 1070 1744 1135 in
1765 1071 2004 1133 aulam
2032 1070 2436 1151 quamdam,
2468 1070 2589 1133 ubi
2610 1070 3038 1150 congregari

561 1176 763 1240 -soliti
804 1185 1010 1239 erant
1045 1176 1118 1238 in
1157 1176 1304 1239 suis
1344 1176 1681 1256 consiliis,
1725 1174 1937 1258 [cum]
1980 1177 2503 1253 convenissent,
2543 1180 2921 1241 voluerunt
2960 1187 3039 1241 ut

563 1282 768 1363 -apud
795 1281 1106 1362 eosdem,
1139 1283 1260 1363 qui
1297 1283 1661 1347 civitatem
1697 1292 1921 1347 totam
1960 1284 2617 1364 repraesentabant,
2660 1282 2737 1346 Ρ.
2779 1282 3042 1349 Sti-ada

560 1389 874 1452 similem
902 1406 1300 1452 sermonem
1345 1390 1458 1453 vel
1500 1390 1929 1470 colloquium
1972 1390 2267 1453 haberet
2304 1390 2393 1469 ei,
2426 1391 2617 1470 quod
2645 1391 2833 1470 apud
2874 1388 3039 1454 Pro·

577 1512 822 1576 regem
861 1505 932 1559 et
969 1496 1242 1559 nobiles
1279 1494 1674 1576 habuisset;
1722 1495 1913 1578 quod
1951 1514 2114 1561 cum
2156 1496 2442 1561 fecisset
2479 1496 2557 1560 P.
2600 1496 2881 1576 Strada,
2922 1498 3042 1577 qui

583 1605 764 1666 inter
795 1602 950 1665 illos
977 1601 1246 1683 primas
1285 1604 1570 1665 tenebat
1607 1602 1848 1665 verbis
1886 1602 2097 1667 valde
2124 1603 2331 1666 bonis
2358 1602 2741 1683 respondit:
2786 1603 3040 1667 deinde

584 1709 720 1790 ipsi
751 1710 933 1773 inter
963 1726 1038 1773 se
1071 1710 1236 1790 quid
1265 1709 1497 1773 acturi
1526 1719 1762 1773 essent
1791 1719 2105 1773 tractare
2133 1720 2539 1790 coeperunt.

697 1816 840 1879 782.
926 1816 1034 1879 Ex
1064 1816 1176 1879 his
1204 1816 1576 1897 colloquiis
1605 1817 1866 1897 duplex
1896 1816 2169 1879 fructus
2200 1828 2676 1897 consequutus
2698 1826 2833 1896 est,
2860 1818 3043 1881 alter

581 1923 862 2004 quidem
893 1924 1082 2003 quod
1111 1924 1370 1986 civitas
1399 1923 1486 1986 de
1517 1920 1899 1986 Societatis
1928 1923 2247 1986 instituto
2289 1940 2375 1987 ac
2416 1924 2625 1987 rebus
2666 1941 2913 1987 veram
2940 1922 3037 1986 in-

570 2030 1078 2093 formationem
1120 2030 1426 2110 accepit,
1472 2048 1612 2110 qua
1655 2047 1802 2092 non
1853 2046 2105 2108 parum
2150 2028 2545 2109 indigebat3
2589 2032 2767 2093 alter
2792 2079 2807 2109 ,
2851 2030 3042 2111 quod

581 2137 1004 2216 quibusdam
1031 2136 1384 2200 nobilibus
1413 2136 1805 2215 designatis
1829 2136 1921 2199 ad
1942 2136 2209 2199 auxilia
2237 2136 2683 2216 privatorum
2704 2153 3042 2217 quaeren-

573 2246 700 2321 da,
730 2253 809 2309 ut
838 2244 1018 2307 situs
1047 2243 1486 2307 commodior
1513 2243 1651 2306 emi
1680 2253 1919 2323 posset
1946 2242 2185 2307 futuro
2220 2243 2559 2323 Collegio,
2592 2244 2865 2307 duobus
2896 2244 3045 2307 fere

577 2352 830 2415 diebus
857 2353 1233 2432 plusquam
1273 2360 1576 2430 quatuor
1613 2351 1831 2413 millia
1874 2351 2294 2414 ducatorum
2335 2352 2571 2413 oblata
2602 2350 2819 2414 fuisse
2858 2360 3043 2415 retu-

579 2462 834 2521 lerunt:
884 2458 1142 2521 civitas
1185 2458 1364 2537 ipsa,
1412 2475 1594 2538 quae
1629 2458 1827 2537 prius
1866 2458 2382 2537 quinquaginta
2427 2460 2644 2521 libras
2684 2460 2801 2521 vel
2839 2469 3046 2521 scuta

573 2566 750 2629 dare
777 2565 1080 2644 singulis
1110 2564 1315 2627 annis
1345 2565 1548 2627 solita
1582 2573 1757 2643 erat,
1791 2582 2039 2627 earum
2072 2566 2226 2627 loco
2258 2566 2445 2627 mille
2476 2582 2731 2627 aureos
2764 2565 3039 2639 obtulit;

575 2674 670 2735 ab
703 2671 859 2735 aliis
889 2672 1188 2753 privatis
1216 2671 1487 2752 reliqua
1517 2688 1794 2735 summa
1825 2672 2175 2751 promissa
2217 2670 2369 2734 fuit:
2420 2672 2569 2751 ipse
2600 2680 2837 2735 autem
2879 2670 3045 2733 Pro-

583 2796 736 2855 rex,
769 2788 844 2841 ut
867 2780 1022 2841 aliis
1047 2779 1367 2859 exemplo
1389 2779 1722 2858 praeiret,
1750 2778 1915 2841 licet
1936 2780 2176 2841 multis
2202 2779 2455 2841 debitis
2478 2788 2813 2843 oneratus
2833 2790 3043 2855 esset,

576 2894 964 2949 sexcentos
997 2900 1252 2948 aureos
1283 2886 1552 2959 obtulit3
1588 2895 1656 2948 et
1696 2886 2025 2966 quamvis
2066 2895 2217 2949 tota
2260 2902 2535 2948 summa
2568 2885 2915 2965 promissa
2956 2885 3049 2948 ad

579 2994 890 3074 quinque
919 2992 1136 3055 millia
1168 2992 1606 3070 ascenderet,
1641 3010 1783 3056 non
1813 3003 2052 3055 tamen
2085 2991 2318 3054 omnia
2350 2992 2590 3055 statim
2621 3001 3045 3071 recuperata

583 3109 772 3179 sunt,
815 3099 980 3179 quia
1027 3098 1252 3178 major
1289 3116 1460 3180 pars
1515 3099 1939 3179 expectabat
1978 3108 2051 3161 ut
2110 3099 2289 3161 situs
2340 3108 2721 3177 emeretur,
2768 3097 2855 3161 de
2906 3115 3045 3178 quo

581 3207 991 3287 quaerendo
1037 3205 1324 3269 solliciti
1360 3206 1562 3269 multi
1609 3222 1702 3269 ex
1743 3206 1993 3269 amicis
2034 3214 2275 3269 erant:
2318 3204 2405 3268 de
2452 3204 2793 3269 reditibus
2834 3206 3051 3267 etiam

587 3314 1092 3377 ecclesiasticis
1139 3313 1582 3393 applicandis
1622 3313 1911 3392 quidam
1961 3312 2037 3376 P.
2094 3310 2425 3377 Stradam
2478 3312 2819 3392 alloquuti
2860 3322 3046 3375 sunt:

591 3420 890 3485 Pro-rex
918 3421 1130 3485 etiam
1161 3420 1428 3499 recepit
1459 3437 1534 3483 se
1565 3420 1995 3501 scripturum
2024 3419 2445 3499 Imperatori
2471 3431 2567 3499 ut,
2601 3419 3047 3500 quemadmo-

585 3527 754 3590 dum
795 3526 1078 3591 Siciliae
1115 3526 1482 3606 Collegiis‚
1524 3528 1622 3590 ita
1662 3527 1881 3591 etiam
1919 3537 1987 3591 et
2032 3526 2701 3605 Caesaraugustano
2742 3528 3051 3605 aliquam

585 3634 974 3698 Abbatiam
1004 3635 1348 3714 applicari
1377 3636 1616 3714 vellet;
1661 3652 1790 3698 nec
1829 3635 1903 3698 in
1945 3634 2081 3697 hoc
2122 3632 2349 3697 officio
2390 3631 2803 3713 Pro-regem
2844 3632 3049 3696 Cata·

582 3742 867 3805 ,launiae
896 3742 1337 3821 praeiturum
1366 3759 1522 3805 esse
1557 3740 1951 3805 affirmabat
1982 3741 2030 3803 ³.

703 3848 846 3911 783.
936 3847 1372 3912 Incalescere
1403 3860 1640 3913 autem
1683 3850 1963 3913 animos
2002 3848 2837 3929 Caesaraugustanorum
2871 3845 3049 3927 judi-

577 3957 796 4019 cabat
826 3956 900 4018 P.
934 3954 1190 4019 Strada
1223 3974 1314 4019 cx
1343 3956 1876 4036 praedicatione
1900 3957 2101 4019 verbi
2133 3955 2291 4033 Dei,
2326 3954 2517 4035 quod
2547 3954 2661 4016 ille
2692 3954 2765 4016 in
2788 3957 3049 4035 templo

580 4062 888 4127 Nostrae
919 4062 1269 4127 Dominae
1298 4064 1413 4127 del
1459 4062 1668 4142 Pilar,
1717 4074 1786 4127 et
1829 4064 1903 4126 in
1942 4061 2357 4125 Cathedrali
2398 4060 2702 4124 ecclesia
2744 4058 2789 4140 ³,
2836 4072 3050 4141 atque

583 4171 950 4251 hospitali,
993 4172 1180 4251 quod
1221 4170 1498 4250 insigne
1549 4181 1702 4233 erat
1751 4166 1809 4247 ⁴,
1852 4171 2115 4250 populo
2161 4168 2536 4249 diligenter
2578 4168 3044 4248 proponebat,

670 4377 684 4409 ¹
739 4375 979 4430 Intellige
1008 4376 1316 4429 municipale
1347 4376 1658 4429 Concilium,
1681 4386 1770 4419 seu
1801 4375 2071 4419 Praetoris
2102 4383 2153 4419 et
2184 4373 2487 4427 juratorum
2508 4378 2844 4427 conventum,
2868 4371 3053 4425 qulbus

579 4450 656 4491 cis
671 4448 822 4492 itatis
842 4460 969 4492 cura
989 4448 1264 4493 commissa
1285 4454 1395 4502 est3
1419 4448 1684 4502 hispanice
1705 4448 2145 4502 Ayumamiento.

663 4520 686 4551 Ξ
745 4516 876 4561 Vnde
895 4530 1079 4572 supra,
1101 4520 1196 4563 sub
1217 4517 1368 4563 finem
1389 4530 1526 4563 num.
1541 4518 1638 4563 7⁶3.

666 4592 689 4623 ὃ
745 4590 888 4635 Haec
907 4592 963 4635 la
987 4590 1085 4634 Sco
1105 4590 1312 4635 dicitur.

670 4665 684 4694 ὓ
743 4661 1010 4717 Hospitalc
1035 4662 1279 4706 Dominae
1303 4662 1526 4707 Nostrae
1547 4663 1614 4706 de
1635 4662 1850 4713 Gracia,
1868 4662 1965 4716 cui,
1984 4661 2227 4716 quoniam
2246 4672 2341 4705 non
2376 4660 2557 4704 incolis
2590 4664 2819 4710 tantum,
2840 4664 2897 4699 ut
2918 4656 3051 4699 alins

575 4744 739 4789 saepe
763 4732 870 4777 fieri
891 4736 1115 4785 solebat,
1140 4736 1228 4778 scd
1259 4736 1526 4780 extraneis
1554 4736 1712 4778 etiam
1745 4735 2147 4789 quibuscumque
2182 4732 2499 4787 excipiendis
2522 4730 2865 4783 curandisque
2888 4726 3048 4771 desti·
