3742 5392
1624 516 1747 574 ΑΝ.
1793 516 1932 576 1554
2911 518 3019 575 457

659 666 800 729 975.
890 665 1293 742 Praeterea,
1331 678 1491 726 cum
1521 662 1810 742 quidam
1839 662 1930 727 D.
1965 661 2220 725 Petrus
2250 662 2337 725 de
2368 661 2692 741 Castilla,
2730 665 2849 744 qui
2879 663 3015 727 Ro-

544 790 704 836 mae
732 772 822 835 ab
852 771 1336 852 Inquisitionis
1381 770 1609 833 officio
1641 778 1896 850 captus
1934 770 2409 848 detinebatur,
2443 786 2851 849 regressum
2896 773 3016 834 ha-

543 882 742 943 beret
771 877 862 941 ad
891 878 1412 955 canonicatum,
1447 877 1637 957 quod
1666 875 2042 939 Cordubae
2072 875 2148 938 P.
2191 876 2545 939 Antonius
2574 878 2910 958 habebat,
2947 888 3016 941 et

547 995 926 1050 sexcentos
959 1002 1220 1047 aureos
1249 984 1610 1063 pensionis
1638 984 1712 1046 in
1743 984 2067 1062 singulos
2096 999 2347 1061 annOS,
2383 983 2521 1047 hac
2551 983 2737 1047 illius
2768 983 2858 1048 D.
2891 985 3017 1048 Pe·

545 1096 641 1158 tri
667 1103 968 1174 captura
997 1104 1067 1156 et
1107 1101 1332 1155 morte
1361 1092 1613 1155 deinde
1653 1092 1877 1171 ipsius
1912 1100 2387 1171 consequente
2418 1090 2744 1155 effectum
2774 1103 2904 1171 est,
2940 1104 3017 1156 ut

549 1204 766 1266 libere
795 1209 1202 1283 permutare
1233 1218 1395 1263 cum
1425 1200 1584 1263 aliis
1612 1200 1959 1263 reditibus
1981 1200 2488 1263 ecclesiasticis
2517 1201 3018 1265 canonicatum

549 1313 744 1375 illum
773 1320 1016 1391 posset
1046 1309 1122 1373 P.
1158 1310 1536 1383 Antonius,
1571 1318 1642 1372 et
1673 1309 1771 1372 ita
1811 1308 2360 1372 salmanticensi
2390 1308 2709 1388 Collegio
2749 1318 2819 1373 et
2849 1309 3017 1374 Cor-

542 1418 843 1482 dubensi
887 1434 1226 1497 magnum
1269 1416 1611 1480 auxilium
1661 1425 1731 1479 et
1779 1416 2040 1479 bonam
2088 1415 2475 1479 dotationis
2517 1424 2792 1495 partem
2843 1418 3017 1480 dare

553 1520 783 1605 potuit
816 1525 860 1585 ¹.

666 1633 808 1696 976.
893 1632 1137 1696 Crevit
1187 1648 1526 1695 numerus
1577 1639 1985 1694 nostrorum
2036 1630 2581 1693 cordubensium
2633 1632 3019 1711 aliquantu-

543 1743 688 1805 lum
741 1741 954 1805 etiam
1002 1740 1076 1803 in
1128 1749 1488 1815 autumn0,
1549 1738 1676 1801 sed
1733 1748 2040 1819 quatuor
2098 1738 2297 1801 missi
2346 1748 2510 1801 sunt
2562 1739 2633 1801 in
2684 1739 3019 1819 oppidum

549 1850 669 1915 ΞΜ
701 1850 963 1927 Lucae,
996 1850 1218 1928 vulgo
1242 1847 1393 1910 San
1419 1847 1663 1910 Lucar
1684 1846 1769 1909 de
1791 1846 2252 1909 Barrameda
2274 1846 2333 1924 ²,·
2358 1848 2500 1910 duo
2529 1848 2643 1910 vel
2672 1855 2819 1910 tres
2843 1846 3019 1911 Gra·

443 2036 460 2045 ί
551 1968 763 2022 natae
794 1957 1266 2020 versabantur
1295 1952 1341 2033 ἢ
1377 1971 1644 2031 omneS,
1676 1954 1825 2017 fere
1850 1954 2184 2032 triginta,
2212 1955 2657 2034 provinciam
2689 1953 3021 2018 Baeticae

545 2064 1038 2128 conficiebant.
1073 2063 1162 2126 Et
1191 2062 1518 2142 quamvis
1547 2062 1774 2124 nostri
1820 2061 2304 2124 cordubenses
2333 2062 2423 2123 ad
2454 2060 3021 2125 mortificationis

552 2172 864 2235 studium
891 2178 1128 2233 essent
1159 2168 1516 2249 propensi,
1550 2185 1692 2231 non
1721 2176 1961 2230 tamen
1994 2168 2095 2231 eis
2135 2178 2475 2248 quantum
2508 2169 2642 2249 ipsi
2682 2169 3021 2249 optabant

552 2278 1122 2359 permittebatur,
1172 2293 1332 2339 cum
1373 2275 1570 2339 multi
1612 2284 1902 2356 propter
1941 2275 2233 2339 nimium
2276 2286 2549 2339 aestum
2590 2276 2661 2339 in
2700 2277 3023 2340 morbum

552 2386 969 2462 inciderent,
1001 2393 1071 2447 et
1101 2392 1338 2447 tamen
1376 2381 1738 2445 laboribus
1776 2382 2017 2445 multis
2048 2378 2433 2445 subeundis
2474 2383 2666 2445 vires
2697 2384 3023 2463 corporis

549 2511 638 2557 ac
667 2494 940 2557 sanitas
969 2491 1486 2572 requirebatur.

671 2602 811 2665 977.
901 2599 1261 2679 Optabant
1312 2608 1550 2661 autem
1592 2598 2004 2661 scholastici
2046 2596 2072 2628 ⁴
2121 2600 2687 2678 philosophicum
2738 2616 3024 2662 cursum

549 2710 724 2790 ipsis
751 2708 1092 2788 praelegi,
1127 2722 1289 2769 cum
1329 2705 1462 2767 sibi
1500 2705 1913 2768 viderentur
1953 2706 2089 2771 hoc
2131 2722 2351 2784 ann0,
2386 2724 2524 2787 quo
2555 2706 2778 2769 nostri
2820 2706 3025 2769 dede-

550 2827 714 2880 rant
763 2829 1081 2895 operam,
1123 2814 1282 2893 plus
1335 2812 1728 2893 profecisse
1764 2829 1981 2893 quam
2019 2812 2246 2875 tribus
2286 2815 2403 2875 vel
2441 2822 2747 2895 quatuor
2792 2814 3020 2891 anniS,

544 2924 804 3003 quibus
836 2922 1034 3002 prius
1079 2920 1333 2983 litteris
1363 2936 1658 2999 operam
1699 2918 2065 2981 dederant.
2100 2918 2344 2983 Nostri
2383 2929 2653 2998 tamen,
2687 2920 2888 2997 licet,
2923 2929 3024 2983 ut-

543 3046 852 3111 cumque
882 3029 972 3091 ab
1003 3027 1449 3108 aegritudine
1483 3030 2034 3105 convaluerunt,
2078 3036 2331 3107 coepta
2370 3029 2606 3091 studia
2648 3028 2739 3091 ad
2766 3028 3024 3091 festum

552 3138 721 3203 Divi
749 3136 990 3200 Lucae
1019 3145 1644 3217 prosequerentur,
1680 3152 1824 3197 non
1853 3144 2092 3198 tamen
2123 3136 2652 3216 philosophicas
2682 3137 3028 3199 lectiones

557 3245 1000 3309 inchoandas
1031 3250 1485 3321 censuerunt3
1519 3251 1591 3304 et
1620 3242 1935 3321 scholae,
1962 3260 2143 3323 quae
2175 3243 2349 3306 satis
2372 3259 2677 3323 magnae
2701 3243 3032 3323 expensis

641 3563 656 3593 ⁸
715 3560 822 3605 “He
842 3560 1026 3605 nabide
1047 3570 1144 3614 que
1177 3570 1242 3602 no
1271 3558 1438 3613 pnede
1460 3559 1509 3601 el
1529 3558 1589 3602 P.
1610 3556 1673 3601 D.
1697 3557 1930 3601 Antonio
1950 3556 2012 3600 de
2035 3555 2273 3601 cordoba
2302 3558 2542 3611 resignat
2562 3558 2611 3601 el
2642 3558 2949 3603 canonicato
2971 3559 3033 3601 de

559 3633 798 3677 cordoba
819 3642 1010 3687 perque
1035 3631 1172 3675 tiene
1192 3630 1327 3674 dado
1348 3640 1564 3683 regi-eso
1583 3632 1616 3673 a
1637 3628 1752 3673 Don
1771 3628 1941 3671 Pedro
1962 3628 2025 3671 de
2046 3628 2292 3682 Castllla,
2316 3632 2363 3672 el
2384 3631 2502 3674 cual
2516 3662 2528 3683 ,
2550 3640 2751 3685 aunque
2774 3633 2890 3675 esta
2918 3642 3035 3685 pre·

559 3716 617 3749 so
637 3716 701 3749 en
723 3705 777 3748 la
794 3703 1108 3758 Inquisicion
1128 3715 1164 3758 y
1183 3700 1348 3755 podra
1367 3711 1453 3743 ser
1474 3712 1540 3744 no
1560 3702 1712 3755 salga
1734 3711 1797 3743 en
1815 3712 1877 3743 sn
1898 3700 2021 3744 vida
2035 3733 2047 3753 ,
2069 3712 2133 3743 no
2155 3701 2224 3743 ha
2244 3700 2358 3743 sido
2386 3701 2609 3754 privado
2630 3702 2692 3745 de
2712 3712 2773 3745 su
2793 3702 3033 3755 dex-echo,

557 3781 712 3821 antes
731 3776 972 3821 entiendo
987 3786 1084 3829 que
1105 3774 1328 3817 manden
1347 3784 1518 3827 pagar
1533 3774 1614 3817 las
1631 3774 1907 3827 pensiones
1924 3784 2021 3827 que
2042 3774 2091 3817 le
2107 3774 2286 3817 deben.
2304 3772 2505 3828 Dijome
2524 3774 2570 3817 el
2592 3780 2707 3817 otro
2724 3775 2810 3819 dia
2826 3774 3037 3819 Andros

561 3847 712 3901 Vela,
734 3859 830 3902 que
867 3858 923 3891 es
955 3858 1020 3890 un
1052 3857 1185 3901 gran
1215 3845 1530 3899 negociador
1563 3858 1599 3902 y
1620 3852 1809 3899 agente
1831 3844 1894 3887 de
1927 3845 1980 3889 la
2014 3843 2213 3889 Sefiora
2234 3844 2510 3899 Man-quesn
2542 3846 2605 3888 de
2626 3846 2821 3901 Pllego,
2855 3858 2957 3901 que
2988 3848 3037 3889 el

559 3921 698 3963 tiene
720 3920 981 3962 conciet-to
1002 3929 1097 3962 con
1117 3916 1232 3960 Don
1263 3916 1430 3961 Pedro
1450 3917 1513 3959 de
1545 3915 1767 3959 Castilla
1791 3916 1852 3959 de
1883 3928 1982 3971 que
2003 3915 2271 3960 consienta
2293 3919 2325 3959 a
2356 3917 2407 3960 la
2430 3916 2757 3970 resignacion
2790 3930 2855 3961 en
2876 3920 2921 3961 el
2938 3952 2948 3971 ,
2970 3930 3037 3961 no

561 3992 802 4036 obstante
823 3992 873 4035 el
892 4000 1124 4044 regn-eso,
1145 3990 1190 4033 ⁸1
1211 3988 1324 4033 Don
1344 3988 1573 4033 Antonio
1592 3988 1770 4042 quiere
1805 3994 2077 4041 permutat·
2097 3998 2191 4033 con
2212 3989 2259 4031 el
2274 4020 2285 4040 ,
2306 4000 2341 4044 y
2362 3998 2461 4042 que
2481 3990 2529 4033 le
2551 3990 2681 4033 dara
2702 4000 2823 4046 muy
2843 3992 3039 4034 bnenos

561 4062 836 4107 beneficios
857 4062 1070 4116 simples
1084 4065 1114 4105 o
1135 4064 1428 4117 prestamos
1449 4070 1603 4104 cerea
1624 4060 1686 4103 de
1711 4060 1967 4104 Cordoba.
1979 4059 2110 4103 Esto
2130 4072 2227 4115 por
2245 4061 2410 4109 aviae.
2428 4074 2463 4117 y
2479 4071 2673 4115 porque
2690 4062 2873 4115 podria
2890 4063 2955 4105 V.
2975 4063 3037 4106 R.

560 4136 708 4179 >darie
739 4134 966 4178 tambien
1000 4134 1050 4178 al
1082 4133 1135 4177 P.
1158 4132 1222 4177 D.
1243 4132 1472 4176 Antonio
1490 4165 1500 4186 ,
1535 4142 1633 4187 que
1673 4130 1860 4175 tendra
1891 4140 1987 4175 con
2018 4133 2066 4175 el
2099 4133 2309 4177 ocasion
2340 4132 2401 4174 de
2431 4142 2497 4175 no
2530 4132 2626 4176 dar
2653 4134 2703 4176 el
2733 4134 3038 4177 canonicato

563 4210 596 4251 a
616 4206 768 4261 quien
788 4206 902 4251 dice
923 4205 988 4250 V.
1009 4206 1068 4249 R.
1090 4206 1137 4249 le
1159 4204 1406 4249 instaban
1425 4214 1558 4258 para
1577 4204 1724 4247 darle
1745 4209 1935 4247 contra
1953 4214 2015 4248 su
2030 4204 2326 4256 voluntem...
2347 4204 2619 4252 Polancus.
2638 4214 2704 4246 ex
2722 4216 2872 4258 com„
2893 4205 3037 4249 Patri

565 4277 882 4333 Hieronymo
904 4277 1098 4330 Nadal,
1121 4277 1174 4320 14
1192 4274 1329 4329 Junu
1353 4275 1667 4318 mma-vide
1689 4274 1847 4318 etiam
1869 4274 2085 4318 Polanci
2114 4276 2324 4318 litteras
2345 4275 2493 4318 Patri
2516 4276 2745 4319 Antonio
2765 4276 2827 4319 de
2850 4275 3042 4319 Cordu-

565 4352 630 4394 ba
653 4348 806 4394 datas
824 4350 879 4394 20
897 4347 1222 4402 jaun—Item
1241 4358 1417 4401 supra,
1441 4352 1478 4391 t.
1503 4356 1579 4399 ιιι,
1603 4358 1722 4401 pag.
1743 4346 1842 4401 550,
1864 4356 1913 4389 n.
1936 4346 2033 4402 774,
2056 4352 2109 4390 et
2130 4355 2307 4391 annot.
2331 4347 2368 4390 1.

645 4423 669 4455 ⁸
721 4422 856 4466 Vide
879 4422 1042 4475 infra,
1063 4432 1114 4465 n.
1145 4420 1244 4465 99⁴.

648 4492 673 4526 ³
727 4493 995 4537 Granatae
1017 4493 1116 4537 hoe
1137 4498 1368 4547 tempore
1391 4493 1745 4535 versabantur
1767 4490 1825 4533 P.
1848 4489 2074 4543 Jacobus
2095 4490 2157 4533 de
2180 4488 2485 4544 Santaeruz,
2506 4491 2565 4535 Ρ.
2590 4490 2777 4537 Petrus
2796 4492 2842 4538 N
2846 4503 3039 4537 avarro

565 4572 616 4609 et
639 4566 807 4610 frater
826 4564 1050 4615 Joannes
1073 4562 1265 4607 Paulus
1285 4564 1410 4617 “que
1432 4570 1678 4606 entonces
1696 4572 1794 4616 por
1813 4572 1902 4605 sus
1934 4562 2357 4615 indisposlciones
2386 4563 2545 4607 habia
2567 4562 2753 4607 venido
2773 4564 2805 4607 a
2826 4574 3039 4609 curarse

565 4648 633 4681 en
652 4648 779 4683 casa
799 4638 860 4681 de
883 4648 942 4680 su
965 4639 1140 4691 padre,
1165 4639 1342 4682 Anton
1359 4637 1421 4679 de
1441 4636 1608 4689 Jerez,
1627 4634 1940 4689 mercader.„
1962 4634 2209 4678 Historia
2228 4646 2321 4679 ms.
2344 4636 2431 4679 del
2451 4634 2656 4687 Colegio
2676 4635 2743 4678 de
2766 4634 3045 4683 Granada.

565 4721 686 4765 cap.
707 4721 743 4763 1,
764 4710 851 4753 fol.
874 4710 915 4752 ‘.'.

648 4781 674 4814 ⁴
729 4780 961 4833 Scilicet,
986 4782 1188 4825 externi
1209 4782 1494 4833 scholares,
1519 4780 1603 4834 qui
1627 4785 1838 4824 nostras
1859 4780 2068 4824 scholas
2089 4780 2505 4833 frequentabant.
