3742 5392
1677 508 1801 565 ΑΝ.
1849 508 1987 565 1554
2948 506 3052 564 321

591 654 1010 734 EpiscopuS,
1043 654 1359 733 alioquin
1387 653 1522 733 ipsi
1549 652 2167 729 familiarissimus,
2197 662 2440 731 aperte
2464 652 2528 716 ei
2552 652 2729 715 dixit
2761 668 2838 714 se
2862 670 3056 715 num-

599 779 812 841 quam
843 761 1314 825 concionandi
1341 778 1474 823 nec
1498 760 1982 823 confessiones
2005 760 2337 823 audiendi
2358 758 2767 823 facultatem
2794 759 3060 822 nostris

590 868 1147 949 permissurum,
1181 868 1316 930 nisi
1345 885 1542 931 more
1584 867 2059 930 saecularium
2102 866 2553 929 sacerdotum
2589 864 3057 945 jurisdictioni

605 986 674 1038 et
705 975 1034 1055 potestati
1070 976 1292 1054 ipsius
1323 973 1792 1038 subderentur
1829 972 1868 1033 ¹.

723 1081 864 1145 686.
951 1082 1092 1145 Ter
1132 1082 1351 1161 igitur
1395 1082 1752 1161 repulsam
1796 1098 2089 1161 passuS,
2146 1100 2187 1144 a
2236 1082 2311 1145 P.
2366 1080 2753 1144 Paschasio
2804 1081 3065 1144 missus

605 1190 794 1269 Mag.
839 1189 1187 1251 Robertus
1234 1189 1325 1251 ad
1365 1188 1748 1268 quamdam
1791 1189 2183 1266 abbatiam,
2222 1189 2332 1251 cui
2384 1188 2694 1252 nondum
2746 1186 3067 1253 Societas

604 1298 1039 1375 innotuerat,
1075 1296 1334 1359 ibidem
1365 1295 1780 1358 concionem
1819 1295 1927 1357 bis
1978 1296 2222 1359 habuit
2261 1313 2425 1359 cum
2476 1296 2662 1358 bona
2702 1292 3067 1374 religiosa·

607 1421 764 1467 rum
792 1414 860 1466 et
889 1404 1273 1466 astantium
1303 1402 1531 1480 fruge.
1567 1400 1838 1465 Deinde
1871 1418 2112 1465 mense
2142 1401 2311 1482 Maji
2335 1420 2463 1482 per
2490 1404 2667 1465 duas
2689 1400 3064 1463 hebdoma-

607 1510 738 1573 das
766 1510 836 1573 in
870 1510 1180 1573 dioecesi
1208 1508 1599 1572 Senonensi
1631 1520 1957 1571 versatus
1988 1520 2129 1587 est,
2163 1519 2232 1571 et
2262 1508 2639 1573 dominicis
2682 1526 3069 1587 sacraeque

609 1616 1068 1679 Pentecostes
1099 1617 1348 1679 diebus
1376 1616 1447 1678 in
1479 1614 1753 1678 duobus
1781 1617 1992 1694 pagis
2022 1616 2487 1679 concionatus
2518 1627 2623 1679 est
2648 1632 2810 1678 cum
2834 1614 3069 1678 fructu

611 1741 752 1787 non
784 1724 1230 1804 poenitendo,
1630 1800 1648 1823 ο

732 1830 872 1894 687.
960 1830 1254 1893 Parisiis
1307 1840 1544 1893 autem
1593 1830 2017 1910 quibusdam
2067 1830 2225 1892 aliis
2276 1830 2619 1893 exercitia
2672 1830 3066 1908 spiritualia

611 1938 978 2019 proposita
1008 1937 1318 2011 fuerunt;
1358 1938 1539 1999 inter
1571 1954 1748 2016 quos
1775 1937 2030 1999 nobilis
2060 1935 2191 1999 fuit
2222 1936 2509 2016 quidam
2542 1936 2957 1998 adolescens
2980 1954 3067 1999 ex

611 2046 882 2110 familia
915 2046 1313 2111 Cardinalis
1344 2045 1432 2107 de
1477 2044 1846 2107 Vendome
1887 2047 1944 2121 ¹,
1989 2044 2109 2123 qui
2148 2060 2308 2106 cum
2352 2043 2675 2122 profectu
2726 2043 3077 2123 spirituali

615 2170 878 2233 magno
922 2155 1011 2217 ab
1053 2154 1158 2215 eis
1197 2152 1524 2215 recessit:
1569 2152 1854 2231 quidam
1896 2160 2133 2213 autem
2178 2150 2517 2214 sacerdos
2555 2159 2623 2213 et
2668 2150 3074 2225 canonicuS,

617 2261 773 2340 pius
813 2279 898 2323 ac
939 2260 1334 2336 modestuS,
1381 2260 1499 2336 qui
1541 2267 1704 2320 ante
1748 2258 2251 2337 sesquiannum
2298 2256 2679 2320 Societatis
2723 2258 3081 2320 exercitiis

615 2366 851 2431 fuerat
881 2367 1282 2443 institutuS,
1316 2364 1653 2428 Societati
1678 2380 1752 2426 se
1777 2374 1997 2426 totum
2025 2364 2451 2443 resignavit:
2488 2363 2607 2426 alii
2630 2364 2917 2443 quidam
2950 2365 3083 2427 hoc

620 2474 868 2537 eodem
930 2483 1248 2550 tempore
1305 2481 1590 2534 nostros
1647 2470 1923 2533 eminus
1978 2469 2482 2549 sequebantur,
2544 2488 2686 2533 non
2744 2470 3084 2533 audentes

619 2590 867 2660 aperte
896 2597 972 2641 se
1003 2580 1268 2641 nostris
1299 2576 1762 2657 conjungere,
1798 2576 2171 2639 calumniis
2196 2574 2771 2640 adversariorum
2796 2577 3084 2640 deterri-

622 2688 706 2766 ti,
740 2688 860 2767 qui
894 2697 1130 2750 tamen
1160 2688 1344 2749 lacte
1374 2684 1911 2747 enutriebantur
1941 2702 2027 2746 ac
2056 2684 2512 2759 fovebantur,
2548 2684 2773 2747 donec
2803 2685 3085 2747 solidio-

625 2796 726 2858 ris
758 2795 895 2857 cibi
927 2793 1312 2874 participes
1342 2808 1498 2855 esse
1530 2799 1839 2871 possent.
1871 2790 2112 2855 Gessit
2135 2799 2369 2853 autem
2394 2808 2470 2853 se
2494 2801 2778 2853 strenue
2803 2791 3088 2871 quidam

622 2920 716 2965 ex
745 2901 1032 2979 nostriS,
1067 2900 1424 2963 Antonius
1455 2899 1540 2962 de
1570 2898 1869 2976 Lassar,
1903 2898 2365 2978 BurgunduS‚
2394 2899 2533 2978 qui,
2568 2916 2725 2961 cum
2761 2899 3091 2978 perdives

627 3017 812 3072 esset
843 3026 929 3071 ac
959 3006 1169 3069 valde
1200 3006 1488 3085 nobilis,
1524 3022 1764 3068 acrem
1795 3005 2176 3067 admodum
2207 3005 2755 3068 domesticorum
2800 3023 3090 3069 suorum

629 3115 1238 3194 impugnationem
1266 3124 1374 3175 ter
1404 3120 1526 3175 aut
1555 3121 1807 3190 quater
1836 3111 2168 3174 iteratam
2200 3112 2596 3191 superavit,
2632 3130 2792 3175 cum
2840 3114 2957 3176 alii
3000 3113 3092 3175 ad

627 3221 1161 3285 matrimonium
1200 3221 1432 3299 ipsum
1471 3218 2007 3299 protruderent,
2050 3220 2171 3281 alii
2210 3218 2299 3310 ad
2342 3219 2698 3281 abbatiam
2731 3218 3092 3283 admitten-

629 3330 796 3393 dam
825 3340 1187 3407 urgerent.
1221 3326 1377 3389 Hac
1408 3326 1654 3389 ultima
1686 3326 1963 3389 ratione
1992 3325 2125 3388 suit
2157 3326 2370 3389 etiam
2409 3337 2859 3405 oppugnatus
2898 3327 3090 3406 Mag.

632 3435 986 3499 Robertus
1053 3433 1517 3513 Clayssonius
1546 3481 1559 3511 ‚
1631 3433 1744 3495 cui
1810 3432 2074 3511 duplex
2143 3432 2426 3495 abbatia
2455 3481 2468 3510 ,
2538 3430 2971 3496 Dumnensis
3028 3445 3095 3497 et

631 3540 752 3605 Sssf
793 3542 1126 3605 Andreae
1157 3557 1376 3619 prope
1417 3538 1697 3617 Brugas
1734 3536 1791 3617 ³,
1837 3539 2045 3601 simul
2086 3555 2247 3601 curn
2278 3540 2700 3602 canonicatu
2752 3542 3096 3604 ecclesiae

639 3686 765 3693 ——-—-

713 3748 728 3779 ¹
787 3746 909 3791 “Del
933 3746 1204 3799 predicare
1225 3744 1274 3788 di
1303 3749 1481 3787 nostro
1501 3744 1712 3787 fratello
1733 3742 1886 3787 Mtro.
1910 3742 2155 3795 Roberto,
2176 3750 2228 3786 et
2252 3744 2389 3787 della
2409 3745 2605 3787 licenza
2626 3745 2675 3788 di
2707 3744 2873 3789 sentit·
2903 3747 3099 3790 conses-

631 3818 760 3863 sioni
782 3824 837 3862 et
865 3828 1175 3873 promovere
1203 3817 1293 3861 alli
1324 3815 1488 3860 ordini
1519 3815 1681 3865 sacri,
1702 3815 1981 3859 habbiamo
2018 3815 2183 3858 inteso
2206 3818 2255 3858 la
2286 3816 2511 3859 dfficolta
2531 3818 2625 3860 che
2648 3818 2701 3860 sa
2730 3818 2766 3861 il
2787 3817 3029 3863 Vescovo
3051 3820 3101 3863 di

633 3891 834 3945 Parigi.
855 3896 908 3933 et
929 3889 1149 3933 secondo
1171 3889 1206 3932 il
1229 3898 1414 3941 parere
1437 3887 1486 3931 dl
1508 3886 1568 3930 N.
1591 3886 1663 3939 Ρ..
1685 3898 1839 3930 senza
1867 3897 2123 3941 procurat·
2151 3888 2275 3931 altri
2306 3889 2462 3931 mezzi
2477 3921 2487 3941 ‚
2509 3890 2786 3933 habblamo
2819 3898 3101 3945 procurato

631 3962 728 4005 che
758 3963 794 4004 u
827 3960 1104 4004 Cardinale
1138 3960 1187 4003 di
1219 3960 1404 4015 Bellay
1423 3959 1680 4002 scrivesse
1710 3970 1743 4001 a
1771 3959 1915 4002 detto
1936 3958 2179 4002 Vescovo
2208 3970 2310 4002 una
2342 3961 2549 4013 lettera,
2571 3961 2651 4004 cui
2684 3962 2982 4007 substantia
3016 3964 3101 4017 qui

635 4034 836 4085 mando,
858 4040 912 4075 et
933 4034 1021 4086 gia
1041 4032 1183 4075 detta
1213 4032 1402 4075 lettera
1439 4042 1531 4084 per
1563 4042 1630 4075 un
1662 4030 1891 4074 corz-iero
1914 4030 1965 4073 fu
2002 4030 2267 4073 mandata.
2290 4030 2439 4075 Oltra
2460 4033 2509 4075 di
2531 4039 2715 4085 questo
2737 4032 3032 4089 Monsignor
3054 4036 3103 4079 di

634 4104 865 4148 Burdeos
885 4104 930 4147 ci
963 4104 1032 4147 ha
1053 4104 1234 4147 offerto
1257 4104 1304 4146 di
1329 4104 1409 4146 sar
1431 4114 1462 4145 a
1483 4105 1644 4146 bocca
1665 4110 1846 4157 questo
1867 4102 2033 4146 officio
2054 4103 2133 4145 col
2156 4102 2398 4146 Vescovo
2420 4103 2564 4148 detto
2594 4107 2755 4148 molto
2776 4107 3105 4151 caldamente

633 4182 689 4221 et
709 4175 814 4219 Sua
836 4175 888 4219 S.
912 4174 954 4217 R
994 4178 1212 4229 portura
1232 4182 1410 4229 queste
1433 4176 1620 4217 lettere
1644 4185 1673 4217 o
1697 4185 1820 4217 vero
1841 4174 1990 4228 copia
2012 4174 2061 4217 di
2084 4175 2275 4227 quelle.
2303 4172 2359 4216 Ci
2381 4174 2425 4217 si
2448 4180 2644 4219 mostra
2665 4182 2717 4219 et
2737 4177 2779 4219 si
2802 4180 2829 4220 ὲ
2851 4184 3106 4223 mostrato

635 4249 795 4292 molto
817 4248 1120 4291 favorevole
1155 4248 1206 4290 in
1235 4258 1358 4290 casa
1377 4246 1458 4289 del
1492 4244 1770 4290 cardinale
1793 4248 1842 4289 di
1883 4246 2078 4302 Bellay.
2100 4252 2153 4289 et
2187 4246 2350 4289 anche
2385 4246 2456 4289 lui
2486 4248 2666 4292 vorria
2700 4248 2897 4293 havere
2935 4249 3107 4294 alcuni

633 4320 713 4363 de'
733 4319 899 4363 nostri
931 4330 1024 4373 per
1059 4319 1302 4363 Burdeos.
1325 4318 1598 4362 Crediamo
1633 4319 1835 4361 havera.
1868 4320 2102 4362 autorita
2134 4318 2215 4361 col
2236 4318 2479 4363 Vescovo
2512 4319 2563 4363 di
2600 4320 2777 4374 Par-igi
2812 4332 2906 4375 per
2942 4322 3109 4365 havet

638 4397 787 4434 tanta
823 4392 902 4433 col
937 4389 1184 4434 Cardinal
1213 4402 1304 4434 suo
1339 4391 1434 4443 210.
1469 4392 1550 4435 cul
1585 4402 1709 4433 casa
1743 4380 2024 4443 ἔθνει-πω,
2056 4389 2337 4445 Polaticus,
2360 4400 2427 4433 ex
2459 4381 2611 4444 coml,
2645 4392 2791 4435 Patri
2828 4392 3109 4437 Paschaslo

641 4462 796 4506 Broet
813 4495 824 4509 .
846 4464 896 4504 11
919 4460 1040 4513 Julii
1065 4462 1183 4505 155⁴.

719 4534 743 4565 ²
797 4532 1018 4577 Carolus
1039 4534 1326 4577 Borbonlus
1345 4534 1406 4576 de
1430 4533 1709 4583 Vendome.
1734 4546 1765 4577 a
1791 4534 1949 4577 Paulo
1969 4533 2044 4577 111
2066 4540 2278 4578 creatus
2300 4533 2592 4579 Cardianus
2614 4536 2667 4579 27
2686 4536 2787 4588 Jul.
2810 4538 2930 4581 1517.

717 4604 742 4637 ⁸
793 4602 962 4647 Natus
991 4612 1108 4648 erat
1133 4604 1386 4649 Robertus
1419 4605 1624 4660 Brugis.
1646 4606 1883 4649 “Ronnnr
1914 4605 2213 4649 CLAvssoxss
2231 4638 2243 4659 ,
2264 4610 2327 4649 ne
2358 4608 2391 4649 a
2412 4606 2611 4662 Bruges
2640 4620 2705 4652 en
2741 4610 2870 4663 1518,
2893 4612 3059 4655 adnuis
3082 4615 3109 4656 a

639 4675 790 4720 Paris
809 4688 872 4719 en
897 4676 1016 4723 ³519.
1031 4684 1166 4720 mort
1188 4680 1220 4721 a
1237 4677 1436 4731 Bruges
1451 4680 1497 4721 le
1519 4678 1568 4720 17
1584 4676 1875 4722 Novembre
1900 4676 2073 4729 16013i1
2096 4678 2171 4720 fut
2195 4686 2401 4721 recteur
2422 4682 2455 4722 a
2475 4678 2551 4723 St.
2575 4680 2729 4724 omer
2748 4690 2799 4726 et
2822 4685 2855 4726 a
2872 4682 3113 4739 Bruges.„

641 4746 935 4802 Dssu’mcss,
961 4748 1428 4793 L'c‘tablissement
1450 4749 1586 4792 dela
1611 4750 1935 4804 Compagnie
1958 4749 2021 4793 de
2036 4748 2203 4803 ,Iesus
2222 4750 2362 4792 dans
2383 4750 2464 4793 les
2483 4752 2779 4807 Pays-Bas,
2794 4766 2913 4810 pag.
2934 4756 3007 4799 3¹⁸.

863 4838 942 4898 Τ.
987 4857 1071 4895 iv.
2758 4862 2818 4900 21
