3742 5392
777 470 886 529 170
1699 472 1955 533 Canos.
1997 474 2148 535 Soc.
2191 476 2331 547 Jsss.

896 618 1037 681 353.
1122 618 1413 683 Eisdem
1463 620 1711 683 diebus
1766 622 1836 683 Ρ.
1895 621 2166 684 Natalis
2217 639 2308 684 ex
2357 620 2731 702 Hispania,
2789 632 2861 683 ut
2921 621 3244 701 superius

766 724 1084 791 diximus
1118 726 1168 805 ¹,
1222 728 1519 791 veniens
1563 745 1724 792 cum
1770 730 1994 792 tribus
2037 730 2284 800 sociis,
2329 729 2572 791 invisit
2615 728 3017 801 Ducissam,
3063 747 3244 809 quae

778 850 1115 913 magnam
1155 834 1713 899 consolationem
1756 837 2120 917 accepisse
2161 854 2235 898 se
2267 836 2606 915 ostendit,
2641 838 2796 901 viso
2827 838 3077 900 eodem
3117 834 3242 899 Pa-

776 946 883 1003 tre
934 949 1003 1003 et
1052 942 1267 1005 sociis
1312 942 1591 1005 Didaco
1641 943 1727 1005 de
1772 942 2094 1007 Guzman
2145 956 2214 1005 et
2255 941 2424 1006 Dre.
2466 943 2751 1022 Loarte,
2785 954 2852 1007 et
2903 944 3244 1007 viaticum

776 1046 959 1109 mitti
1012 1046 1103 1110 ad
1155 1048 1533 1127 collegium
1588 1048 1795 1129 jussit
1851 1049 2154 1113 Romam
2203 1066 2458 1130 usque;
2514 1050 2640 1113 sed
2696 1050 2815 1129 qui
2870 1050 3242 1113 duodecim

771 1169 1030 1217 aureos
1059 1152 1329 1219 ferebat
1349 1204 1363 1233 ,
1396 1156 1668 1219 invenit
1694 1156 1841 1236 Jam
1875 1156 2274 1236 profectum
2301 1175 2458 1220 esse
2487 1155 2563 1220 Ρ.
2593 1156 2952 1233 Natalem;
2985 1157 3107 1220 sed
3138 1173 3239 1219 re-

772 1261 957 1322 latos
989 1260 1080 1323 ad
1109 1278 1185 1324 se
1217 1280 1475 1325 aureos
1504 1264 1805 1343 collegio
1837 1263 1908 1326 in
1941 1266 2466 1345 eleemosynam
2499 1260 2874 1343 [Ducissa]
2906 1264 3118 1325 misit.

893 1366 1035 1429 354.
1122 1368 1387 1448 Magna
1433 1370 1648 1434 etiam
1691 1370 1946 1434 affecta
1991 1382 2098 1433 est
2141 1371 2410 1434 laetitia
2456 1370 2805 1452 quaedam
2843 1370 3241 1448 intelligens

770 1490 956 1553 quae
1001 1475 1492 1539 scribebantur
1532 1477 1789 1549 Roma,
1838 1488 1914 1539 ut
1958 1478 2044 1539 de
2088 1478 2558 1541 conversione
2599 1477 2948 1540 Ducissae
2991 1476 3240 1539 Ferra-

772 1579 958 1657 riae,
992 1592 1062 1645 et
1091 1582 1178 1645 de
1208 1584 1397 1662 aliiS,
1430 1600 1613 1664 quae
1643 1584 1896 1647 crebro
1929 1584 2020 1647 ad
2043 1594 2450 1647 nostrorum
2479 1596 2548 1647 et
2577 1593 3032 1647 externorum
3079 1600 3242 1645 con-

774 1688 1193 1752 solationem
1238 1690 1419 1754 mitti
1464 1691 1809 1754 solebant.
1862 1688 2092 1755 Scribi
2134 1692 2351 1754 etiam
2391 1690 2692 1753 Romam
2737 1707 2865 1770 per
2908 1689 2996 1752 D.
3035 1688 3237 1753 Astu·

774 1794 1021 1858 dilium
1050 1802 1073 1834 ⁸
1102 1794 1179 1859 P.
1206 1796 1484 1877 ignatio
1514 1796 1820 1861 Ducissa
1850 1798 2110 1875 voluit,
2137 1809 2211 1860 ut
2242 1798 2313 1861 in
2345 1797 2735 1860 subsidium
2765 1797 3044 1861 animae
3074 1796 3240 1859 Pro-

770 1901 970 1981 regis
1010 1902 1493 1983 Neapolitani,
1526 1905 1751 1985 patris
1794 1906 1905 1968 sui
1939 1902 1982 1979 ⁵,
2017 1915 2086 1967 et
2123 1904 2422 1967 dilectae
2465 1904 2600 1967 sibi
2642 1904 2730 1967 D.
2766 1904 3106 1967 Isabellae
3153 1904 3238 1967 de

776 2006 1112 2088 Reynoso
1142 2007 1198 2088 ⁴,
1247 2011 1520 2090 aliquot
1560 2012 1822 2074 Missae
1865 2010 2218 2073 sacrificia
2263 2012 2332 2074 in
2375 2010 2845 2090 privilegiatis
2898 2011 3238 2074 altaribus

770 2114 1200 2180 dicerentur.
1232 2118 1532 2198 Aliquas
1558 2119 1773 2183 etiam
1805 2119 1962 2197 pias
1991 2119 2512 2197 meditationeS‚
2541 2126 2969 2197 suggerente
3001 2116 3077 2179 Ρ.
3107 2117 3240 2179 Lu·

771 2221 1053 2301 dovico,
1088 2224 1501 2289 tractandas
1530 2226 1874 2305 suscepit;
1909 2235 1976 2289 et
2009 2244 2084 2287 se
2117 2226 2204 2288 ab
2235 2223 2490 2289 affectu
2524 2242 2758 2287 rerum
2799 2221 3004 2303 hujus
3043 2241 3234 2287 mun-

772 2326 845 2391 di
890 2330 1123 2409 magis
1164 2331 1469 2395 alienam
1517 2350 1673 2395 esse
1711 2333 2064 2396 fatebatur
2103 2349 2318 2411 quam
2358 2332 2556 2411 prius
2595 2332 2873 2407 fuisset,
2906 2332 3238 2412 quamvis

772 2434 963 2499 hunc
992 2436 1389 2517 profectum
1426 2437 1769 2518 majorem
1796 2438 1871 2502 P.
1906 2438 2194 2519 Laynez
2239 2440 2551 2519 optabat.

892 2540 1035 2605 355.
1122 2544 1345 2609 Auxit
1385 2546 1865 2610 confitentium
1908 2563 2276 2609 numerum
2313 2556 2738 2610 terremotus
2777 2546 3064 2625 quidam
3107 2546 3236 2608 sub

770 2647 985 2713 finem
1024 2650 1449 2715 Novembris
1490 2651 1930 2717 Florentiam
1967 2652 2411 2725 concutienS,
2445 2661 2514 2715 et
2553 2662 2902 2715 terrorem
2943 2652 3236 2715 homini-

773 2755 904 2819 bus
925 2773 1070 2821 non
1094 2759 1430 2838 exiguum
1454 2758 1814 2837 adferenS,
1843 2776 2004 2821 cum
2032 2760 2306 2838 aliquae
2336 2768 2577 2839 partes
2599 2762 2979 2822 multarum
3001 2759 3238 2821 domo-

779 2879 938 2926 rum
966 2866 1443 2929 conciderent.

892 2970 1034 3035 356.
1124 2971 1655 3037 Constituerunt
1705 2985 1945 3038 autem
1995 2973 2164 3037 Dux
2211 2984 2280 3037 et
2321 2974 2624 3037 Ducissa
2663 2984 2738 3037 ut
2787 2974 2860 3035 in
2909 2974 3236 3053 proxima

767 3078 1325 3158 quadragesima
1356 3078 1429 3143 P.
1464 3080 1774 3163 Jacobus
1804 3082 2096 3160 Laynez
2125 3082 2198 3143 in
2228 3083 2491 3160 templo
2522 3078 2648 3143 Sti.
2681 3080 3047 3143 Laurentii
3077 3097 3236 3143 con-

762 3186 1208 3264 cionaretur,
1235 3204 1404 3249 nam
1436 3187 1833 3267 Collegiata
1862 3206 1948 3251 ea
1979 3189 2282 3251 ecclesia
2315 3205 2357 3250 a
2386 3185 2645 3250 Cosmo
2668 3185 2754 3248 de
2780 3173 3096 3265 MediciS,
3124 3187 3241 3265 qui

774 3288 983 3370 hujus
1014 3292 1323 3357 familiae
1354 3303 1569 3374 caput
1598 3296 1877 3375 insigne
1905 3295 2036 3358 fuit
2067 3294 2114 3373 ⁸,
2149 3294 2521 3358 aedificata
2552 3311 2635 3357 ac
2661 3292 2903 3357 dotata
2934 3293 3163 3356 fuerat
3193 3290 3239 3353 ¹³.

895 3400 1035 3462 357.
1124 3398 1267 3463 Sub
1296 3399 1505 3465 finem
1536 3400 1747 3481 hujus
1776 3403 1944 3466 anni
1978 3400 2263 3481 juvenis
2302 3400 2617 3481 quidam,
2650 3400 3015 3480 Philippus
3053 3400 3235 3463 Gua-

776 3508 1028 3569 zalotri
1085 3517 1417 3587 vocatus,
1472 3509 1830 3605 exercitiis
1887 3510 2374 3589 spiritualibus
2445 3508 2759 3588 adjutus,
2813 3506 3240 3571 Societatem

772 3612 1177 3678 Florentiae
1221 3615 1590 3694 ingressus
1629 3626 1769 3695 est,
1803 3618 1922 3697 qui
1951 3617 2552 3698 Archipresbyter
2599 3624 2752 3679 erat
2795 3615 3034 3695 oppidi
3077 3614 3239 3677 Pra-

777 3859 887 3902 tnni
910 3856 1074 3912 Regni
1092 3859 1471 3913 possessionem
1492 3860 1604 3913 ejus
1626 3858 1826 3902 nomine
1852 3864 2082 3911 caperet.
2103 3858 2350 3901 Canama
2373 3868 2438 3901 m:
2459 3856 2719 3907 connum,
2743 3856 2989 3899 Historia
3011 3856 3076 3899 de
3099 3855 3242 3899 Feli·

776 3935 849 3985 pe
872 3928 945 3982 11,
966 3936 1004 3973 t.
1022 3940 1058 3983 1,
1082 3930 1171 3974 lib.
1192 3940 1225 3981 1,
1247 3940 1361 3985 cap.
1382 3942 1435 3973 v.

857 4003 869 4031 ¹
931 3999 1066 4045 Vide
1086 4012 1260 4056 supra.
1282 4012 1403 4055 pag.
1421 4003 1489 4046 41.
1508 4012 1555 4044 n.
1578 4002 1649 4043 61.

859 4074 882 4104 ²
935 4071 1071 4116 Vide
1092 4073 1283 4117 Canas
1302 4074 1371 4117 de
1391 4073 1502 4117 San
1524 4072 1763 4126 Ignacio,
1784 4080 1821 4116 t.
1844 4084 1917 4127 vt,
1939 4084 2059 4129 pag.
2081 4074 2176 4117 267.

856 4144 879 4171 ³
937 4143 1081 4189 Petri
1101 4145 1164 4189 de
1186 4144 1393 4189 Toiedo.
1412 4144 1544 4189 Vide
1568 4155 1743 4198 supra.
1766 4154 1805 4189 t.
1826 4156 1906 4197 ιη,
1928 4157 2048 4201 pag.
2067 4146 2138 4199 57,
2159 4158 2208 4189 n.
2229 4146 2300 4189 98.

860 4218 883 4248 ⁴
936 4215 1069 4259 Vide
1092 4227 1266 4270 supra.
1290 4227 1409 4270 pag.
1432 4216 1525 4269 166,
1548 4228 1597 4259 n.
1616 4217 1713 4259 341.

854 4287 878 4320 ὅ
930 4288 1143 4332 “cosmo
1169 4288 1230 4331 de
1270 4286 1478 4341 Medici,
1516 4296 1639 4333 nato
1674 4291 1757 4333 nel
1794 4290 1915 4343 1389,
1955 4290 2000 4333 si
2043 4290 2098 4333 fa
2137 4291 2188 4334 in
2223 4290 2456 4333 richezze
2495 4290 2670 4344 viepiu
2701 4295 2912 4344 potente
2950 4300 3042 4342 per
3075 4298 3244 4331 mezzo

776 4359 853 4403 de’
873 4358 1201 4412 Commerui,
1222 4360 1371 4404 viene
1404 4364 1665 4405 scaceiato
1694 4364 1775 4405 nel
1812 4362 1944 4415 1⁴33,
1966 4362 2229 4407 restituito
2265 4364 2350 4407 nei
2373 4362 2504 4416 1434,
2527 4374 2553 4404 e
2587 4364 2617 4412 †
2652 4363 2734 4405 nel
2773 4362 2890 4405 1465.
2921 4360 3028 4405 Sua
3059 4360 3244 4409 mogiie

768 4430 1054 4477 Contesina
1069 4432 1131 4475 de
1144 4432 1347 4485 Bardi„
1363 4431 1633 4484 Cmusonu.
1652 4433 1977 4487 Genealogia
1999 4434 2142 4478 delle
2161 4445 2285 4479 case
2296 4434 2397 4489 pia
2413 4434 2642 4485 illustri,
2653 4440 2762 4477 tav.
2779 4443 2996 4485 ecnxxx,
3013 4444 3132 4486 pag.
3147 4432 3242 4474 50⁴.

852 4502 877 4535 ὅ
930 4502 1110 4549 Sancti
1142 4503 1413 4550 Laurentii
1444 4508 1693 4559 templum
1712 4504 2013 4551 Florentiae
2048 4513 2368 4551 exstructum
2387 4505 2579 4550 dicitur
2598 4508 2808 4549 saeculo
2829 4516 2882 4549 tv
2902 4512 2954 4549 et
2975 4515 3243 4549 eonsecra-

772 4582 885 4620 tum
916 4587 949 4620 a
980 4576 1172 4622 Sancto
1204 4578 1506 4626 Ambrosio.
1536 4578 1905 4623 Mediolanensi
1941 4578 2214 4634 Episcopo.
2245 4578 2346 4623 Sed
2379 4588 2496 4623 cum
2526 4577 2804 4631 pristinum
2837 4577 2964 4621 iilud
2999 4576 3244 4629 temporis

772 4648 963 4703 injuria
996 4649 1047 4693 in
1077 4650 1283 4694 ruinam
1311 4651 1505 4703 abiret,
1530 4652 1668 4695 aliud
1690 4651 1801 4706 ejus
1834 4654 1950 4695 loco
1981 4652 2310 4697 aedificatum
2341 4656 2421 4693 est
2441 4662 2472 4693 a
2495 4650 2700 4694 Cosimo
2729 4648 2958 4699 Medicis,
2979 4650 3122 4691 circa
3158 4657 3248 4688 an-

774 4731 895 4765 num
914 4721 1033 4775 1425,
1052 4732 1237 4776 operas
1258 4723 1515 4777 dirigente
1538 4723 1776 4777 Philippo
1796 4722 2172 4769 Bruneiieschi.
