3742 5392
1708 500 1837 558 ΑΝ.
1887 498 2024 556 1554
2995 498 3096 558 133

619 654 695 707 ut
723 646 1055 725 raguseis
1088 647 1349 709 referat
1378 662 1467 707 ne
1498 646 1827 708 timerent
1856 662 2060 707 suam
2091 645 2394 708 classem
2413 693 2428 723 ,
2461 643 2585 707 sed
2615 645 2805 725 quod
2843 644 3096 707 certio-

609 769 733 816 res
762 770 887 815 eos
915 752 1257 816 reddebat
1286 752 1585 831 triginta
1614 751 1763 815 fere
1794 752 2100 815 biremes
2129 752 2412 829 (fustus
2437 755 2729 827 vocant)
2765 768 3094 831 quorum-

618 858 779 924 dam
844 875 1362 922 saracenorum
1418 860 1811 939 piratarum
1868 876 2030 922 cum
2069 859 2342 921 duabus
2391 858 2550 922 aliis
2587 859 2893 922 navibus
2951 876 3094 923 ma-

615 967 777 1047 gnis
806 966 977 1029 illud
1009 984 1205 1029 mare
1234 967 1617 1045 navigare,
1652 976 1719 1029 et
1752 966 1840 1028 ab
1897 966 2032 1028 illis
2076 966 2474 1029 cavendum
2515 983 2701 1045 esse,
2747 965 2911 1045 quia
2945 983 3084 1029 non

618 1074 849 1153 ipsum
884 1070 903 1103 ¹
935 1073 1480 1137 comitabantur.
1515 1071 2081 1153 Suspicabantur
2103 1081 2341 1135 tamen
2364 1072 2582 1152 aliqui
2610 1072 2880 1153 piratas
2926 1073 3086 1137 illos

614 1197 757 1243 non
788 1179 941 1243 sine
995 1197 1348 1243 consensu
1397 1180 1703 1260 Draguti
1736 1178 2115 1259 piraticam
2154 1196 2512 1242 exercere.
2546 1178 2889 1258 Quamvis
2917 1196 3092 1257 ergo

617 1288 957 1367 religiosi,
985 1296 1055 1351 et
1080 1288 1200 1369 qui
1223 1288 1507 1367 hispani
1528 1304 1669 1349 non
1701 1296 1939 1367 erant,
1974 1304 2178 1349 suum
2203 1287 2336 1350 iter
2360 1295 2688 1367 coeptum
2713 1303 3091 1368 proseque-

615 1404 893 1474 rentur,
925 1396 1383 1458 temerarium
1413 1394 1565 1459 fore
1597 1395 1669 1457 P.
1704 1393 1948 1458 Simon
1973 1394 2454 1457 arbitrabatur
2475 1404 2544 1457 et
2569 1394 3090 1475 quodammodo

616 1508 893 1565 tentare
922 1500 1188 1582 Deum,
1224 1503 1285 1565 si
1315 1501 1451 1565 hoc
1479 1502 1614 1566 iter
1645 1511 1792 1564 tam
1820 1500 2294 1581 periculosum
2337 1509 2525 1564 esset
2566 1516 2986 1580 aggressus;
3019 1513 3088 1564 et

620 1625 888 1672 memor
917 1608 1107 1689 quod
1138 1625 1324 1672 anno
1359 1608 1543 1688 1537,
1578 1609 1665 1671 de
1695 1626 1834 1688 quo
1878 1624 2094 1688 supra
2137 1606 2181 1685 ²,
2216 1617 2287 1671 et
2315 1608 2452 1671 hoc
2493 1608 3085 1689 quinquagesimo

606 1723 901 1794 ·quart0,
944 1713 1095 1794 ejus
1135 1715 1504 1793 navigatio
1555 1714 2129 1795 Hierosolymam
2173 1714 2519 1778 similibus
2569 1715 3085 1796 impedimentis

613 1822 972 1901 vprohibita
1024 1821 1059 1883 f
1058 1823 1311 1901 uisset,
1365 1822 1647 1885 dicebat
1690 1822 1880 1902 quod
1929 1822 2300 1901 indignum
2355 1839 2434 1885 se
2485 1823 2963 1886 arbitrabatur
3007 1834 3085 1886 ut

618 1930 826 1993 tertio
855 1939 1193 2008 tentaret,
1228 1930 1363 1993 nisi
1394 1930 1794 1993 obedientia
1832 1940 2082 1993 sancta
2121 1930 2257 2010 ipsi
2296 1927 2728 2009 injungeret3
2771 1941 2841 1993 et
2869 1930 3083 1993 etiam

609 2036 813 2100 brevi
843 2044 1183 2117 tempore,
1208 2054 1348 2118 quo
1382 2038 1451 2099 in
1483 2037 1662 2100 mari
1690 2036 1841 2113 fuit,
1874 2054 2016 2099 non
2036 2037 2212 2099 bene
2237 2037 2502 2115 habuit3
2530 2054 2712 2118 quae
2734 2054 2872 2116 reS,
2899 2037 3082 2101 inter

614 2142 777 2217 alia,
800 2161 887 2205 ne
910 2154 1195 2223 urgeret
1214 2143 1398 2206 hanc
1429 2143 2076 2223 peregrinationem
2103 2142 2302 2222 fecit;
2332 2151 2401 2207 et
2431 2160 2590 2206 cum
2616 2144 2910 2223 triginta
2931 2142 3081 2209 fere

614 2260 1031 2313 venetorum
1070 2251 1414 2328 triremeS,
1461 2267 1644 2330 quae
1685 2250 1756 2312 in
1805 2250 1984 2313 locis
2033 2249 2170 2312 illis
2213 2251 2684 2329 navigabant,
2739 2250 3080 2314 Venetias

616 2358 1013 2434 venissent,
1049 2358 1379 2421 timorem
1410 2357 1483 2419 P.
1518 2356 1826 2420 Simonis
1856 2356 2089 2437 magis
2119 2356 2650 2421 confirmabant.

730 2462 873 2527 267.
960 2464 1256 2527 Audivit
1302 2466 1514 2545 paulo
1552 2473 1716 2544 post
1744 2464 1933 2545 quod
1960 2464 2122 2526 illae
2151 2464 2444 2544 triginta
2483 2464 2787 2527 biremes
2819 2464 3077 2546 pirata·

612 2588 769 2633 rum
800 2572 1004 2651 plura
1035 2588 1247 2652 quam
1276 2571 1534 2650 viginti
1562 2571 1856 2650 navigia
1879 2570 2156 2633 minora
2179 2570 2682 2649 (marcilianas
2725 2570 2746 2601 ³
2790 2572 3077 2649 vocant)

604 2676 996 2757 cepissent,
1029 2687 1098 2741 et
1128 2687 1272 2741 tres
1296 2679 1409 2740 vel
1435 2686 1737 2758 quatuor
1760 2694 2017 2756 naveS,
2043 2676 2226 2740 inter
2257 2695 2437 2758 quas
2462 2695 2600 2741 una
2625 2688 2810 2757 erat,
2831 2678 2904 2741 in
2935 2696 3076 2759 qua

606 2784 899 2864 quidam
926 2784 1287 2865 peregrini
1316 2786 1759 2848 vehebantur
1778 2833 1793 2864 ‚
1828 2793 1898 2847 et
1926 2801 2140 2865 quam
2167 2784 2448 2864 ingredi
2471 2784 2544 2847 P.
2573 2783 2815 2848 Simon
2840 2786 3075 2849 volue-

612 2899 745 2953 rat.
779 2890 1085 2969 Quidam
1116 2892 1331 2955 etiam
1370 2892 1744 2971 hispanus,
1788 2891 1910 2972 qui
1954 2890 2160 2954 fidem
2206 2892 2390 2954 inter
2420 2890 2734 2955 infideles
2773 2892 3077 2972 abnega-

588 2990 849 3075 ‘verat,
882 3008 951 3061 et
980 3010 1281 3079 quatuor
1325 3016 1552 3063 annos
1603 2997 1930 3079 Draguto
1981 2997 2437 3078 inservierat,
2492 2998 2724 3061 adhuc
2769 2998 3073 3078 J'uveniS,

605 3122 773 3167 cum
802 3106 1168 3185 hispanice
1198 3108 1600 3186 loquentem
1624 3106 1939 3169 audisset
1967 3106 2045 3167 P.
2072 3104 2428 3169 Simonem
2459 3123 2620 3169 cum
2644 3106 2873 3185 soci0,
2902 3106 3081 3168 dixit

610 3213 765 3275 sine
795 3212 1009 3275 dubio
1040 3230 1204 3276 eum
1234 3212 1304 3275 in
1332 3213 1747 3277 servitutem
1778 3230 1936 3275 esse
1965 3212 2465 3291 redigendum3
2497 3230 2664 3276 nam
2705 3214 2892 3277 hunc
2923 3230 3081 3277 esse

612 3334 882 3381 morem
910 3318 1218 3398 Draguti
1247 3329 1323 3382 ut
1350 3330 1793 3383 scrutaretur
1822 3336 2048 3383 naves
2089 3328 2538 3397 venetorum,
2572 3329 2641 3383 et
2671 3321 2733 3383 si
2773 3338 2950 3401 quos
2982 3317 3081 3383 in-

612 3426 925 3490 venisset
956 3426 1257 3507 aliquus
1286 3426 1627 3505 nationiS,
1660 3444 1845 3507 quae
1874 3425 2123 3490 foedus
2153 3442 2315 3489 cum
2347 3426 2564 3490 turcis
2600 3445 2742 3491 non
2763 3427 3076 3505 haberet,

604 3548 735 3595 eos
766 3532 837 3595 in
864 3534 1287 3597 servitutem
1314 3534 1640 3613 redigere
1670 3536 1922 3597 solere.
1953 3533 2250 3616 Juvenis
2272 3533 2388 3596 hic
2413 3534 2506 3597 ad
2527 3534 2736 3597 fidem
2757 3535 3079 3598 christia-

611 3655 780 3702 nam
808 3639 1042 3704 redire
1077 3641 1398 3720 volebat,
1433 3658 1647 3722 quam
1678 3657 1856 3721 puer
1885 3641 2291 3721 reliquerat.

730 3746 871 3811 268.
958 3745 1034 3810 P.
1070 3748 1352 3829 quidem
1382 3747 1703 3828 Ignatius
1733 3749 2201 3812 admonuerat
2230 3746 2306 3811 P.
2340 3748 2698 3813 Simonem
2729 3748 2806 3813 ut
2855 3750 3081 3813 Vene-

610 3852 765 3931 tiiS,
801 3862 923 3917 aut
952 3872 1097 3917 non
1128 3856 1375 3935 procul
1405 3855 1494 3918 ab
1533 3872 1617 3917 ea
1658 3855 1982 3932 civitate,
2026 3864 2304 3935 tempus
2355 3856 2642 3936 aliquod
2676 3856 3082 3920 extraheret

612 3969 720 4038 ut,
752 3960 1127 4025 recedente
1166 3968 1396 4026 classe
1440 3972 1804 4026 turcarum
1835 3962 1908 4041 (a
1953 3979 2096 4042 qua
2141 3963 2318 4026 alias
2366 3972 2579 4043 atque
2629 3964 2809 4026 alias
2855 3981 3083 4029 naves

610 4078 1032 4131 venetorum
1062 4070 1222 4150 capi
1251 4070 1321 4132 in
1346 4069 1496 4133 dies
1526 4069 1945 4148 ferebatur),
1978 4069 2113 4131 iter
2143 4070 2474 4150 prosequi
2517 4080 2788 4151 posset,
2823 4071 2910 4133 de
2940 4088 3079 4151 quo

611 4171 793 4254 Regi
842 4174 1326 4255 portugalliae
1368 4174 1517 4256 jam
1555 4176 1947 4256 scripserat
1982 4174 2030 4254 ⁴;
2075 4177 2202 4239 sed
2241 4174 2318 4239 Ρ.
2372 4174 2614 4240 Simon
2665 4176 3078 4241 facultatem

610 4280 913 4345 Romam
943 4280 1285 4346 redeundi
1317 4282 1734 4362 postulavit,
1771 4282 1964 4364 quod
2003 4282 2166 4345 illae
2188 4283 2600 4362 provinciae
2623 4281 2774 4363 ejus
2812 4284 3079 4347 valetu-

620 4443 702 4449 —--
748 4446 755 4449 .
796 4444 871 4450 ---
888 4442 1045 4451 ....—--——

694 4524 708 4555 ¹
768 4524 888 4578 quia
909 4522 1082 4567 nonin
1104 4523 1355 4568 comitatu
1378 4522 1583 4578 brug-ut
1602 4535 1693 4567 seu
1714 4525 1808 4567 sub
1830 4523 1984 4577 hujus
2005 4522 2162 4568 ductu
2183 4532 2234 4567 et
2257 4524 2550 4569 obedientia
2572 4528 2913 4581 navigabant.

688 4596 712 4626 ¹³
766 4594 914 4639 Num.
932 4595 1037 4646 261.
1060 4606 1177 4649 pag.
1201 4595 1296 4645 130.
1318 4601 1369 4639 et
1393 4602 1430 4638 t.
1450 4606 1485 4645 1.
1506 4606 1626 4649 pag.
1646 4596 1715 4638 59.

690 4665 713 4693 ³
767 4664 867 4717 Sic:
889 4666 1083 4710 rectius
1104 4674 1279 4711 tamen
1298 4667 1495 4710 scribes
1518 4659 1888 4710 nrarsilianas.

690 4719 715 4749 ⁴
768 4735 901 4781 Vide
925 4738 1114 4781 cartas
1134 4739 1199 4781 de
1221 4739 1331 4781 San
1354 4738 1589 4792 Ignacio,
1610 4746 1646 4782 t.
1668 4750 1740 4790 w,
1762 4750 1867 4793 pag·
1899 4740 1993 4783 251.
