3742 5392
733 468 857 534 162Ξ
1649 476 1901 535 Cuaox.
1947 474 2098 532 Soc.
2141 475 2282 547 jes.

728 623 1092 687 Cardinali
1114 622 1360 687 Sancti
1386 623 1667 705 jacobi,
1702 634 1958 703 patruo
1989 640 2121 686 suo
2155 622 2198 701 ¹,
2232 633 2302 686 et
2331 640 2460 687 suo
2491 625 2725 702 legato
2749 672 2764 702 ,
2807 625 2924 704 qui
2965 626 3039 687 in
3063 624 3202 688 Ro·

730 732 943 794 man'a
973 729 1188 794 Curia
1217 729 1509 794 Summo
1536 728 1858 793 Pontifici
1883 730 2136 793 aderat
2158 735 2202 809 ²,
2224 740 2294 793 et
2317 730 2419 793 sic
2443 730 2610 794 unio
2636 732 3015 810 impetrata
3039 732 3193 796 fuit.

729 838 957 902 Valor
978 838 1188 918 huJus
1215 836 1537 901 beneficii
1562 839 1773 917 paulo
1802 839 2110 918 amplius
2151 855 2366 920 quam
2406 839 2926 919 quinquaginta
2966 850 3201 903 scuto-

729 963 887 1009 rum
925 954 1113 1024 erat3
1154 954 1223 1008 et
1271 961 1432 1008 cum
1483 944 1741 1007 locatio
1792 945 2077 1024 domuS‚
2123 960 2306 1024 quae
2354 955 2632 1025 partem
2677 943 2888 1024 hujus
2928 945 3200 1011 reditus

731 1052 1149 1116 conficiebat
1168 1099 1182 1127 ,
1217 1062 1563 1130 cessaret,
1616 1070 1699 1114 eo
1750 1051 1937 1132 quod
1989 1052 2216 1115 nostri
2259 1052 2548 1115 domum
2596 1054 3036 1131 habitarent,
3077 1054 3196 1117 tri-

728 1162 927 1241 ginta
958 1170 1234 1223 tantum
1281 1176 1541 1223 aureos
1580 1160 1795 1222 annui
1848 1159 2116 1223 reditus
2163 1160 2475 1233 reliquos
2516 1159 2782 1222 habuit.
2827 1159 3200 1239 Quaedam

728 1268 980 1331 domus
1002 1268 1340 1344 contigua
1366 1267 1830 1330 conducenda
1852 1268 2068 1329 etiam
2091 1276 2280 1343 erat,
2307 1267 2494 1346 quod
2517 1268 2729 1330 nimis
2752 1277 2950 1331 arcte
2967 1266 3197 1331 nostri

730 1374 1159 1454 habitarent,
1194 1376 1310 1437 vel
1339 1374 1667 1448 emenda;
1703 1374 1829 1436 sed
1856 1374 1992 1436 hoc
2027 1391 2214 1436 anno
2248 1391 2332 1436 ea
2361 1374 2714 1437 conducta
2745 1373 2855 1438 usi
2885 1373 3200 1438 fuerunt..

728 1482 1171 1545 Concinnata
1200 1481 1415 1543 etiam
1441 1480 1573 1544 fuit
1603 1498 1693 1543 ex
1723 1490 1925 1560 parte
1953 1480 2206 1543 domus
2226 1480 2380 1560 ipsa
2415 1487 2486 1543 et
2510 1480 2836 1543 cubicula
2874 1490 2946 1544 et
2987 1480 3194 1546 offici·

726 1606 884 1667 nae,
912 1597 981 1651 et
1005 1588 1287 1651 demum
1300 1586 1650 1667 quaedam
1672 1586 1880 1649 valde
1903 1587 2313 1649 necessaria
2341 1585 2704 1650 aedificari
2727 1596 2978 1668 coepta
3003 1599 3200 1668 sunt,

726 1707 796 1759 et
815 1694 1153 1774 Ducissa,
1186 1704 1687 1777 praeterquam
1727 1694 1800 1757 in
1841 1711 2127 1758 recessu
2169 1693 2244 1757 P.
2289 1692 2579 1775 Laynez
2620 1700 2907 1757 centum
2937 1712 3194 1759 aureos

726 1803 814 1865 ad
844 1802 982 1865 hoc
1013 1819 1189 1882 opus
1218 1801 1389 1864 dare
1414 1799 1652 1880 iussit,
1686 1818 1816 1864 suo
1846 1801 2061 1864 etiam
2093 1818 2481 1864 oeconomo
2511 1797 2814 1880 injunxit
2847 1809 2925 1863 ut
2946 1818 3196 1882 perge-

723 1920 831 1974 ret
860 1910 1274 1974 necessaria
1305 1909 1788 1989 suppeditare,
1832 1909 2059 1971 donec
2105 1926 2188 1969 ea
2231 1906 2576 1971 habitatio
2611 1918 2986 1991 utcumque
3025 1912 3190 1973 tole·

728 2017 973 2081 rabilis
1005 2015 1420 2079 redderetur
1448 2014 1493 2074 ³.

840 2124 982 2188 331.
1072 2123 1277 2204 Quod
1324 2123 1413 2186 ad
1461 2124 1773 2206 reliquas
1824 2140 2174 2203 expensas
2226 2124 2508 2203 attinet,
2563 2126 2738 2187 satis
2788 2125 3192 2189 occasionis

721 2232 1163 2295 exercendae
1181 2230 1563 2310 patientiae
1592 2230 2113 2309 suggerebatur
2135 2247 2148 2308 ;
2182 2246 2346 2293 cum
2372 2238 2612 2293 tamen
2635 2232 3068 2295 intellectum
3084 2241 3193 2296 est

720 2340 969 2403 Genua
1001 2338 1286 2402 Patrem
1314 2340 1605 2419 Laynez
1634 2336 2035 2419 profectum
2065 2352 2221 2399 esse
2253 2354 2505 2400 versus
2533 2336 2993 2417 Florentiam,
3021 2350 3192 2404 tunc

716 2444 1025 2511 Ducissa
1053 2447 1427 2511 interiores
1459 2455 1529 2508 et
1558 2446 1957 2509 exteriores
1999 2454 2238 2507 vestes
2287 2446 2553 2508 nostris
2602 2445 2859 2509 confici
2901 2444 3111 2526 jussit
3137 2445 3184 2525 ⁴,

718 2556 831 2616 vel
860 2563 936 2616 ut
967 2554 1039 2616 in
1068 2552 1218 2633 ejus
1249 2552 1271 2585 ³
1300 2554 1611 2631 gratiam
1638 2552 1873 2615 factae
1905 2551 2352 2630 viderentur,
2391 2554 2502 2615 vel
2541 2561 2618 2615 ut
2664 2554 2853 2633 quod
2893 2553 3188 2633 promis-

716 2677 873 2723 sum
903 2669 1055 2722 erat
1086 2676 1171 2722 eo
1200 2659 1585 2735 referente,
1630 2659 1994 2738 impletum
2031 2658 2411 2723 inveniret.
2457 2659 2656 2739 Quae
2693 2669 2930 2723 autem
2960 2660 3051 2723 ad
3081 2660 3188 2723 vi-

714 2777 906 2831 ctum
936 2766 1373 2846 suppeditari
1401 2766 1751 2833 solebant.
1786 2764 2070 2828 ducenti
2099 2765 2370 2829 scilicet
2399 2766 2631 2845 aurei,
2667 2768 2817 2831 suis
2848 2768 3182 2847 tempori-

712 2878 843 2937 bus
870 2892 1015 2937 non
1044 2874 1661 2955 persolvebantur;
1700 2881 1769 2935 et
1805 2871 1883 2934 P.
1927 2873 2217 2953 Laynez
2255 2891 2652 2953 propensus
2678 2884 2832 2937 erat
2871 2874 2964 2937 ad
2999 2892 3186 2937 men-

713 2980 1114 3045 dicandum.
1150 2979 1290 3045 Sed
1318 2981 1552 3044 visum
1580 2989 1689 3041 est
1717 2978 1790 3041 P.
1846 2978 2127 3059 Ignatio
2167 2997 2254 3042 ne
2295 2979 2367 3042 id
2409 2981 2606 3060 prius
2653 2982 2924 3043 faceret
2971 2998 3184 3060 quam

714 3086 989 3151 Ducem
1020 3088 1454 3151 admoneret.
1508 3085 1801 3167 Recepit
1850 3086 2066 3149 etiam
2119 3084 2426 3150 Ducissa
2476 3087 2924 3167 provinciam
2969 3087 3184 3168 impe-

718 3193 955 3257 trandi
984 3210 1026 3256 a
1053 3191 1255 3257 Duce
1284 3205 1359 3257 ut
1390 3193 1637 3256 stabile
1668 3193 1836 3275 quid
1866 3192 2299 3274 assignaret,
2327 3204 2404 3257 ut
2423 3194 2496 3256 hi
2519 3194 2804 3257 ducenti
2827 3193 3026 3257 aurei
3053 3211 3187 3257 suo

716 3312 1033 3381 tempore
1062 3300 1216 3363 sine
1242 3300 1483 3363 labore
1513 3300 1925 3380 recuperari
1955 3310 2272 3380 possent,
2301 3310 2369 3363 et
2398 3300 2500 3379 id,
2534 3318 2697 3364 cum
2725 3300 2968 3365 functa
2999 3311 3186 3363 esset

716 3408 943 3471 officio
972 3407 1310 3485 Ducissa,
1345 3406 1671 3487 promisit
1702 3406 1873 3470 Dux
1904 3425 1980 3470 se
2009 3405 2387 3470 facturum.

832 3514 973 3577 332.
1060 3514 1483 3594 Alloquutus
1510 3524 1621 3577 est
1649 3514 1865 3578 etiam
1890 3513 1967 3576 P.
1995 3512 2284 3594 Laynez
2308 3513 2694 3578 Dominum
2717 3513 3180 3578 Franciscum

714 3621 799 3683 de
829 3620 1093 3685 Toledo
1122 3618 1169 3697 ⁸,
1202 3632 1271 3684 et
1300 3621 1575 3684 litteras
1603 3620 1679 3683 P.
1723 3619 2021 3684 Antonii
2061 3620 2148 3683 de
2195 3618 2531 3684 Corduba
2565 3620 2586 3651 ⁷
2615 3621 2680 3684 ei
2721 3622 3004 3699 obtulit,
3037 3622 3182 3704 qui-

715 3729 844 3791 bus
870 3728 1287 3791 beneficium
1317 3728 1674 3809 quoddam
1726 3728 1813 3789 ab
1869 3745 1954 3790 eo
2003 3729 2433 3790 commutari
2462 3744 2622 3790 cum
2653 3745 2739 3791 eo
2767 3730 3074 3808 petebat,
3109 3738 3184 3791 ut

714 3835 1029 3915 Collegio
1060 3835 1498 3900 Cordubensi
1528 3844 1769 3915 posset
1800 3833 2178 3914 applicari;
2207 3834 2321 3896 ille
2338 3844 2577 3898 autem
2601 3853 2743 3898 non
2767 3836 2995 3899 solum
3019 3853 3181 3899 con-

770 4066 773 4071 ’
793 4078 811 4110 ¹
870 4078 917 4122 Is
954 4086 1071 4123 erat
1106 4078 1197 4122 Fr.
1228 4078 1451 4131 Joannee
1488 4078 1715 4122 Alvarez
1752 4077 1814 4119 de
1848 4076 2057 4128 Toledo,
2097 4075 2154 4119 0.
2196 4074 2270 4123 P..
2301 4076 2413 4119 ideo
2454 4074 2748 4121 Cardinalis
2786 4076 2964 4121 Sancti
3001 4076 3182 4129 Jacobi

713 4150 906 4201 dictus,
926 4151 1045 4204 quia
1067 4150 1117 4195 S.
1140 4150 1322 4203 Jacobl
1342 4150 1397 4193 in
1417 4149 1767 4203 compostella
1786 4148 2228 4202 Archieplscopus
2249 4154 2384 4191 erat.

794 4222 815 4253 ἲ
867 4223 1175 4268 Averardns
1197 4220 1488 4267 Serristori.
1508 4220 1741 4263 Annum
1758 4251 1771 4273 ,
1792 4218 1974 4263 Seort'a
1994 4219 2077 4262 de'
2100 4220 2220 4262 suoi
2236 4220 2435 4273 tempi,
2451 4220 2538 4264 lib.
2559 4232 2592 4263 x
2608 4252 2620 4271 ,
2641 4230 2761 4274 pag.
2775 4218 2873 4271 ⁴07,
2896 4222 2962 4264 A.

792 4294 813 4325 ³
868 4294 943 4337 De
978 4296 1058 4348 lia,
1088 4296 1226 4339 inter
1244 4295 1405 4348 alias,
1426 4292 1683 4335 videndae
1716 4290 1928 4334 litterae
1957 4302 1990 4333 a
2012 4289 2253 4345 Polanco,
2277 4301 2342 4333 ex
2372 4301 2524 4341 com„
2542 4290 2686 4334 Patri
2719 4291 2932 4345 Laynez
2953 4294 3107 4337 datae
3127 4294 3181 4337 24

714 4364 1021 4411 Novembris
1042 4367 1167 4411 1554.

794 4440 815 4469 ⁴
868 4438 1000 4482 Vide
1020 4450 1197 4493 supra,
1220 4445 1257 4482 t.
1280 4449 1365 4492 ιιι,
1388 4448 1508 4491 pag.
1527 4436 1597 4489 71,
1620 4436 1714 4479 sub
1735 4432 1888 4477 finem
1908 4445 1959 4477 n.
1986 4432 2080 4486 130,
2103 4439 2155 4478 et
2178 4434 2226 4477 in
2250 4435 2344 4478 hoc
2369 4442 2506 4479 tomo
2529 4446 2599 4489 xv,
2637 4448 2684 4479 n.
2718 4436 2786 4487 17,
2821 4448 2941 4491 pass.
2980 4438 3046 4482 17.
3089 4436 3181 4481 Vi·

710 4510 906 4553 dendae
928 4510 1136 4563 insuper
1159 4510 1369 4553 litterae
1392 4519 1423 4551 a
1444 4508 1687 4557 Polanco.
1710 4516 1778 4548 ex
1796 4516 1947 4555 com„
1962 4503 2109 4549 Patri
2129 4504 2336 4561 Laynez
2352 4506 2506 4551 datae
2529 4506 2583 4550 24
2600 4505 2731 4551 Nov.
2747 4506 2900 4564 hujus
2917 4510 3038 4553 anni
3059 4509 3185 4553 155⁴.

791 4580 814 4611 ⁵
868 4579 1105 4631 Scilicet,
1130 4580 1303 4623 Patris
1322 4578 1503 4631 Jacobi
1522 4577 1751 4630 Laynez.

790 4649 813 4677 *ἲ
868 4650 919 4695 Is
938 4659 1155 4705 patruus
1176 4658 1292 4695 erat
1316 4650 1569 4694 Ducissae
1590 4647 1910 4692 Florentiae.

792 4721 811 4750 '⁸
868 4720 1001 4764 Vide
1022 4733 1207 4776 snpra,
1230 4730 1266 4764 t.
1288 4732 1361 4771 m.
1382 4722 1575 4775 passim
1590 4753 1600 4773 ,
1622 4719 1709 4764 ubi
1730 4720 1792 4763 de
1812 4722 1968 4763 rebus
1991 4718 2270 4773 Hispaniae
2292 4721 2485 4775 agitur.
