3742 5392
1573 504 1925 562 Appnnmx
2858 500 2973 561 707

631 652 724 717 10.
815 653 988 716 Item
1018 661 1204 716 sotto
1235 655 1304 716 la
1347 669 1565 733 sopra
1609 651 1856 715 scritta
1900 667 2084 730 pena
2128 649 2261 713 che
2290 648 2483 712 Tutti
2509 649 2563 712 11
2603 647 2801 712 Frati
2829 651 2963 713 che

504 759 745 824 hanno
773 762 1040 824 lassato
1068 760 1139 824 la
1168 775 1296 824 sua
1341 759 1709 839 Religione
1739 765 1808 821 et
1827 766 2207 838 appostate
2233 756 2584 820 ritornino
2613 757 2687 820 in
2727 757 2965 820 termi-

504 884 595 930 ne
623 866 713 930 de
739 867 781 931 3
809 867 882 932 di
909 869 1051 930 alla
1080 885 1209 931 533
1239 867 1606 947 religione.

631 973 726 1038 11.
814 974 986 1039 Item
1013 983 1200 1038 sotto
1222 976 1292 1037 la
1316 973 1700 1038 medesima
1723 991 1907 1054 pena
1932 973 2062 1036 che
2086 971 2177 1035 da
2200 971 2394 1036 Tutti
2417 973 2665 1052 quanti
2692 974 2801 1036 513
2822 991 2966 1037 ser-

508 1090 677 1145 uato
707 1082 988 1146 silentio
1017 1083 1090 1145 in
1116 1081 1382 1146 chiesa.

632 1187 728 1253 12.
816 1189 990 1253 Item
1031 1197 1217 1252 sotto
1257 1189 1327 1251 13
1358 1205 1572 1268 sopra
1601 1188 1850 1252 scritta
1881 1205 2063 1269 pena
2094 1187 2255 1250 tutti
2298 1188 2510 1268 quelli
2539 1205 2681 1252 non
2711 1189 2773 1252 si
2802 1205 2965 1253 con-

505 1295 793 1360 fessano
823 1301 914 1359 ne
943 1294 1486 1360 communicatio
1514 1297 1582 1358 13
1614 1294 1895 1374 Pasqua
1926 1294 1997 1358 di
2018 1294 2561 1372 resurrectione,
2589 1312 2666 1358 se
2687 1312 2831 1359 non
2860 1313 2961 1358 se-

505 1419 734 1468 ranno
763 1403 834 1466 in
856 1403 1157 1467 termine
1185 1401 1273 1465 de
1297 1412 1456 1466 octo
1481 1401 1552 1466 di
1574 1401 1959 1465 confessati
1981 1411 2051 1465 et
2072 1402 2576 1466 communicati
2596 1410 2667 1464 et
2690 1401 2867 1466 satta
2894 1403 2965 1466 la

507 1526 686 1590 pace
715 1510 929 1574 301111
959 1526 1089 1572 530
1118 1509 1468 1589 proximo,

629 1616 725 1680 13.
814 1617 989 1681 Item
1018 1617 1065 1680 li
1093 1615 1290 1680 Frati
1320 1617 1452 1680 che
1481 1634 1709 1680 sonno
1740 1617 2001 1680 crinuti
2025 1634 2067 1680 0
2098 1618 2445 1698 acephali,
2480 1617 2613 1680 che
2656 1631 2961 1698 portano

506 1726 550 1788 l’
585 1724 828 1788 habito
859 1723 1042 1789 della
1070 1723 1438 1804 Religione
1468 1732 1540 1786 et
1566 1740 1790 1788 sonno
1819 1741 2036 1788 senza
2064 1724 2488 1803 obedientia,
2522 1725 2653 1788 che
2704 1724 2963 1788 mendi·

505 1847 690 1895 cano
728 1831 777 1894 il
815 1849 1000 1911 pane
1049 1829 1137 1894 de
1174 1830 1455 1911 poueri,
1502 1838 1572 1895 et
1609 1831 1949 1911 vogliano
1986 1831 2141 1895 fare
2176 1831 2227 1894 il
2268 1831 2593 1896 mendico
2637 1841 2889 1895 contra
2916 1831 2967 1895 li

505 1939 698 2003 sacri
727 1939 1007 2016 canoni,
1038 1939 1387 2002 ritornino
1419 1939 1492 2002 in
1519 1939 1817 2003 termine
1859 1939 1947 2002 de
1976 1937 2017 2003 3
2046 1938 2119 2002 dl
2161 1938 2301 2001 alla
2344 1949 2596 2003 sancta
2640 1939 2964 2003 obedien·

506 2047 606 2109 tia
637 2056 706 2109 et
735 2045 1078 2126 religione
1107 2055 1292 2109 sotto
1340 2046 1409 2108 la
1449 2046 1833 2109 medesima
1874 2062 2082 2126 pena;
2126 2054 2194 2109 et
2232 2046 2443 2126 quelli
2480 2064 2625 2109 non
2664 2062 2965 2124 preseno

508 2153 650 2218 mai
681 2153 1046 2232 religione,
1080 2152 1506 2232 depongano
1537 2154 1584 2215 li
1628 2153 1873 2216 habiti.

635 2259 727 2323 14.
816 2258 992 2323 Item
1019 2268 1205 2324 sotto
1234 2262 1302 2322 la
1333 2243 1741 2340 pena‘detta
1771 2259 2079 2323 Nissuno
2109 2260 2481 2323 sacerdote
2510 2267 2599 2325 ne
2628 2263 2964 2341 religioso

507 2376 723 2448 tenga
756 2369 1300 2432 conuersatione
1322 2368 1408 2432 de
1438 2368 1601 2430 laici
1632 2368 1703 2430 di
1733 2368 1927 2431 secli.
1962 2376 2032 2430 et
2060 2367 2368 2432 maxime
2400 2368 2656 2446 donne,
2690 2380 2963 2435 eccetto

507 2475 569 2539 si
597 2493 740 2538 non
769 2475 1046 2539 fussero
1077 2476 1346 2552 madre,
1374 2476 1649 2553 sorelle,
1683 2493 1724 2538 o
1755 2491 1967 2538 sensa
1996 2488 2354 2554 suspecto.
2389 2473 2523 2539 S.t⁰
2551 2475 2959 2554 Augustino

505 2600 648 2647 non
678 2582 936 2646 voleua
967 2582 1098 2645 che
1127 2599 1258 2645 sua
1288 2582 1544 2645 sorella
1576 2582 1937 2646 habitasse
1966 2599 2100 2645 con
2133 2583 2230 2644 lui
2258 2591 2740 2664 quantumque
2770 2583 2964 2648 Tutti

503 2689 624 2753 dui
653 2689 933 2753 sussero
964 2690 1216 2753 sancti.

630 2795 724 2858 15.
812 2797 987 2860 Item
1033 2797 1163 2859 che
1206 2795 1511 2860 Nissuno
1553 2795 1820 2876 figliolo
1859 2797 1947 2860 de
1978 2806 2178 2877 prete
2207 2814 2249 2858 o
2277 2795 2460 2860 frate
2502 2797 2563 2860 si
2593 2800 2861 2862 accosti
2894 2800 2963 2862 al

507 2903 778 2980 Altare,
815 2903 1097 2983 quando
1127 2919 1204 2965 se
1237 2903 1613 2967 celebrano
1644 2903 1691 2966 li
1721 2903 1942 2967 diuini
1972 2901 2187 2983 offitij,
2230 2911 2428 2966 tanto
2460 2913 2729 2983 quanto
2760 2921 2965 2970 occu·

506 3027 600 3090 pa
629 3011 677 3072 il
707 3026 898 3074 cor0.
933 3008 1158 3073 Accio
1187 3027 1333 3072 non
1371 3011 1478 3073 sia
1516 3011 1937 3074 biastemato
1977 3011 2027 3074 il
2063 3027 2273 3074 nome
2302 3010 2389 3073 de
2418 3011 2613 3075 Iddio
2649 3012 2967 3077 vedendo

994 3116 1010 3147 ¹
1052 3116 1329 3197 peccati
1357 3116 1445 3180 de
1473 3134 1604 3180 suo
1632 3127 1921 3197 pastore
1960 3117 2009 3180 il
2036 3118 2297 3197 populo
2326 3116 2620 3181 dauanti
2650 3136 2693 3180 a
2721 3120 2822 3199 gli
2853 3136 2967 3184 oc·

510 3224 646 3301 chi;
682 3241 816 3287 vae
837 3223 1117 3288 hommt‘
1132 3223 1274 3303 illi,
1291 3232 1664 3304 perquem
1693 3223 2123 3287 scandalum
2152 3229 2371 3286 vemt.

637 3330 730 3394 16.
821 3331 993 3394 Item
1040 3331 1171 3395 che
1217 3349 1356 3395 non
1388 3348 1698 3411 possano
1745 3330 2162 3412 rispondere
2204 3347 2247 3392 a
2286 3330 2517 3394 Messe
2545 3338 2636 3395 ne
2670 3350 2713 3394 a
2742 3332 2965 3398 diuini

509 3435 704 3516 offitij
735 3439 808 3501 in
839 3438 1079 3502 chiesa
1109 3448 1299 3502 sotto
1329 3439 1396 3502 13
1429 3438 1816 3502 medesima
1843 3455 2027 3518 pena
2058 3439 2172 3500 301
2204 3454 2383 3517 capo
2412 3438 2498 3502 de
2521 3455 2761 3519 sopra.

637 3543 731 3608 17.
817 3545 991 3609 Item
1022 3555 1210 3609 sotto
1251 3547 1321 3610 la
1372 3563 1586 3626 sopra
1631 3547 1883 3609 scritta
1926 3561 2109 3624 pena
2149 3543 2281 3608 che
2308 3544 2501 3608 Tutti
2531 3545 2579 3608 li
2610 3547 2967 3612 sacerdoti

508 3652 741 3716 curati
769 3660 838 3716 et
865 3669 1008 3716 non
1053 3654 1284 3717 curati
1311 3654 1444 3716 che
1471 3652 1728 3716 dicano
1760 3668 1993 3716 messa
2024 3668 2225 3716 come
2255 3652 2555 3730 insegna
2591 3652 2661 3716 lo
2691 3653 2967 3719 ordina-

511 3759 619 3823 rio
649 3759 824 3822 nihil
845 3759 1109 3838 addit0,
1144 3775 1447 3839 01113550,
1475 3759 1891 3837 mutatione,
1925 3757 2433 3840 imminutione;
2464 3759 2515 3821 il
2536 3759 2765 3824 simile
2792 3760 2841 3824 il
2869 3760 2968 3824 di-

511 3868 680 3930 uino
709 3865 928 3930 offitio
955 3877 1027 3930 et
1053 3867 1125 3929 13
1154 3865 1768 3931 administratione
1796 3866 1909 3930 del
1940 3875 2180 3929 san.mo
2219 3870 2536 3930 sacra.t⁰.

639 3971 734 4038 18.
818 3973 996 4036 Item
1039 3981 1227 4037 sotto
1267 3973 1336 4036 13
1367 3989 1582 4054 sopra
1633 3973 1810 4037 ditta
1849 3989 2033 4053 pena
2075 3973 2207 4036 che
2250 3973 2728 4037 ciascheduno
2769 3973 2973 4039 Chie-

511 4082 670 4161 rigo
699 4081 763 4144 si
790 4079 1023 4144 faccia
1054 4080 1307 4144 radere
1335 4081 1406 4143 13
1436 4080 1657 4144 barba
1688 4089 1758 4144 et
1788 4079 2151 4144 chiericha
2186 4078 2274 4143 de
2314 4079 2435 4143 .15.
2470 4081 2707 4160 giorni
2737 4081 2809 4145 in
2846 4081 2967 4148 .15.

510 4189 748 4269 giorni
771 4204 973 4252 come
1003 4187 1523 4251 commandano
1546 4187 1599 4249 li
1626 4186 1816 4250 sacri
1839 4188 2123 4250 canoni.

637 4295 732 4359 19.
818 4296 994 4359 Item
1021 4302 1207 4358 sotto
1235 4295 1306 4356 la
1325 4293 1710 4358 medesima
1739 4309 1925 4373 pena
1950 4293 2083 4358 che
2105 4311 2250 4358 non
2269 4294 2332 4358 si
2348 4295 2679 4360 vendano
2707 4296 2773 4359 le
2794 4312 2973 4358 mes·

512 4419 592 4466 se
620 4408 711 4467 113
740 4419 906 4467 3053
939 4417 1144 4466 sacre
1174 4417 1376 4465 come
1407 4399 1606 4465 Giezi
1654 4410 1724 4465 et
1754 4417 1883 4480 per
1910 4401 1961 4464 il
1989 4410 2286 4482 peccato
2314 4417 2444 4466 suo
2471 4399 2548 4466 fii
2577 4410 2871 4482 cuperto
2901 4403 2974 4466 di

510 4510 709 4592 lepra
740 4511 811 4575 in
845 4523 1114 4590 eterno;
1146 4526 1290 4573 non
1322 4525 1576 4572 manco
1606 4509 1671 4571 le
1695 4524 1984 4588 compre
2016 4523 2223 4572 come
2250 4505 2536 4572 Simone
2558 4523 2772 4589 mago
2802 4519 2873 4574 et
2896 4509 2973 4573 sii

595 4749 614 4783 ¹
671 4749 782 4795 Hoc
803 4750 964 4795 3113111
983 4750 1212 4804 spatium
1233 4760 1456 4795 vacuum
1477 4755 1555 4794 eet
1575 4750 1628 4794 in
1647 4749 1969 4805 apographo.
