3742 5392
688 493 809 552 068
1619 489 1877 550 Canon.
1914 489 2067 551 Soc.
2110 491 2251 564 με.

693 638 1012 718 quandiu
1062 638 1250 701 enim
1298 639 1530 732 nullus
1582 637 1668 701 de
1720 636 2075 702 Societate
2120 650 2367 702 nostra
2417 639 2675 703 ibidem
2722 639 2955 702 fuerat
3006 647 3169 719 post

697 745 778 809 P.
831 744 1203 809 Francisci
1251 745 1470 808 Perez
1523 761 1908 808 recessum.
1954 744 2059 808 Eo
2103 744 2355 809 deinde
2406 745 2731 826 pervenit
2779 745 2965 809 idem
3013 747 3165 826 ipse

696 852 773 916 Ρ.
809 853 1157 916 Melchior
1179 869 1340 916 cum
1363 853 1599 931 sociiS,
1628 862 1703 915 ut
1728 852 1798 916 in
1821 851 2277 934 praecedenti
2301 853 2533 932 capite
2559 852 2888 931 diximus,
2915 861 2985 915 et
3008 869 3164 932 par-

693 973 844 1024 tem
873 959 1080 1040 hujus
1111 961 1279 1024 anni
1309 941 1570 1022 ibidem
1599 969 2012 1040 exegerunt.

823 1066 998 1130 1441.
1087 1067 1163 1131 In
1194 1066 1495 1130 Malucis
1528 1066 1804 1143 insulis,
1841 1085 2021 1148 quae
2063 1068 2134 1130 in
2176 1083 2317 1129 uno
2356 1067 2585 1146 gradu
2632 1084 2885 1130 versus
2921 1068 3165 1147 polum

683 1175 871 1239 sitae
901 1183 1084 1253 sunt,
1121 1174 1339 1255 aliqui
1366 1191 1458 1236 ex
1486 1173 1748 1236 nostris
1779 1174 2285 1237 versabantur:
2320 1174 2683 1254 praecipui
2712 1182 2918 1237 erant
2943 1171 3158 1256 Joan-

688 1299 820 1345 nes
848 1282 934 1345 de
965 1281 1185 1345 Veira
1217 1290 1287 1344 et
1319 1279 1730 1359 Alphonsus
1753 1279 1840 1343 de
1869 1279 2148 1357 Castr0,
2176 1290 2244 1344 et
2274 1296 2578 1360 magnus
2604 1280 3156 1343 christianorum

693 1405 1031 1452 numerus
1063 1387 1322 1451 ibidem
1349 1385 1485 1450 hoc
1517 1404 1704 1450 anno
1747 1387 1837 1449 ad
1877 1385 2144 1451 Christi
2187 1403 2483 1466 gregem
2526 1387 2851 1450 accessit.
2899 1385 3159 1450 Missus

681 1504 796 1559 est
821 1495 1107 1576 quidam
1133 1512 1225 1556 ex
1249 1492 1608 1572 fratribUS,
1635 1493 1920 1557 nomine
1944 1493 2296 1556 Antonius
2319 1493 2377 1556 F
2380 1493 2753 1571 ernandeZ,
2784 1494 2855 1556 in
2888 1494 3157 1557 insulas

689 1602 1046 1680 Amboini,
1080 1618 1220 1681 quo
1247 1600 1386 1664 22.a
1417 1600 1790 1663 Februarii
1820 1600 2167 1680 pervenit;
2201 1610 2271 1662 et
2302 1600 2632 1679 quamvis
2655 1600 2723 1663 in
2754 1601 3155 1663 numerosis

691 1708 973 1790 populis
1003 1705 1229 1786 major
1259 1723 1428 1785 pars
1459 1707 2015 1770 christianorum
2045 1715 2262 1784 esset,
2310 1707 2511 1769 multi
2543 1717 2782 1769 tamen
2824 1708 3151 1770 saraceni

691 1817 877 1880 inter
917 1811 1041 1878 eos
1085 1823 1311 1893 erant,
1364 1814 1485 1894 qui
1537 1813 1967 1877 christianos
2020 1813 2477 1876 acerbissime
2526 1814 3153 1894 persequebantur,

685 1922 1033 2002 quosdam
1061 1922 1277 1985 etiam
1307 1919 1760 2008 occidebant,
1795 1920 2098 1984 aliorum
2127 1920 2312 1983 bona
2354 1920 2809 2000 diripiebant,
2844 1930 2915 1984 et
2942 1921 3151 1984 inter-

678 2029 849 2093 dum
881 2037 1129 2108 captos
1159 2027 1586 2091 christianos
1615 2028 1729 2090 vel
1758 2027 2185 2105 vendebant,
2220 2028 2356 2106 vel,
2386 2028 2444 2089 si
2476 2036 2865 2108 emptorem
2888 2045 3029 2090 non
3054 2027 3151 2090 in·

685 2135 1078 2214 venissent,
1127 2134 1365 2211 vivo5,
1401 2151 1580 2196 saxo
1622 2134 1712 2197 ad
1761 2135 2021 2197 collum
2057 2134 2349 2212 alligato
2374 2183 2389 2212 ,
2436 2135 2505 2196 in
2550 2151 2747 2197 mare
2789 2135 3149 2213 demerge·

684 2243 878 2322 bant;
913 2259 1158 2306 eorum
1191 2243 1402 2304 etiam
1443 2258 1670 2321 pagos
1700 2241 2081 2322 aliquando
2126 2241 2618 2304 incendebant.
2668 2241 2865 2304 Haec
2908 2250 3147 2305 autem

682 2349 888 2412 ruina
931 2367 972 2411 a
1014 2347 1378 2412 saracenis
1427 2347 1689 2428 partim
1738 2348 1943 2428 regni
1983 2346 2362 2426 Ternatae,
2408 2348 2668 2427 partim
2707 2348 3074 2412 ducebatis
3135 2347 3153 2378 ²

679 2456 1165 2537 proveniebat,
1199 2464 1268 2518 et
1298 2465 1535 2518 tamen
1566 2456 1743 2518 haec
1774 2455 2036 2519 damna
2065 2473 2107 2518 a
2138 2454 2385 2535 paucis
2430 2455 2761 2519 militibus
2790 2456 3144 2536 lusitaniS,

681 2563 801 2643 qui
829 2564 986 2626 loca
1021 2561 1392 2642 quaedam,
1426 2578 1554 2641 per
1575 2579 1758 2642 quae
1783 2562 1885 2624 illi
1906 2560 2325 2640 transibant,
2354 2579 2482 2624 suo
2504 2561 2859 2642 praesidio
2886 2563 3147 2625 tenuis·

671 2679 856 2748 sent,
889 2669 1146 2732 evitari
1172 2678 1524 2749 poterant:
1558 2686 1702 2731 non
1732 2668 1919 2731 enim
1944 2686 2104 2731 cum
2127 2668 2467 2746 exercitu,
2496 2668 2621 2732 sed
2642 2679 2718 2732 ut
2744 2668 3143 2748 praedones

674 2778 850 2838 haec
883 2777 982 2838 illi
1014 2775 1454 2839 factitabant.

802 2881 978 2946 1442.
1064 2881 1263 2945 Haec
1292 2882 1618 2945 molestia
1648 2898 2157 2945 saracenorum
2196 2881 2622 2960 impediebat
2660 2882 2873 2944 etiam
2913 2881 3135 2946 Anto-

675 2989 872 3053 nium
921 2989 982 3052 F
985 2989 1338 3053 ernandez
1375 3007 1464 3052 ne
1503 2989 1722 3052 libere
1761 2989 2226 3052 christianam
2267 2989 2666 3051 doctrinam
2704 2988 3029 3068 doceret,
3072 3000 3143 3053 et

675 3097 989 3176 quotidie
1017 3097 1554 3177 periclitabatur
1585 3113 1674 3159 ne
1705 3095 2183 3170 occideretur,
2214 3113 2382 3158 nam
2413 3095 2500 3159 de
2538 3096 2993 3175 percussione
3034 3097 3131 3160 fu-

667 3205 917 3282 stium,
953 3221 1168 3284 quam
1198 3203 1550 3266 interdum
1587 3219 1844 3282 passus
1884 3213 2023 3280 est,
2066 3203 2300 3265 minus
2340 3203 2684 3265 sollicitus
2714 3211 2889 3266 erat.
2924 3203 3140 3266 Ante·

671 3328 890 3390 quam
920 3311 1352 3375 Amboinum
1377 3310 1713 3386 venisset,
1744 3309 1840 3372 ad
1871 3308 2182 3372 insulam
2203 3310 2587 3389 quamdam
2611 3327 2773 3372 eum
2795 3310 3144 3373 deducere

669 3419 1028 3497 volebant,
1062 3418 1182 3481 ubi
1211 3417 1494 3496 plurimi
1523 3425 1748 3492 erant,
1778 3415 1897 3497 qui
1926 3414 2136 3478 fidem
2160 3415 2420 3478 Christi
2446 3433 2531 3479 ac
2555 3416 2970 3496 religionem
2992 3434 3141 3480 sus-

663 3525 906 3604 cipere
951 3525 1349 3604 cupiebant,
1393 3534 1462 3586 et
1505 3524 1858 3602 rogabant
1898 3523 1999 3585 illi
2041 3522 2389 3585 lusitanos
2427 3531 2501 3585 ut
2530 3522 2973 3586 sacerdotem
3020 3525 3141 3586 ali-

670 3648 880 3712 quem
911 3631 1374 3695 christianum
1407 3631 1498 3694 ad
1545 3647 1622 3692 se
1663 3631 2056 3708 mitterent,
2100 3637 2169 3691 et
2199 3629 2335 3691 illis
2376 3629 2774 3707 conversiS,
2820 3630 3139 3693 securius

673 3737 1170 3801 amboinenses
1220 3738 1310 3801 ab
1361 3737 1763 3800 incursibus
1800 3752 2311 3800 saracenorum
2362 3735 2742 3816 vixissent;
2786 3737 3009 3800 noluit
3052 3755 3135 3800 eo

671 3844 1028 3907 Antonius
1055 3845 1159 3908 ire
1191 3844 1377 3924 quod
1407 3845 1602 3907 solus
1627 3855 1839 3922 esset,
1867 3852 1938 3906 et
1964 3843 2065 3905 illi
2088 3843 2313 3905 variis
2336 3843 2409 3904 in
2431 3844 2609 3906 locis
2632 3845 2888 3923 sparsi,
2915 3853 2983 3907 et
3013 3862 3135 3908 nu·

667 3969 864 4014 mero
897 3951 1181 4029 plurimi
1210 3959 1466 4030 essent,
1502 3960 1578 4013 ut
1609 3951 1809 4013 multi
1840 3950 1944 4012 eis
1972 3949 2392 4012 satisfacere
2423 3950 2548 4012 vix
2576 3959 2890 4029 possent.

771 4057 966 4143 4443.
1056 4058 1408 4121 Amboino
1475 4055 1645 4138 [non
1702 4055 1939 4137 longe]
2000 4056 2311 4120 distabat
2363 4057 2735 4137 provincia
2784 4058 3133 4138 quaedam

665 4165 951 4227 nomine
975 4165 1201 4229 Burro
1224 4163 1270 4244 ’,
1299 4182 1480 4246 quae
1506 4164 1828 4228 ducentis
1857 4163 2079 4227 leucis
2099 4164 2545 4244 protenditur
2570 4162 2615 4243 ³,
2642 4165 2764 4246 qui
2789 4165 3137 4244 plangunt

747 4297 764 4329 ¹
825 4297 977 4342 Haud
997 4299 1150 4342 facile
1172 4306 1252 4342 est
1273 4298 1565 4342 discernere
1581 4309 1648 4341 an
1665 4297 1716 4341 in
1737 4307 1828 4340 ms.
1847 4297 2099 4350 scriptum
2114 4296 2182 4339 sit
2196 4295 2495 4347 ducebatis,
2508 4308 2577 4340 an
2592 4297 2873 4352 lucebatss,
2890 4309 2959 4342 an
2973 4297 3135 4342 etiam

667 4369 958 4413 bucebatis.
977 4370 1036 4413 In
1057 4370 1252 4414 litteris
1271 4376 1446 4413 tamen
1469 4368 1686 4413 Antonii
1705 4367 2010 4412 Fernandez
2040 4367 2280 4411 Amboinl
2310 4367 2365 4410 27
2395 4367 2669 4412 Februarii
2702 4369 2855 4424 huJus
2886 4370 3007 4414 anni
3030 4369 3135 4413 155⁴

657 4440 821 4493 datis,
843 4453 870 4484 e
892 4442 1075 4496 quibus
1098 4441 1228 4485 haec
1253 4447 1305 4484 et
1323 4441 1596 4495 sequentia
1616 4441 1926 4495 deprompta
1946 4445 2083 4491 sunt,
2108 4439 2183 4482 ita
2205 4438 2422 4482 dicitur:
2453 4439 2677 4492 “Questa
2696 4441 2884 4484 rovina
2912 4441 3067 4484 fanno
3088 4443 3131 4484 si

664 4512 736 4564 gli
755 4511 884 4557 Mori
906 4513 988 4557 del
1010 4512 1190 4568 Regno
1211 4513 1260 4556 di
1281 4512 1525 4567 Ternate,
1549 4523 1693 4556 come
1713 4511 1868 4566 quelli
1892 4511 1942 4554 di
1964 4509 2246 4560 Lucebate.
2268 4511 2365 4554 che
2388 4521 2512 4555 sono
2534 4512 2580 4554 d·
2601 4513 2741 4556 altro
2760 4523 2969 4567 regum„

743 4581 768 4614 ἱ
821 4584 972 4628 Alias
993 4584 1190 4639 Bouro,
1212 4595 1345 4639 quae
1367 4591 1444 4628 est
1466 4595 1568 4628 una
1589 4596 1654 4628 ex
1675 4583 1856 4628 insulis
1878 4581 2092 4626 Molucis
2110 4615 2121 4636 ‚
2143 4581 2245 4624 sita
2266 4581 2332 4626 ad
2353 4584 2733 4628 occidentalem
2764 4585 2975 4638 plagam
3006 4584 3135 4628 Am·

657 4653 802 4699 boini
823 4661 876 4698 et
898 4655 1106 4700 Ceram.

744 4726 767 4759 ⁸
827 4725 1039 4771 Scilicet
1059 4726 1110 4770 in
1131 4728 1367 4772 circuitu.
