3742 5392
696 420 771 479 90
1620 419 1874 481 Canon.
1917 420 2069 481 Soc·
2109 421 2252 494 Jsss.

700 580 891 629 stros
919 566 1348 647 acciperent.
1380 567 1752 631 Laudabat
1780 576 2021 630 autem
2041 566 2444 631 cardinalis
2465 566 2920 631 vehementer
2943 566 3178 629 Ducis-

702 673 989 752 factum,
1024 682 1115 751 et,
1150 675 1211 738 si
1250 675 1390 737 tale
1428 674 1596 755 quid
1647 672 1664 705 ¹
1695 676 1771 739 in
1820 675 1970 739 suis
2012 674 2289 738 clericis
2337 674 2586 738 fuisset
2621 674 3160 755 deprehensum,

704 796 952 844 severe
984 797 1107 843 eos
1137 782 1655 861 castigaturum
1684 798 1863 845 esse.
1889 781 2089 845 Tunc
2113 781 2422 845 subdidit
2442 780 2518 845 P.
2548 781 2876 845 Andreas
2898 783 3165 845 clerum

705 886 1019 966 eJusdem
1048 904 1205 951 esse
1236 888 1452 951 animi
1500 905 1663 952 cum
1711 890 1971 969 populo
2001 898 2254 953 contra
2283 898 2566 953 nostros
2587 936 2602 967 ‚
2647 888 2827 952 adeo
2859 898 2970 965 ut,
3005 905 3167 951 cum

703 994 841 1057 duo
870 994 1279 1057 sacerdotes
1308 1014 1397 1058 ex
1426 994 1530 1058 eis
1558 1006 1627 1058 et
1650 996 1902 1059 tertius
1925 996 2243 1075 quidam,
2271 996 2474 1060 brevi
2495 995 3045 1076 promovenduS,
3075 995 3166 1058 ad

706 1101 992 1164 scholas
1020 1111 1428 1165 nostrorum
1470 1102 1930 1177 accederent,
1965 1112 2335 1184 tantopere
2374 1120 2498 1165 eos
2537 1102 2656 1165 alii
2706 1101 3168 1181 exagitabant

706 1217 775 1271 et
803 1208 1195 1287 terrebant,
1230 1218 1304 1271 ut
1336 1210 1637 1288 amplius
1670 1209 1755 1273 ad
1798 1218 2084 1273 nostros
2125 1211 2466 1273 accedere
2499 1227 2639 1273 non
2674 1209 3048 1289 auderent;
3101 1218 3169 1271 et

707 1314 894 1396 quod
925 1315 1421 1379 conventicula
1450 1316 1523 1379 in
1553 1315 1766 1379 domo
1796 1315 2072 1380 Vicarii
2102 1327 2352 1380 contra
2391 1326 2678 1380 nostros
2705 1314 3084 1380 faciebant.

831 1422 965 1485 164.
1054 1420 1363 1501 Injunxit
1412 1432 1647 1486 autem
1680 1425 1743 1486 ei
1796 1422 2199 1487 Cardinalis
2247 1432 2320 1486 ut
2352 1424 2638 1487 omnino
2687 1440 2764 1487 se
2795 1423 3176 1486 certiorem

705 1529 993 1609 faceret,
1028 1530 1088 1593 si
1120 1531 1194 1593 in
1222 1540 1583 1609 posterum
1632 1532 1773 1595 tale
1822 1532 1991 1611 quid
2034 1531 2132 1594 illi
2184 1540 2540 1594 tentarent
2585 1539 2655 1594 et
2684 1531 2747 1593 si
2786 1530 2908 1611 qui
2935 1540 3174 1593 essent

708 1636 890 1700 inter
920 1654 1067 1715 eOS‚
1104 1646 1179 1700 ut
1210 1649 1412 1701 erant
1442 1638 1671 1713 multi,
1721 1640 1906 1701 male
1957 1638 2284 1701 instructi
2333 1639 2408 1701 in
2438 1639 2548 1703 his
2597 1654 2780 1719 quae
2819 1637 2908 1701 ad
2937 1654 3172 1716 gram·

710 1742 1045 1807 maticam
1074 1744 1449 1825 pertinent,
1475 1744 1657 1809 velle
1679 1754 1755 1809 ut
1781 1747 1873 1809 ad
1895 1754 2180 1809 nostras
2211 1744 2496 1808 scholas
2519 1745 2804 1809 omnino
2820 1744 3182 1807 venirent..

707 1850 1051 1914 Animare
1082 1850 1332 1915 deinde
1364 1849 1595 1933 coepit
1622 1850 1700 1915 Ρ.
1734 1851 2099 1916 Andream
2127 1868 2217 1915 ne
2241 1852 2331 1915 ab
2355 1852 2466 1917 his
2489 1851 3176 1915 contradictionibus

709 1957 1072 2023 daemonis
1088 1966 1473 2022 terreretur
1490 2008 1503 2038 ,
1524 1971 1592 2023 et
1608 1956 1976 2038 cujiisdam
1991 1978 2160 2023 suae
2177 1960 2436 2023 amitae
2459 1961 2857 2040 exemplum
2875 1959 3174 2022 adduce·

708 2065 851 2144 bat,
887 2083 1070 2147 quae
1102 2082 1263 2129 curn
1292 2067 1541 2130 amicis
1570 2066 1809 2131 dolere
1838 2084 1916 2130 se
1953 2067 2424 2146 significabat,
2463 2066 2652 2147 quod
2688 2066 2866 2130 bene
2897 2066 2984 2130 de
3021 2066 3174 2147 ipsa

712 2188 959 2236 omnes
986 2174 1479 2253 loquerentur3
1530 2172 1900 2237 dubitabat
1951 2174 2140 2237 enim
2168 2191 2244 2237 se
2275 2174 2348 2237 in
2379 2174 2614 2253 gratia
2655 2172 2789 2237 Dei
2819 2190 2960 2236 non
2991 2190 3174 2251 esse,

709 2295 873 2341 cum
901 2276 1051 2357 ejus
1082 2280 1287 2343 electi
1318 2280 1714 2343 calumnias
1743 2289 1811 2343 et
1862 2279 2160 2359 injurias
2209 2281 2357 2359 pati
2407 2282 2701 2344 soleant.
2751 2279 3180 2343 Necessaria

713 2385 931 2449 etiam
970 2386 1062 2450 ad
1110 2385 1348 2450 debita
1390 2386 1735 2451 solvenda
1775 2397 1843 2450 et
1875 2388 1968 2451 ad
2004 2388 2272 2451 victum
2313 2389 2542 2452 bonus
2581 2387 2981 2451 Cardinalis
3019 2403 3182 2467 pro·

708 2491 969 2573 spexit,
1004 2501 1074 2555 et
1104 2510 1235 2556 suo
1257 2492 1551 2558 Vicario
1575 2494 1861 2575 scripsit
1893 2504 1970 2556 ut
1999 2503 2247 2557 nostra
2275 2494 2654 2574 privilegia
2685 2505 3180 2570 conservaret,

712 2612 780 2661 et
808 2600 913 2663 eis
942 2601 1045 2663 uti
1072 2600 1367 2681 sineret;
1419 2610 1489 2663 et
1535 2600 1612 2667 P.
1659 2601 1993 2665 Andreae
2041 2600 2568 2664 commendavit
2616 2611 2693 2664 ut
2735 2601 2821 2664 de
2853 2600 3186 2663 omnibus

710 2706 1151 2771 benemereri
1174 2716 1241 2771 et
1267 2706 1739 2773 aedificationi
1760 2726 1920 2772 esse
1940 2708 2168 2772 nostri
2190 2717 2545 2785 curarent;
2567 2718 2636 2771 et
2664 2707 2764 2770 ita
2787 2707 3188 2771 calumniae

712 2814 783 2877 in
815 2814 1381 2879 aedificationem
1404 2823 1475 2878 et
1502 2816 1827 2880 favorem
1856 2832 2252 2879 conversae
2279 2813 2586 2879 fuerunt.

832 2918 966 2983 165.
1055 2920 1215 2985 Duo
1259 2922 1747 2986 adolescentes
1797 2920 2328 2999 FerrarienseS‚
2381 2921 2682 2999 scilicet,
2734 2920 3023 2984 Gabriel
3063 2919 3171 2984 Bi-

709 3028 929 3091 solius
958 3026 981 3058 ³
1012 3038 1081 3092 et
1112 3026 1420 3110 Prosper
1449 3029 1839 3094 Malavolta
1866 3028 1914 3108 ⁸,
1950 3030 2146 3110 prior
2175 3030 2596 3094 mutinensis
2614 3078 2628 3107 ,
2669 3029 3021 3109 posterior
3050 3027 3191 3091 fer·

715 3134 1057 3198 rariensis
1084 3132 1131 3213 ⁴,
1159 3133 1234 3199 P.
1271 3134 1639 3199 Andream
1667 3136 2200 3215 Bonainsegna,
2234 3154 2374 3217 quo
2405 3145 2875 3216 praeceptore
2898 3135 3008 3199 usi
3039 3134 3182 3199 sue·

716 3250 913 3320 rant,
947 3241 1348 3321 Argentam
1389 3244 1612 3307 secuti
1663 3252 1826 3306 sunt
1870 3260 1956 3306 eo
2007 3244 2243 3307 animo
2293 3251 2369 3306 ut
2413 3241 2839 3307 Societatem
2867 3252 3187 3305 nostram

715 3347 1287 3427 ingrederentur3
1321 3358 1391 3413 et
1421 3367 1582 3414 cum
1613 3359 2021 3429 aegrotaret
2045 3348 2440 3430 Septembri
2467 3366 2740 3429 mense,
2768 3366 2911 3413 non
2935 3366 3190 3428 parum

716 3455 1042 3518 eumdem
1070 3456 1535 3521 sublevarunt
1562 3473 1648 3519 ac
1690 3464 2129 3519 recrearunt.
2183 3456 2473 3520 Litteris
2517 3456 2730 3520 etiam
2769 3454 3058 3519 Gabriel
3087 3466 3186 3518 te-

716 3571 943 3626 status
972 3572 1081 3625 est
1109 3572 1398 3627 nostrae
1428 3561 1807 3628 societatis
1835 3564 2235 3642 ingressum
2269 3562 2313 3623 ⁸.
2347 3563 2630 3627 Tertius
2653 3562 2868 3626 etiam
2889 3562 3192 3641 scilicet,

776 3729 791 3760 ¹
852 3730 1079 3785 Scilicet,
1102 3732 1235 3786 quod
1254 3742 1311 3775 se
1332 3733 1540 3786 nostris,
1564 3733 1699 3777 sicut
1721 3732 1919 3777 caeteri
1941 3733 2100 3785 cives,
2121 3738 2458 3786 opponerent.

770 3803 793 3835 ¹
848 3802 1065 3848 Gabriel
1084 3802 1327 3849 Bisciole.
1348 3804 1481 3847 Vide
1502 3815 1678 3859 supra,
1701 3810 1739 3849 t.
1762 3815 1817 3852 11.
1832 3815 1955 3859 pag.
1973 3804 2072 3857 454,
2092 3808 2268 3848 annot.
2293 3805 2330 3845 1.

770 3875 795 3908 ⁸
848 3874 960 3921 “Ha
997 3878 1049 3919 la
1079 3876 1227 3921 detta
1260 3876 1511 3930 rengione
1544 3876 1813 3929 (Societas
1830 3876 1982 3929 Jesu)
2015 3876 2202 3920 havuti
2233 3875 2380 3919 molti
2409 3874 2640 3929 suggetti
2675 3872 2946 3917 Feri-aresi
2979 3872 3030 3917 di
3057 3883 3194 3927 gran

718 3950 923 4003 lettere;
940 3949 1002 3991 ed
1025 3950 1075 3993 in
1096 3948 1414 4003 particulare
1432 3947 1689 4003 Prospero
1710 3946 2014 4000 Malavolta,
2038 3948 2073 3992 il
2095 3948 2247 4002 quale
2263 3948 2449 3991 scrisse
2471 3948 2925 3989 eccellentemente
2946 3944 3028 3988 del
3049 3944 3188 3988 duel-

718 4022 785 4073 lo,
807 4020 869 4063 ed
890 4021 1073 4064 altro?
1093 4018 1337 4075 Gustum,
1368 4020 1402 4063 1.
1420 4030 1482 4074 c..
1508 4020 1594 4064 lib.
1616 4030 1691 4075 ιν,
1716 4030 1835 4075 pag.
1853 4017 2060 4063 217.—1n
2081 4018 2454 4073 Biblitoheque
2474 4018 2571 4061 des
2589 4018 2864 4061 ecrivatns
2883 4016 2949 4060 dc
2969 4016 3024 4060 la
3047 4014 3190 4060 Com-

716 4092 921 4146 pagm'e
941 4091 1009 4135 de
1027 4090 1211 4147 stus,
1229 4097 1442 4136 auctore
1463 4090 1863 4145 Souutnvocm„
1882 4096 1918 4135 t.
1941 4104 1988 4143 v,
2007 4092 2102 4135 col.
2116 4089 2213 4145 ⁴01,
2229 4090 2314 4134 ubi
2331 4089 2587 4133 admissus
2601 4090 2684 4133 hic
2699 4088 2922 4144 Prosper
2941 4086 3190 4132 Malavol-

722 4170 776 4207 ta
806 4163 997 4207 dicitur
1028 4174 1161 4207 anno
1184 4162 1313 4217 1555,
1335 4168 1387 4206 et
1415 4174 1541 4206 vere
1563 4174 1623 4206 eo
1658 4174 1791 4208 anno
1820 4163 2036 4207 Romam
2059 4162 2498 4217 venit.1icetjam
2528 4150 2675 4216 quasi
2707 4172 2837 4205 unus
2867 4172 2894 4203 e
2929 4158 3196 4203 Societnte

721 4235 920 4290 aliquot
954 4246 1152 4279 menses
1183 4233 1462 4279 Ferrariae
1484 4240 1667 4289 egerat
1685 4266 1696 4285 .
1722 4236 1867 4279 nulla
1901 4244 2154 4289 expressa
2172 4233 2231 4277 fit
2262 4234 2456 4278 mentio
2475 4233 2648 4287 operis
2675 4234 2762 4276 vel
2792 4242 3029 4286 opernm,
3061 4240 3196 4285 quae

718 4318 837 4351 eum
860 4306 1087 4351 Gustum
1112 4306 1338 4351 affirmat
1358 4306 1626 4360 scripsisse
1646 4306 1710 4350 de
1731 4305 1941 4350 Duello-

775 4381 799 4414 ὁ
854 4377 962 4421 Hos
980 4378 1125 4431 duos,
1147 4387 1372 4431 quorum
1388 4378 1545 4431 prior
1564 4377 1912 4427 mutinensis,
1928 4378 2198 4431 posterior
2205 4377 2578 4431 ferrariensis
2597 4378 2733 4427 erat,
2751 4374 3094 4419 ferrarienses
3115 4382 3196 4418 ta·

722 4461 840 4495 men
858 4449 1003 4505 prius
1024 4449 1257 4504 appellat
1277 4447 1533 4491 Polancus
1547 4480 1559 4501 ,
1582 4448 1701 4503 quia
1732 4454 1853 4492 tunc
1875 4448 2073 4493 Mutina
2097 4448 2450 4493 Ferrariensis
2471 4448 2630 4493 Ducis
2648 4446 2831 4492 ditioni
2860 4446 3190 4501 subjacebat.

726 4522 856 4567 Vide
880 4532 1052 4576 supra.
1073 4526 1109 4565 t.
1126 4531 1181 4575 11,
1202 4531 1323 4575 pag.
1342 4519 1440 4567 458.
1460 4531 1510 4563 n.
1528 4519 1598 4574 91,
1620 4524 1674 4563 et
1694 4519 1745 4563 in
1765 4520 1880 4565 hoc.
1901 4521 2006 4565 vol.
2025 4531 2200 4575 supra,
2222 4532 2342 4575 pag.
2360 4520 2431 4572 84,
2453 4530 2502 4563 n.
2525 4520 2618 4563 152.

778 4596 801 4628 ⁵
854 4594 1094 4649 Intellige
1127 4593 1353 4643 litteras.
1373 4597 1431 4636 ut
1459 4602 1521 4635 eo
1542 4596 1772 4646 tempore
1805 4604 1917 4636 mos
1945 4592 2176 4647 ferebat,
2207 4599 2388 4637 votnm
2417 4592 2735 4637 Societatem
2763 4588 3084 4645 ingrediendi
3121 4598 3194 4633 te-

722 4674 942 4714 stantes.
962 4666 1159 4711 Eamm
1178 4666 1423 4709 nonnulla
1444 4664 1680 4717 exempla
1702 4662 1847 4709 dabit
1868 4664 2017 4709 Nova
2039 4666 2212 4709 series
2229 4664 2541 4709 litterarum
2565 4664 2616 4707 S.
2638 4663 2860 4718 Ignatii.
