3742 5392
697 542 810 601 332
1615 540 1870 601 Canon.
1912 540 2067 599 Soc.
2110 540 2250 614 jes.

701 689 912 751 simul
941 705 1102 752 cum
1133 688 1448 768 Collegio
1479 690 1582 751 eis
1612 689 2109 752 ostendissent.
2160 688 2339 753 Cum
2381 700 2615 753 autem
2656 690 2754 752 illi
2785 706 2933 752 rem
2966 706 3175 769 urge—

701 803 859 858 rent
890 804 958 857 et
993 796 1082 859 ad
1113 796 1921 860 excommunicationem
1958 814 2181 877 usque
2210 808 2615 860 nostrorum
2655 796 2941 859 venturi
2967 797 3165 860 brevi

703 901 1136 977 viderentur,
1171 903 1653 966 necessarium
1682 902 1810 966 suit
1841 903 2126 982 nostriS‚
2161 921 2249 965 ne
2278 903 2345 965 id
2373 904 2751 979 accideret,
2785 903 3167 968 inhibendo

696 1006 1004 1087 judicem
1033 1008 1348 1089 ipsorum
1383 1007 1424 1086 ¹,
1460 1010 1818 1090 appellare
1850 1010 1942 1072 ad
1973 1008 2226 1080 Sedem
2272 1010 2785 1089 Apostolicam.
2818 1009 2967 1073 Nec
2996 1012 3165 1074 inte-

701 1116 835 1178 rim
880 1132 1058 1195 opus
1104 1115 1730 1194 intermittebatur,
1778 1134 1944 1179 narn
1990 1117 2059 1179 id
2103 1117 2442 1196 temporis
2487 1127 2773 1194 tectum,
2822 1134 2914 1180 ex
2955 1118 3167 1197 lignis

701 1221 1128 1300 confectum,
1175 1224 1433 1301 tegulis
1476 1224 1858 1303 tegendum
1900 1235 2075 1301 erat,
2126 1242 2213 1287 ne
2262 1223 2559 1303 injuriae
2602 1224 3005 1303 pluviarum
3050 1241 3167 1303 pa-

704 1338 906 1409 teret.

825 1436 965 1500 708.
1053 1436 1191 1501 Sed
1221 1454 1384 1500 cum
1414 1439 1590 1501 haec
1621 1448 1973 1501 cessasset
2003 1438 2519 1517 quodammodo
2550 1440 2868 1501 molestia
2904 1441 3169 1518 (quam-

701 1544 815 1606 vis
845 1543 1251 1607 referebant
1281 1555 1783 1623 procuratores
1805 1546 1995 1624 quod
2023 1545 2342 1623 religiosi
2364 1562 2503 1607 non
2530 1542 2737 1624 hujus
2762 1555 3034 1608 tantum
3060 1563 3160 1608 re-

703 1651 1009 1729 ligioniS,
1041 1652 1170 1715 sed
1190 1662 1259 1714 et
1280 1650 1918 1729 franciscanorum,
1944 1651 2181 1731 potius
2204 1652 2546 1731 quidquid
2576 1652 2929 1715 habebant
2959 1653 3163 1715 amis·

704 1756 850 1820 suri
880 1775 1093 1837 quam
1122 1766 1198 1820 ut
1228 1758 1624 1821 oratorium
1651 1757 1873 1837 fieret,
1908 1771 1977 1821 et
2015 1758 2299 1836 Missae,
2342 1758 2828 1821 confessiones
2870 1768 2940 1821 et
2968 1776 3167 1837 prae-

703 1865 1095 1928 dicationes
1124 1864 1381 1928 ibidem
1412 1863 1657 1929 fierent
1695 1866 1977 1945 passuri
2018 1869 2303 1942 essent),
2338 1867 2701 1945 parochus
2741 1866 3030 1946 quidam
3071 1868 3167 1929 vi-

704 1972 906 2034 cinus
935 1971 1280 2034 ecclesiae
1309 1970 1428 2035 S.t¹
1464 1970 1776 2048 Martini,
1809 1973 1928 2034 vel
1964 1981 2213 2052 sponte
2259 1989 2388 2035 sua
2420 1974 2532 2034 vel
2576 1973 2664 2035 ab
2704 1972 2970 2037 eisdem
3010 1974 3161 2035 reli·

704 2077 926 2156 giosis
971 2088 1230 2156 motus,
1279 2078 1844 2141 aedificationem
1896 2078 2218 2141 eamdem
2261 2077 2603 2157 impedire
2653 2081 2925 2157 volenS,
2980 2081 3168 2158 quod

706 2186 942 2265 aliqua
973 2186 1444 2248 emolumenta
1474 2186 1897 2265 temporalia
1924 2202 2001 2248 se
2043 2186 2471 2248 amissurum
2510 2187 2972 2263 existimaret,
3021 2189 3166 2267 qui-

704 2290 1002 2354 busdam
1030 2292 1282 2354 litteris
1313 2310 1356 2354 a
1395 2290 1578 2354 Sede
1621 2291 2039 2371 Apostolica
2076 2292 2494 2372 impetratis,
2540 2304 2820 2355 nostros
2865 2292 3167 2357 Romam

705 2398 1104 2461 citaverunt
1137 2398 1324 2461 intra
1355 2398 1734 2478 sexaginta
1767 2398 1939 2476 dieS,
1974 2408 2044 2461 et
2072 2398 2355 2461 interim
2378 2410 2451 2461 ut
2477 2401 2566 2463 ab
2591 2399 3029 2463 aedificando
3054 2400 3167 2463 de-

703 2505 1056 2582 sisterent,
1089 2505 1512 2568 auctoritate
1542 2488 1938 2568 litterarum
1968 2504 2544 2584 Apostolicarum
2564 2504 2945 2585 jusse1·unt;
2974 2517 3045 2569 et
3066 2508 3165 2570 ita

703 2619 1055 2674 cessatum
1085 2626 1218 2690 est,
1251 2611 1477 2674 donec
1505 2610 1798 2688 Romae,
1833 2612 2043 2674 rebus
2072 2613 2323 2676 melius
2362 2613 2759 2691 intellectis»,
2794 2614 3166 2693 expeditae

699 2718 982 2782 fuerunt
1011 2718 1468 2798 Apostolicae
1495 2719 1798 2797 litterae,
1832 2720 2087 2799 quibus
2117 2720 2448 2799 progredi
2474 2722 2543 2782 in
2570 2730 2821 2800 coepto
2845 2720 3167 2784 aedificio

700 2827 853 2889 sine
884 2826 1181 2903 parochi
1203 2835 1325 2889 aut
1347 2826 1844 2904 religiosorum
1876 2827 2375 2906 impedimento
2398 2837 2801 2907 potuerunt;
2839 2830 3167 2907 quamvis

699 2934 1059 3012 parochus
1088 2933 1202 2997 ille
1230 2951 1373 2996 non
1405 2933 1808 3014 expectavit
1839 2934 2133 3011 litteras,
2168 2952 2348 3014 quae
2380 2954 2467 2996 ex
2506 2934 2697 2997 Urbe
2728 2934 2800 2998 in
2825 2944 3167 2999 autumno

699 3038 906 3119 hujus
937 3040 1104 3103 anni
1134 3040 1543 3103 Valentiam
1580 3053 2091 3119 pervenerunt;
2134 3058 2324 3119 nam,
2360 3052 2736 3121 postquam
2766 3051 3052 3106 nostros
3078 3044 3177 3105 ab·

700 3162 912 3225 opere
942 3146 1324 3227 prohibuit,
1359 3164 1627 3226 paucos
1657 3164 1936 3209 menses
1976 3147 2373 3226 supervixit
2404 3156 2447 3206 ⁸.

697 3422 926 3477 silenci03
947 3435 982 3479 y
1003 3428 1114 3466 este
1135 3426 1281 3465 motu
1299 3424 1520 3478 proprio
1541 3434 1603 3466 no
1623 3434 1677 3465 se
1701 3424 1770 3466 ha
1786 3424 2029 3476 espedido
2046 3425 2202 3467 hasta
2222 3425 2341 3477 aqui
2358 3433 2454 3477 por
2469 3424 2522 3466 la
2542 3424 2873 3469 eufemedad
2888 3425 2973 3469 del
2994 3425 3161 3479 Papa.

697 3504 811 3537 mas
831 3494 1016 3538 denti-o
1036 3494 1100 3537 de
1121 3494 1213 3538 dos
1232 3495 1346 3538 dias
1366 3505 1664 3548 esperamos
1691 3496 1856 3539 habra
1878 3496 2151 3549 signatura
2171 3508 2207 3549 v
2226 3506 2281 3538 se
2303 3498 2595 3548 procurata
2614 3505 2709 3549 por
2728 3496 2821 3539 don
2840 3495 3161 3542 Cardenales

698 3564 761 3607 de
791 3566 894 3608 ella
925 3576 1022 3619 que
1054 3576 1179 3619 pase
1210 3570 1320 3608 este
1351 3568 1497 3607 motu
1527 3566 1767 3620 proprio.
1803 3564 1857 3609 Si
1889 3567 1996 3610 alla
2024 3577 2081 3609 ne
2111 3566 2311 3621 pueden
2346 3572 2623 3610 concertat
2656 3567 3015 3620 buenamente,
3049 3572 3167 3611 esta

699 3637 834 3689 hiem
856 3637 899 3679 si
921 3646 1004 3691 no,
1023 3648 1120 3691 por
1137 3642 1252 3680 esta
1273 3647 1570 3690 esperamos
1591 3637 1807 3692 deJaran
1839 3638 2000 3681 hacer
2020 3639 2081 3681 de
2104 3639 2270 3682 buena
2301 3638 2553 3681 voluntati
2574 3642 2604 3681 ό
2624 3640 2701 3682 sin
2722 3639 2872 3692 ella.„
2892 3639 3164 3688 Polaticus,

700 3718 767 3749 ex
785 3718 935 3761 com..
959 3707 1116 3752 Petro
1136 3707 1450 3761 Domencch,
1471 3708 1520 3751 21
1543 3707 1680 3760 Junii
1705 3709 1826 3752 1554.

783 3782 798 3812 ¹
857 3779 1064 3824 Scilicet
1083 3780 1306 3833 judicem
1327 3778 1788 3832 (Conservatorem
1818 3791 1935 3825 eum
1952 3780 2626 3835 appellabant)afrat11bus
2647 3779 2853 3826 Ordinis
2868 3780 3045 3825 Sancti
3064 3782 3168 3827 Au·

697 3852 894 3903 gustini
912 3852 979 3895 ad
998 3862 1176 3895 eorum
1191 3852 1312 3907 jura
1331 3852 1524 3896 tuenda
1542 3863 1634 3897 seu
1655 3853 2025 3896 conservanda
2047 3853 2399 3906 designatum.

779 3926 801 3954 Ἰ
857 3924 914 3968 In
932 3925 1104 3969 codice
1125 3937 1218 3970 ms·
1241 3925 1485 3969 Historia
1507 3926 1574 3968 de
1592 3925 1646 3969 la
1657 3924 1965 3981 sundacion
1980 3936 2019 3981 y
2038 3932 2323 3980 progresos
2343 3924 2433 3968 del
2455 3923 2660 3978 colegio
2678 3925 2746 3968 de
2774 3925 2830 3968 la
2863 3924 3157 3981 Campania

679 3998 767 4041 ·de
785 3997 952 4053 Jesas
973 3998 1039 4040 de
1069 3996 1179 4040 San
1214 3996 1378 4039 Pablo
1412 3997 1478 4041 de
1510 3996 1784 4050 Valenct'a,
1818 3998 2018 4041 escrita
2054 3998 2157 4040 ano
2189 3996 2333 4049 1712,
2367 4002 2584 4041 auctore
2612 3996 2831 4049 incerto,
2860 3997 2950 4041 lib.
2979 4008 3012 4045 1.
3041 4010 3085 4041 c.
3109 4011 3159 4046 x.

699 4071 786 4115 sol.
807 4070 864 4113 22
881 4082 932 4112 v.
955 4075 1007 4112 et
1028 4068 1094 4118 23.
1113 4069 1387 4123 sequeutia
1407 4068 1713 4123 reperimus:
1735 4070 2060 4123 ⁴⁴...pusieron
2079 4080 2139 4112 su
2158 4069 2320 4123 pleito
2342 4080 2405 4112 en
2435 4067 2601 4112 Roma
2628 4070 2707 4111 los
2728 4068 2950 4123 clei-izos
2969 4070 3030 4113 de
3052 4068 3157 4115 San

699 4140 892 4184 Martia
911 4152 1006 4195 por
1025 4152 1086 4184 su
1106 4149 1274 4195 parte,
1295 4154 1330 4196 y
1349 4150 1443 4195 por
1467 4142 1517 4183 la
1536 4150 1668 4195 suya
1690 4141 1740 4184 al
1762 4140 1945 4184 mismo
1976 4140 2165 4193 tiempo
2199 4140 2496 4183 suscitatori
2524 4150 2613 4182 sus
2643 4139 3001 4193 pretemiones
3030 4147 3164 4185 tam·

698 4214 814 4257 bien
835 4224 900 4257 en
919 4212 1086 4256 Roma
1105 4214 1181 4256 los
1202 4213 1400 4256 Padres
1423 4212 1720 4267 Agustinos.
1743 4210 1876 4255 Pero
1898 4212 2049 4256 ullos
2070 4212 2295 4265 cler-{gos
2314 4211 2365 4255 ni
2387 4212 2464 4255 los
2483 4210 2667 4255 Tralles
2683 4211 2861 4254 fueron
2883 4212 3155 4256 bastantes

698 4295 830 4339 para
853 4284 1070 4340 impedii-
1091 4286 1140 4328 el
1159 4284 1361 4328 edificio
1379 4284 1623 4328 material
1641 4294 1738 4337 que
1760 4283 1888 4327 Dios
1909 4286 2090 4337 quei-ia
2109 4294 2145 4339 y
2166 4282 2430 4327 ordenaba
2450 4293 2581 4337 para
2608 4284 2654 4326 01
2676 4282 2949 4337 espirltual
2972 4283 3035 4327 de
3054 4296 3159 4329 mu-

697 4357 839 4400 chos.
863 4356 1065 4411 Porque
1085 4358 1137 4400 la
1159 4356 1445 4411 Compafiia
1466 4367 1530 4399 en
1549 4354 1714 4398 Roma
1733 4354 1817 4398 dio
1841 4364 1995 4397 razon
2028 4354 2091 4411 <ke
2112 4356 2158 4397 si
2177 4366 2211 4410 y
2231 4355 2297 4397 de
2318 4355 2365 4397 lo
2396 4365 2493 4407 que
2525 4355 2723 4408 panaba
2746 4365 2811 4398 en
2829 4353 3102 4408 Valencia;
3129 4370 3165 4412 y

698 4440 846 4473 como
865 4429 913 4472 el
934 4428 1081 4484 Papa
1100 4428 1235 4481 Juuo
1254 4426 1328 4472 111
1352 4429 1514 4472 habia
1532 4427 1863 4482 despaehado
1886 4426 2020 4471 Bula
2039 4437 2104 4470 en
2122 4426 2150 4469 8
2168 4426 2231 4469 de
2262 4424 2549 4470 Setiembre
2573 4426 2635 4469 de
2658 4425 2781 4481 1550,
2801 4426 2973 4471 dando
3007 4427 3165 4472 lieen-

697 4503 780 4546 eia
800 4503 1034 4556 peculial·
1053 4512 1186 4556 para
1205 4502 1256 4546 la
1278 4502 1554 4546 fundacion
1574 4501 1656 4544 del
1677 4498 1879 4553 colegio
1896 4502 1923 4541 ε
1944 4498 2146 4553 immin.
2167 4499 2352 4551 ahora,
2372 4500 2619 4543 sabienclo
2636 4502 2686 4544 10
2707 4510 2805 4553 que
2821 4499 3039 4554 pasaba,
3056 4500 3165 4543 des·

697 4574 865 4628 pacho
885 4580 1004 4618 οτι-0
1025 4573 1228 4618 inhibiti
1237 4584 1306 4617 va
1323 4586 1358 4629 y
1379 4572 1699 4627 prohibitiva
1731 4582 1789 4615 so
1809 4581 2004 4622 graves
2024 4581 2276 4616 censuras
2296 4576 2479 4616 eontra
2502 4573 2577 4615 los
2598 4572 2779 4615 frailes
2808 4571 3097 4624 Agustinos
3128 4584 3163 4629 y

698 4646 967 4699 cnalquier
987 4651 1108 4689 otra
1127 4656 1348 4699 persona
1369 4655 1466 4699 que
1487 4644 1789 4698 impidiesen
1818 4644 1873 4686 la
1908 4643 2111 4687 fabrica
2132 4642 2215 4686 del
2237 4643 2437 4696 colegio
2458 4646 2486 4686 0
2507 4643 2711 4697 iglesia.
2745 4642 2881 4687 dada
2913 4653 2977 4687 en
2998 4642 3171 4687 Rom

697 4718 732 4761 a
753 4718 798 4760 14
821 4716 884 4761 de
906 4716 1193 4771 Setiembre
1211 4718 1275 4760 de
1296 4716 1452 4761 1552...
1471 4714 1603 4759 Pero
1621 4717 1800 4759 notese
1821 4727 1919 4769 que
1935 4726 1998 4757 en
2020 4717 2073 4759 la
2094 4714 2247 4759 Bulla
2266 4715 2525 4770 plumbea.
2542 4726 2639 4767 qne
2661 4716 2825 4759 Paulo
2847 4713 2921 4759 111
2942 4714 3063 4769 (sic)
3080 4724 3164 4758 ex·

698 4789 837 4843 pidio
857 4799 989 4843 para
1010 4790 1062 4833 la
1083 4790 1320 4833 creceion
1341 4790 1426 4833 del
1446 4787 1676 4842 Colegio,
1696 4789 1750 4832 la
1772 4789 1895 4842 qual
1914 4798 1968 4831 se
1990 4787 2195 4841 guarda
2218 4798 2280 4831 en
2302 4788 2348 4830 el
2386 4787 2635 4837 Archivo.
2668 4788 2714 4830 le
2748 4788 2966 4831 nombra
2995 4796 3093 4831 con
3110 4787 3169 4830 la
