3742 5392
683 449 794 505 312
1601 446 1860 507 Canon.
1902 446 2059 509 Soc.
2097 450 2239 522 Jes.

689 594 874 656 inter
903 604 1230 657 caeteras
1259 606 1446 657 esset
1473 595 1592 658 vel
1619 596 1937 658 maxima
1954 644 1969 671 ,
2000 604 2243 659 tantus
2269 606 2425 660 erat
2454 597 2695 677 populi
2732 614 3157 675 concursuS,

689 712 786 773 ut,
821 703 1082 779 templo
1105 702 1338 779 pleno,
1364 702 1734 765 columnas
1755 711 1826 765 et
1847 703 2106 765 altaria
2128 704 2609 766 conscendere
2629 703 3073 783 cogebantur
3106 704 3152 767 ¹:

689 808 1086 871 testabatur
1117 818 1356 871 autem
1385 808 1786 871 animorum
1813 810 2363 873 commotionem
2382 858 2397 887 ,
2438 812 3019 873 concurrentium
3060 812 3157 874 ad

689 926 982 978 nostros
1009 932 1140 995 pro
1167 915 1500 991 consiliO,
1529 916 1626 978 ad
1653 916 1847 979 vitae
1878 916 2482 995 emendationem,
2514 918 2913 981 multitudo.
2944 917 3157 981 Hunc

689 1037 866 1099 ergo
903 1020 1298 1101 profectum
1341 1022 1784 1101 spiritualem
1823 1032 1901 1085 ut
1944 1023 2317 1103 impediret
2360 1023 2662 1088 daemon
2680 1074 2695 1103 ,
2740 1042 2869 1104 per
2912 1026 3164 1089 nescio

689 1145 872 1208 quos
901 1129 1255 1208 persuasit
1284 1128 1642 1208 Episcopo
1671 1128 2175 1193 Cameracensi
2194 1180 2209 1209 ,
2242 1132 2363 1212 qui
2392 1132 2697 1211 primam
2728 1132 2923 1195 illam
2954 1149 3160 1195 suam

691 1234 1240 1315 prohibitionem
1271 1246 1746 1300 revocaverat
1784 1235 1809 1266 ¹
1831 1286 1846 1313 ,
1888 1248 1965 1300 ut
2004 1255 2163 1301 eam
2204 1238 2438 1301 denuo
2480 1248 2865 1302 renovaret
2886 1286 2901 1317 ,
2942 1250 3013 1301 et
3052 1256 3162 1301 se·

691 1344 924 1407 cundo
949 1340 1100 1422 jam
1125 1344 1533 1422 prohiberet
1563 1362 1652 1407 ne
1681 1344 1840 1424 quis
1876 1356 2203 1408 nostrum
2242 1347 2317 1409 in
2352 1364 2485 1409 sua
2531 1347 2841 1409 dioecesi
2878 1347 3159 1409 concio·

693 1460 1008 1529 naretur,
1043 1468 1258 1531 quam
1286 1450 1832 1530 prohibitionem
1861 1467 2003 1514 non
2028 1454 2257 1515 solum
2278 1452 2615 1531 LegatuS‚
2646 1452 2775 1516 sed
2798 1462 2991 1515 totus
3009 1452 3164 1515 fere

695 1558 1026 1638 populus,
1059 1556 1250 1637 apud
1276 1575 1486 1638 quem
1513 1558 1742 1620 nostri
1768 1558 2413 1637 concionabantur,
2446 1559 2941 1623 molestissime
2972 1560 3159 1635 tulit;

697 1675 766 1727 et
795 1666 1146 1745 primores
1173 1664 1406 1727 denuo
1435 1664 1626 1743 apud
1655 1682 1814 1727 eum
1845 1666 2195 1729 curabant
2222 1676 2301 1729 ut
2328 1665 2719 1729 secundam
2749 1666 3165 1746 prohibitio·

697 1789 860 1835 nem
899 1772 1388 1851 suspenderet.
1431 1769 1830 1835 Curaverat
1867 1782 2107 1835 autem
2150 1772 2547 1853 Episcopus
2588 1772 2917 1836 citandos
2956 1790 3163 1854 quos·

697 1878 863 1942 dam
910 1878 1266 1960 parochos
1287 1926 1302 1957 ,
1345 1878 1536 1958 apud
1577 1896 1756 1959 quos
1798 1877 1877 1941 P.
1923 1878 2333 1942 Bernardus
2374 1880 2953 1958 praedicaverat;
2996 1897 3165 1943 nam

697 1987 1063 2050 consultus
1089 1985 1408 2065 Legatus
1437 1986 1527 2048 ab
1551 1986 1800 2049 eodem
1822 1984 1901 2049 P.
1930 1985 2329 2064 Bernarclo,
2358 1986 2493 2049 hoc
2522 1987 2625 2049 illi
2644 1986 2923 2050 consilii
2944 1987 3163 2065 dedit,

697 2104 774 2155 ut
803 2094 862 2156 si
895 2093 1194 2173 parochi
1221 2093 1538 2156 contenti
1567 2102 1804 2156 essent
1825 2142 1841 2171 ,
1874 2110 2020 2156 non
2050 2110 2129 2156 se
2156 2093 2585 2174 subjicerent
2622 2091 2714 2156 ad
2751 2092 3167 2157 facultatem

699 2202 790 2263 ab
821 2200 1178 2281 Episcopo
1205 2199 1583 2279 petendam
1611 2198 1657 2258 ⁸.

817 2306 960 2369 666.
1046 2305 1204 2369 Non
1233 2306 1604 2369 omittebat
1631 2315 1870 2369 autem
1902 2308 2287 2371 conciones
2313 2305 2390 2369 P.
2436 2306 2815 2387 Quintinus
2836 2353 2851 2382 ,
2900 2324 3033 2371 nec
3070 2309 3165 2370 le·

701 2415 976 2477 ctiones
1014 2414 1446 2477 christianae
1488 2413 1858 2477 doctrinae
1902 2415 1973 2477 in
2012 2432 2147 2478 sua
2182 2415 2487 2478 ecclesia
2528 2413 3047 2494 Beghinarum,
3088 2414 3163 2476 in

699 2538 838 2601 qua
873 2520 1092 2584 etiam
1119 2519 1194 2583 P.
1227 2520 1588 2584 Antonius
1615 2528 1687 2583 et
1715 2519 1794 2583 P.
1837 2519 2219 2600 Quintinus
2256 2523 2641 2585 multorum
2678 2519 3171 2584 confessiones

699 2628 1110 2691 audiebant:
1136 2628 1302 2691 dum
1325 2626 1402 2690 P.
1429 2628 1836 2691 Bernardus
1858 2639 2067 2691 extra
2088 2630 2336 2692 urbem
2358 2629 2431 2691 in
2453 2629 2663 2708 pagis
2684 2629 2944 2693 vicinis
2961 2644 3169 2691 mane

703 2735 774 2799 in
805 2752 980 2813 uno,
1015 2754 1058 2798 a
1087 2734 1389 2816 prandio
1420 2734 1490 2798 in
1523 2736 1779 2809 altere,
1811 2736 2395 2799 concionabatur.
2432 2735 2611 2799 Cum
2641 2746 2881 2799 autem
2904 2736 2977 2799 in
2998 2752 3171 2816 quo-

704 2843 866 2906 dam
899 2860 991 2906 ex
1019 2842 1134 2905 his
1161 2842 1372 2923 pagis
1409 2859 1588 2905 uxor
1634 2842 2140 2921 gubernatoris
2188 2841 2667 2905 Tornacensis
2713 2839 2740 2873 ⁴
2789 2842 3167 2920 habitaret,

703 2967 888 3028 quae
918 2966 1062 3012 una
1091 2958 1247 3012 erat
1275 2966 1370 3013 ex
1395 2949 1824 3029 primoribus
1853 2949 2073 3013 totius
2099 2949 2325 3029 Belgii
2364 2958 2434 3011 et
2475 2948 2993 3029 potentioribus
3028 2948 3171 3012 foe—

705 3056 946 3135 miniS,
979 3056 1068 3119 ab
1099 3056 1349 3119 eadem
1375 3057 1596 3119 semel
1625 3064 1836 3134 atque
1865 3056 2123 3120 iterum
2153 3056 2499 3119 invitatus
2520 3064 2629 3119 est
2650 3055 2744 3118 ad
2764 3055 3162 3135 prandium,

706 3174 776 3225 et
816 3179 1096 3226 omnem
1137 3180 1342 3225 suam
1381 3178 1670 3242 operam
1713 3178 1978 3242 magno
2018 3179 2181 3225 cum
2218 3161 2478 3226 affectu
2524 3178 2699 3243 erga
2738 3161 3165 3226 Societatem

707 3269 980 3333 obtulit.

827 3375 972 3439 667.
1057 3376 1313 3439 Visum
1341 3386 1580 3439 tamen
1620 3388 1728 3440 est
1766 3377 2131 3440 Cardinali
2172 3375 2341 3439 Polo
2394 3376 2888 3441 abstinendum
2926 3394 3085 3439 esse
3128 3395 3169 3438 a

711 3484 1246 3564 praedicatione
1276 3483 1352 3547 P.
1387 3482 1786 3562 BernardO,
1829 3484 2054 3547 donec
2094 3485 2245 3565 ipse
2282 3485 2763 3563 alloqueretur
2804 3483 3173 3547 officialem

708 3591 1044 3670 Episcopi
1095 3590 1636 3653 Cameracensis
1683 3600 1754 3653 et
1809 3589 2159 3671 Reginam
2214 3588 2539 3653 Mariam.
2598 3591 2687 3654 Et
2740 3588 3173 3669 significavit

707 3706 952 3777 aperte
981 3696 1168 3760 idem
1195 3695 1598 3761 Cardinalis
1626 3696 1704 3759 P.
1737 3697 2103 3761 Bernardo
2134 3697 2322 3777 quod
2352 3706 2503 3760 tota
2534 3698 2735 3760 curia
2764 3708 2921 3761 erat
2962 3698 3177 3777 plena

709 3804 915 3867 malis
944 3803 1562 3867 informationibus
1589 3804 2091 3867 commentitiis
2120 3813 2377 3867 contra
2416 3802 2877 3884 Societatem;
2920 3814 2988 3867 et
3022 3805 3183 3883 ipse

712 3909 1092 3991 quemdam
1121 3910 1502 3991 primariae
1531 3911 1979 3974 auctoritatis
2007 3912 2277 3989 virum,
2304 3910 2426 3991 qui
2447 3910 2853 3991 praefectus
2876 3921 3031 3974 erat
3058 3910 3180 3974 do—

795 4116 812 4148 ¹
870 4115 996 4160 “Vir
1023 4124 1140 4160 erat
1160 4116 1478 4169 (Bet-nardus
1509 4114 1788 4165 oliverius)
1815 4115 2055 4159 doctrina
2076 4115 2376 4170 pietateque
2407 4116 2639 4169 insignis,
2674 4114 2807 4159 dono
2840 4118 3094 4159 sermonis
3122 4122 3177 4160 et

711 4187 912 4231 dicendi
934 4187 1112 4241 gratia
1133 4186 1474 4242 admirabilis,
1495 4188 1774 4231 maximnm
1798 4186 1864 4230 sd
1896 4197 2018 4230 snas
2048 4188 2321 4231 conciones
2350 4198 2657 4231 concursum
2680 4188 2943 4239 trahebat,
2966 4188 3097 4231 adeo
3120 4196 3175 4231 nt

711 4272 743 4303 a
768 4258 832 4309 10.
859 4258 910 4302 15
926 4264 981 4302 et
999 4258 1056 4302 m
1073 4258 1383 4303 milliaribus
1403 4258 1552 4302 multi
1573 4258 1642 4303 ad
1661 4268 1778 4301 eum
1806 4258 2117 4302 audiendum
2150 4264 2533 4311 accurrerent...
2565 4258 2845 4303 Ottvsntus
2874 4257 3177 4313 ulmam-158,

715 4330 794 4374 De
817 4330 978 4373 rebus
1001 4330 1290 4375 Societatis
1309 4330 1754 4383 commentarius,
1774 4340 1889 4384 cap.
1910 4340 1967 4379 11.
1988 4328 2015 4381 5
2034 4329 2076 4373 2.

792 4403 817 4434 ²
869 4402 984 4457 “qui
1005 4400 1362 4445 inhibitionem
1381 4402 1542 4445 semel
1573 4412 1606 4445 s
1633 4412 1690 4444 se
1727 4400 1943 4453 factam,
1974 4400 2043 4445 ad
2072 4401 2377 4445 instantiam
2408 4400 2846 4445 Reverendissimi
2882 4400 3182 4445 Cardinaiis

715 4472 938 4527 Angliae
960 4480 1355 4525 revocaverat...
1377 4472 1657 4515 Oui-antus
1676 4471 1977 4523 Mammeos.
2002 4471 2122 4515 ibid.

793 4544 816 4577 ὅ
871 4544 1004 4589 Vide
1025 4556 1200 4598 supra,
1223 4555 1340 4598 pag.
1363 4544 1458 4588 287.
1481 4556 1527 4587 n.
1543 4544 1640 4587 616.

795 4618 818 4649 ⁴
875 4615 1208 4661 Gubernator
1229 4616 1372 4659 urbis
1391 4614 1738 4658 Tot-nacensis
1759 4621 1876 4659 erat
1898 4614 2196 4659 Florentius
2227 4616 2288 4658 de
2320 4614 2727 4671 Montmorency,
2750 4614 2934 4660 Comes
2954 4617 3016 4659 de
3036 4615 3179 4659 Mon-

717 4688 880 4742 tigny.
903 4688 1196 4741 Danaes,
1214 4688 1246 4730 i.
1265 4698 1328 4740 c..
1345 4698 1465 4741 pag.
1485 4686 1582 4730 313.
