3742 5392
1680 518 1809 579 ΑΝ.
1852 496 1992 581 1554
3003 525 3078 581 93

590 666 913 730 studium
963 665 1353 747 impulerit,
1407 675 1476 730 et
1525 684 1714 730 vana
1771 666 2154 747 quaedam,
2207 684 2388 747 quae
2445 683 2576 747 pro
2635 684 2834 731 more
2895 667 3072 749 ejus-

602 773 795 837 modi
826 782 1313 837 matronarum
1342 773 1603 837 sectari
1642 774 1948 853 solebat,
1997 772 2369 853 abjicienS‚
2413 745 2689 838 summa
2733 793 2897 840 cum
2934 776 3072 856 pie-

604 888 749 945 tate
778 880 989 943 rebus
1019 879 1501 960 spiritualibus
1538 881 1879 958 vacabat;
1922 888 1991 943 et
2029 878 2179 959 ejus
2219 882 2544 962 exemplo
2583 882 2762 945 alias
2803 883 3076 946 nobiles

604 987 953 1051 foeminas
1008 985 1101 1050 ad
1155 986 1522 1051 meliorem
1576 985 1857 1067 frugem
1913 987 2272 1052 redituras
2319 988 2571 1052 merito
2623 990 3072 1070 sperabatur.

596 1092 973 1175 Quaedam
1000 1094 1219 1158 etiam
1247 1093 1388 1158 alia
1416 1094 1707 1173 nobiliS,
1755 1111 1971 1174 quam
2009 1112 2051 1157 a
2088 1094 2483 1176 simultate,
2525 1113 2740 1176 quam
2781 1097 3077 1177 gerebat

590 1218 767 1265 —cum
807 1218 1074 1281 genero
1117 1218 1201 1264 ac
1245 1199 1423 1281 filia,
1466 1201 1587 1263 alii
1631 1200 1984 1265 abducere
2021 1218 2163 1265 non
2192 1210 2609 1283 potuerant,
2643 1206 2929 1268 tandem
2960 1205 3076 1267 ob-

602 1307 868 1371 stinato
909 1324 1066 1371 esse
1107 1308 1347 1370 animo
1388 1306 1626 1387 desiit,
1669 1314 1741 1371 et
1778 1308 2046 1373 eisdem
2082 1318 2243 1389 post
2284 1308 2802 1375 confessionem
2843 1312 3076 1375 conci-

604 1415 777 1478 liata
806 1412 961 1479 fuit.

732 1521 867 1585 173.
955 1521 1095 1586 Sed
1150 1524 1514 1603 singulare
1577 1523 1714 1587 Dei
1782 1522 2202 1587 beneficium
2267 1524 2340 1587 in
2409 1524 2720 1605 quadam
2783 1525 3076 1589 muliere

605 1630 875 1708 enituit,
911 1647 1115 1710 quae,
1148 1647 1311 1693 cum
1341 1630 1736 1710 insignibus
1767 1628 1904 1693 Dei
1933 1630 2136 1693 donis
2164 1630 2520 1711 praedita,
2562 1631 2818 1711 viginti
2850 1650 3076 1695 annos

606 1736 678 1799 in
708 1736 1017 1816 quadam
1046 1736 1390 1817 religione
1426 1737 1854 1818 perstitisset
1877 1786 1891 1815 ,
1933 1754 2067 1800 nec
2107 1736 2196 1799 ad
2244 1736 2757 1817 professionem
2800 1739 3075 1803 admitti

606 1844 973 1924 potuisset,
1006 1843 1196 1924 quod
1224 1843 1407 1907 aliae
1445 1844 1859 1924 religiosae,
1903 1844 2069 1907 dum
2108 1843 2356 1907 timent
2398 1862 2486 1908 ne
2525 1854 2815 1926 propter
2853 1846 3074 1928 ipsius

606 1945 943 2013 virtutem
982 1950 1271 2031 reliquis
1320 1948 1847 2031 praeficeretur,
1882 1960 1960 2015 ut
1989 1950 2503 2030 professionem
2536 1953 2884 2016 emitteret
2930 1970 3074 2015 non

606 2066 809 2120 erant
844 2074 1133 2137 passae;
1176 2058 1391 2137 haec,
1439 2058 1757 2139 inquam,
1806 2066 2009 2120 tanta
2044 2055 2176 2121 fuit
2221 2059 2406 2121 mole
2448 2060 2916 2123 tentationum
2956 2077 3074 2140 op-

607 2182 877 2245 pressa,
925 2175 1001 2228 ut
1044 2166 1482 2229 monasterio
1526 2164 2034 2246 eggrederetur
2082 2174 2151 2227 et
2192 2165 2264 2228 in
2307 2165 2738 2245 gravissima
2775 2176 3072 2246 peccata

608 2272 972 2352 incideret;
1004 2272 1175 2336 etin
1202 2271 1575 2351 quusdam
1602 2273 1749 2353 lupi
1777 2289 1901 2335 ore
1932 2271 2328 2350 tenebatur,
2354 2273 2474 2353 qui
2503 2271 2899 2337 affirmabat
2924 2274 3073 2336 nul-

605 2381 754 2444 lum
781 2396 939 2443 esse
960 2389 1336 2461 peccatum
1365 2392 1439 2443 ut
1463 2397 1626 2443 cum
1655 2380 1811 2459 ipso
1839 2378 2145 2442 filiarum
2175 2380 2359 2442 Loth
2395 2380 2797 2459 exemplum
2849 2380 3070 2443 imita-

607 2496 825 2550 retur.
860 2486 974 2551 Ab
1002 2484 1152 2567 ejus
1180 2503 1357 2567 ergo
1386 2486 1710 2550 faucibus
1740 2506 1783 2549 a
1822 2484 2132 2549 Domino
2165 2494 2444 2567 erepta,
2489 2486 2659 2550 ovili
2697 2502 2826 2550 suo
2871 2487 3078 2550 resti-

605 2602 759 2658 tuta
788 2603 919 2657 est.
952 2594 1374 2658 Haereticus
1402 2594 1615 2657 etiam
1643 2594 1763 2674 qui
1804 2594 1922 2657 diu
1964 2611 2173 2657 sacra
2208 2591 2474 2674 J‘ejunia
2523 2602 3071 2674 contempserat,

594 2712 899 2765 sanctos
926 2718 1071 2766 non
1099 2718 1257 2765 esse
1287 2701 1597 2764 orandos
1622 2710 1982 2779 tenuerat,
2017 2700 2278 2764 Missae
2317 2699 2750 2764 sacrificium
2796 2710 2864 2764 et
2907 2718 3070 2764 con-

606 2806 987 2872 fessionem
1034 2807 1417 2889 rejecerat,
1469 2808 1647 2872 mira
1705 2807 2140 2888 poenitentia
2200 2807 2456 2872 ductus
2515 2816 2584 2870 et
2644 2825 2688 2870 a
2745 2806 3075 2871 Patribus

582 2914 871 2981 ‘nostris
936 2914 1255 2996 adJ’utuS,
1330 2915 1421 2979 ad
1501 2915 1866 2979 Ecclesiae
1933 2913 2300 2978 Romanae
2365 2914 2718 2994 gremium
2797 2914 3076 3008 penitus

608 3021 818 3086 rediit
846 3020 889 3085 ¹.

733 3129 869 3194 174.
953 3129 1364 3211 Spiritualia
1428 3130 1768 3193 exercitia
1836 3128 2256 3209 quibusdam
2331 3128 2698 3209 proposita
2763 3128 3072 3208 fuerunt;

584 3237 797 3318 -quod
838 3238 1017 3301 bene
1054 3235 1373 3301 merendi
1415 3236 1502 3299 de
1544 3234 1948 3299 hominibus
1978 3250 2236 3314 geum,
2288 3244 2366 3298 ut
2407 3232 2748 3299 Societati
2788 3244 3078 3299 nostrae

606 3344 817 3409 valde
872 3344 1258 3422 familiare,
1329 3343 1437 3406 sic
1492 3340 1720 3406 Roma
1780 3341 2355 3405 commendatum
2404 3339 2670 3420 fuerat,
2738 3352 2814 3405 ut
2865 3343 3080 3405 vellet

608 3452 685 3516 P.
717 3451 1037 3533 Ignatius
1084 3450 1219 3514 sibi
1268 3448 1507 3529 scribi,
1562 3448 1636 3514 in
1684 3448 1941 3511 litteris
1990 3456 2248 3511 octavo
2281 3465 2561 3529 quoque
2612 3448 2724 3511 die
2775 3448 3080 3512 Romam

588 3558 989 3639 mittendiS,
1023 3575 1116 3621 an
1144 3557 1359 3621 alicui
1387 3565 1974 3637 proponerentur.
2008 3554 2199 3617 Inter
2229 3554 2406 3617 alios
2452 3564 2729 3630 autem,
2778 3556 2898 3635 qui
2942 3555 3076 3619 hac

608 3668 885 3731 ratione
913 3664 1368 3745 profecerunt
1396 3675 1465 3727 et
1494 3663 1585 3726 a'd
1628 3662 2020 3741 Religionis
2058 3670 2323 3724 statum
2360 3661 2645 3725 accensi
2683 3672 2846 3725 sunt
2869 3713 2884 3741 ,
2934 3662 3075 3727 duo

610 3761 1099 3838 adolescentes
1139 3772 1368 3835 bonae
1417 3769 1672 3834 indolis
1723 3769 1797 3833 in
1838 3767 2267 3833 Societatem
2310 3777 2474 3832 sunt
2513 3767 2807 3832 admissi
2858 3768 2904 3833 ⁸.
2965 3769 3081 3834 Ad

666 3963 683 3995 ¹
740 3962 883 4017 Quae
911 3972 944 4007 ι
971 3972 1020 4005 ιι.
1046 3961 1121 4003 171
1142 3960 1404 4013 hucusque
1424 3958 1566 4003 dicta
1594 3963 1741 4011 sunt,
1763 3957 2092 4002 continentur
2109 3955 2286 3999 Patris
2304 3954 2545 3999 Andreae
2567 3955 2920 4011 Boninsegna.
2941 3956 3081 4002 litte-

610 4034 699 4087 ris.
720 4042 851 4088 quas
869 4033 1033 4076 habes
1052 4033 1105 4077 in
1128 4030 1368 4075 Litterae
1386 4028 1848 4083 Quadrimestres.
1868 4035 1908 4073 t.
1929 4038 1985 4082 11,
2007 4038 2128 4082 pag.
2147 4025 2245 4071 ⁶01.

661 4106 688 4138 ¹
738 4104 923 4151 “Circa
956 4105 992 4149 11
1027 4104 1287 4149 esset-citii
1305 4102 1570 4157 spirituali
1589 4102 1655 4146 m·
1672 4102 1743 4147 ha
1762 4110 2052 4145 commeseo
2069 4098 2260 4143 Nostro
2281 4097 2456 4142 Padre
2479 4098 2628 4143 desse
2648 4099 2854 4144 ricordo
2875 4101 2928 4144 in
2958 4102 3076 4156 ogni

589 4177 783 4223 ‘banda
800 4178 896 4221 che
916 4176 1195 4221 vedessero
1214 4176 1265 4219 di
1284 4174 1581 4229 adoperti-u
1602 4184 1699 4217 con
1719 4172 1945 4217 huomini
1970 4175 2023 4215 et
2037 4172 2199 4215 etiam
2213 4169 2380 4214 donne
2395 4169 2560 4224 (quali
2573 4174 2702 4225 pero
2717 4182 2955 4227 venenuo
2973 4174 3082 4217 alla

608 4250 787 4294 chiesa
806 4260 837 4293 a
856 4248 1120 4305 pioeliarli).
1136 4245 1448 4292 intendendo
1462 4245 1583 4290 delli
1600 4244 1859 4290 eesercizli
1877 4244 2014 4288 della
2032 4243 2204 4297 prima
2217 4242 2526 4295 semmua.
2545 4243 2829 4287 lmandoli
2857 4245 3078 4298 qualche

608 4320 756 4365 modo
776 4321 829 4366 di
845 4331 999 4364 orare
1020 4319 1241 4363 secondo
1262 4319 1298 4363 il
1316 4324 1472 4374 capto
1491 4318 1634 4373 lon-03
1654 4324 1709 4362 et
1730 4322 1912 4371 questo
1930 4315 1974 4360 ε·
1999 4315 2208 4359 intende
2225 4323 2382 4357 senza
2401 4323 2610 4357 serrare
2631 4315 2680 4357 le
2698 4325 2937 4369 persone,
2959 4318 3082 4361 anzi

610 4394 707 4436 che
726 4392 923 4448 piglino
940 4394 1129 4437 alcuna
1149 4392 1280 4436 hora
1299 4391 1335 4436 il
1354 4390 1536 4445 giorno
1556 4400 1651 4446 per
1669 4391 1743 4434 tal
1762 4388 1954 4439 εὔοικος
1973 4386 2164 4441 perche
2185 4386 2240 4429 in
2260 4389 2448 4439 questo
2469 4384 2619 4428 modo
2647 4384 2692 4429 si
2725 4389 2824 4440 puo
2854 4388 3082 4431 comuni·

612 4475 705 4509 car
724 4476 755 4509 a
776 4464 989 4509 multila
1010 4464 1185 4507 utilit&
1204 4463 1326 4507 delli
1347 4461 1623 4515 eesercizm
1646 4462 1813 4505 insino
1830 4460 1939 4505 alla
1961 4456 2288 4502 confessione
2319 4456 2566 4511 generale
2597 4462 2652 4501 et
2680 4458 2901 4511 qualche
2931 4460 3080 4504 modo

610 4536 665 4580 di
682 4546 835 4581 orare
856 4545 997 4579 come
1017 4538 1047 4579 e
1067 4534 1228 4579 detto.
1250 4534 1320 4578 Et
1349 4534 1463 4578 dice
1494 4532 1685 4577 Nostro
1712 4531 1886 4577 Padi-e
1915 4530 2012 4574 che
2045 4528 2164 4583 ogni
2193 4527 2481 4572 settimana
2508 4528 2663 4570 vuole
2689 4527 2736 4570 si
2767 4528 2804 4572 li
2822 4529 3000 4573 scritta
3025 4542 3081 4575 ee

596 4607 787 4651 ⁸⁷niente
805 4608 848 4651 si
870 4608 923 4652 fa
943 4607 1085 4651 circa
1114 4606 1151 4650 11
1187 4604 1466 4659 essereizii,
1500 4605 1611 4649 eloe
1642 4604 1823 4658 quanti
1852 4602 1889 4646 li
1922 4601 2170 4657 pignano,
2203 4610 2232 4643 o
2271 4608 2402 4643 vero
2435 4598 2616 4652 quanti
2645 4598 2818 4643 hanno
2851 4612 3020 4646 moeso
3049 4614 3084 4647 a

616 4680 753 4735 terli,
768 4692 916 4725 come
934 4680 1101 4725 anche
1121 4680 1204 4723 del
1224 4690 1437 4723 numero
1460 4678 1583 4723 delli
1602 4677 1847 4723 scholari.

696 4752 822 4807 „Per
841 4753 938 4797 dar
966 4754 1003 4797 li
1024 4752 1281 4797 essercizii
1304 4755 1667 4795 exactamente
1687 4782 1699 4805 ,
1720 4759 1819 4793 non
1839 4747 2058 4803 bisogna
2078 4740 2364 4791 estenderei
2402 4747 2578 4795 tantm
2597 4742 2713 4787 anzi
2733 4744 2775 4787 si
2798 4745 3083 4791 doveriano
