3742 5392
688 515 798 573 60⁴
1613 518 1865 579 Canon.
1911 518 2063 579 Soc.
2117 520 2243 591 las.

694 662 1045 741 quasdam
1082 662 1535 727 mulierculas
1582 666 1813 745 turpis
1854 666 2072 745 vitae,
2124 684 2308 747 quae
2354 676 2523 732 ante
2562 668 2758 732 fores
2797 669 3164 749 collegioli

696 767 921 833 nostri
938 770 1386 849 habitabant,
1420 771 1582 835 inde
1610 770 1773 851 ejici
1795 771 2180 853 jussurum,
2208 773 2276 836 id
2297 775 2586 839 minime
2603 774 2798 854 fecit,
2823 790 3166 857 necopus

700 874 998 955 Collegii
1020 876 1225 957 juxta
1254 879 1608 959 promissa
1637 881 2224 961 prosequebatur.

826 981 1003 1047 1284.
1088 982 1227 1048 Sed
1256 994 1553 1065 peccata
1582 986 1861 1067 publica
1895 986 2127 1068 magis
2155 990 2567 1069 premebant
2605 988 2686 1052 Ρ..
2716 988 3148 1072 Cornelium,

698 1089 825 1170 qui
862 1089 1182 1155 decrevit
1222 1091 1410 1155 serio
1456 1090 1727 1173 Regem
1765 1094 2051 1175 alloqui,
2097 1104 2166 1159 et
2195 1096 2283 1158 de
2311 1096 2460 1161 suis
2499 1096 2819 1177 peccatis
2847 1114 3008 1161 eum
3039 1098 3160 1161 ad-

702 1214 1012 1274 monere,
1066 1206 1135 1261 et
1172 1198 1246 1261 id
1282 1200 1735 1278 peculiariter
1772 1218 1937 1264 cum
1975 1218 2064 1264 eo
2105 1202 2275 1281 egit,
2307 1212 2385 1266 ut
2427 1204 2894 1267 concubinam
2931 1204 3149 1283 illam,

701 1322 917 1385 quam
942 1303 1017 1367 in
1042 1321 1337 1371 uxorem
1368 1306 1690 1385 duxerat,
1740 1308 1814 1372 in
1842 1308 2056 1372 domo
2101 1326 2272 1373 suae
2311 1311 2562 1374 matris
2602 1312 3013 1375 collocaret.
3045 1311 3160 1375 Ex

701 1411 839 1475 hac
870 1412 1369 1493 admonitione,
1402 1426 1479 1477 ut
1510 1414 1780 1479 veritas
1810 1416 2050 1480 odium
2080 1417 2290 1497 parit,
2343 1416 2494 1497 ejus
2511 1418 2796 1481 animus
2819 1436 2860 1481 a
2883 1414 2961 1481 P.
2987 1416 3152 1483 Cor-

698 1517 886 1584 nelio
912 1520 1147 1599 magis
1194 1538 1281 1583 ac
1318 1522 1551 1601 magis
1582 1522 1855 1587 alienus
1898 1524 2348 1602 reddebatur,
2392 1534 2462 1588 et
2489 1526 2804 1588 maxima
2842 1525 2915 1588 in
2952 1536 3162 1606 parte

702 1624 1313 1707 Quadragesimae
1341 1630 1434 1693 ad
1464 1630 1839 1694 ecclesiam
1867 1648 2010 1696 non
2039 1632 2258 1709 venit,
2291 1632 2621 1713 quamvis
2645 1630 2942 1696 Missam
2969 1632 3151 1696 inter

702 1750 872 1797 suas
922 1736 1357 1804 concubinas
1390 1737 1533 1801 dici
1566 1736 1879 1819 jubebat;
1921 1748 1988 1801 et
2030 1738 2194 1818 quia
2233 1739 2512 1803 dixerat
2547 1739 2615 1802 ei
2661 1738 2737 1804 P.
2785 1739 3162 1803 Cornelius

702 1866 845 1912 non
894 1848 1160 1913 habere
1198 1864 1277 1911 se
1315 1845 1483 1927 quid
1524 1856 1769 1925 ageret
1808 1846 1879 1908 in
1917 1862 2144 1925 regno
2175 1846 2438 1925 Congi,
2473 1846 2534 1909 si
2564 1848 2715 1927 ipse
2759 1848 2984 1909 vitam
3021 1863 3170 1909 non

707 1955 1143 2033 emendaret,
1174 1970 1337 2017 cum
1366 1952 1458 2017 ad
1488 1953 1560 2016 id
1590 1953 2036 2034 potissimum
2059 1954 2395 2031 venisset,
2430 1954 2610 2017 dixit
2633 1953 2937 2033 publice:
2963 1952 3171 2033 “quid

709 2063 809 2126 illi
848 2079 1130 2127 mecum
1171 2062 1307 2125 est?
1345 2059 1420 2127 Si
1459 2062 1674 2139 volet,
1717 2078 1923 2125 suum
1968 2061 2346 2140 collegium
2382 2060 2625 2140 faciat,
2657 2071 2725 2124 et
2763 2076 2907 2124 non
2950 2060 3044 2123 sit
3075 2060 3184 2123 illi

706 2186 987 2234 mecum
1010 2168 1439 2249 negotium„;
1471 2179 1540 2232 et
1570 2169 1662 2231 ad
1691 2168 1762 2231 id
1792 2167 2138 2248 quasdam
2157 2186 2250 2231 ex
2275 2169 2412 2232 illis
2441 2168 2872 2231 mulierculis
2895 2164 3050 2248 ejici
3084 2186 3176 2231 ex

708 2277 975 2340 vicinia
1006 2276 1183 2339 certi
1212 2276 1495 2355 collegii
1519 2273 1747 2354 jussit,
1781 2285 1851 2337 et
1881 2275 2164 2339 cuidam
2191 2294 2282 2339 ex
2307 2275 2661 2338 nobilibus
2687 2275 2837 2339 suis
2864 2273 3174 2355 injunxit

710 2392 786 2447 ut
814 2384 889 2447 in
918 2398 1123 2447 usum
1148 2398 1527 2463 puerorum
1559 2380 1846 2445 domum
1878 2382 2390 2447 conficiendam
2419 2392 2726 2459 curaret;
2759 2391 2829 2445 et
2857 2382 3034 2444 haec
3065 2381 3164 2443 vi·

706 2492 1013 2555 debatur
1040 2488 1259 2570 Regis
1287 2507 1445 2554 esse
1474 2508 1695 2568 menS,
1740 2501 1815 2553 ut
1844 2506 1978 2553 suo
2007 2507 2200 2554 more
2239 2490 2486 2553 vivere
2517 2498 2779 2569 posset,
2811 2490 2982 2551 etin
3025 2490 3166 2551 col-

712 2598 897 2677 legio
926 2597 1365 2662 conficiendo
1394 2597 1468 2661 id
1494 2596 1716 2677 fieret,
1752 2597 1942 2678 quod
1971 2598 2107 2678 ipsi
2142 2597 2157 2629 ¹
2187 2598 2567 2661 videretur.

840 2704 1013 2769 1285.
1098 2704 1282 2769 Cum
1328 2716 1566 2769 autem
1621 2704 1898 2769 videret
1947 2705 2022 2768 P.
2079 2704 2453 2769 Cornelius
2510 2703 2699 2785 quod
2755 2703 3176 2767 scandalum

716 2822 1034 2891 augeret,
1068 2828 1199 2875 nec
1228 2813 1319 2875 ad
1342 2812 1724 2877 ecclesiam
1749 2812 2202 2892 egrediend0‚
2255 2830 2388 2876 nec
2430 2812 2943 2893 processioneS‚
2990 2824 3169 2891 quae

714 2919 963 2983 diebus
1000 2918 1285 2982 veneris
1321 2918 1605 2997 fiebant,
1638 2919 2075 2996 comitando,
2117 2919 2353 2999 coepit
2382 2921 2634 2982 timere
2659 2936 2750 2981 ne
2779 2918 3076 2998 ipsemet
3106 2916 3180 2978 in

720 3036 1092 3105 peccatum
1122 3026 1410 3107 aliquod
1438 3027 1870 3105 incurreret,
1903 3027 1966 3089 si
2003 3042 2144 3089 non
2190 3025 2638 3089 satisfaceret
2679 3025 2918 3105 aliquo
2969 3024 3186 3087 modo

716 3133 1080 3209 scandam,
1112 3144 1181 3195 et
1210 3134 1396 3196 hanc
1422 3133 1773 3197 rationem
1802 3132 2289 3197 satisfaciendi
2327 3133 2605 3209 inierat,
2649 3140 2728 3194 ut
2777 3131 2930 3211 ipse
2967 3148 3064 3193 ex
3095 3146 3184 3193 eo

718 3256 943 3319 regno
986 3238 1376 3319 recederet3
1418 3240 1543 3303 sed
1584 3256 1745 3303 cum
1788 3240 2182 3319 periculum
2223 3239 2624 3303 immineret
2661 3237 2843 3301 albis
2887 3236 3184 3299 homini-

716 3346 871 3425 buS,
902 3354 1269 3425 tamquam
1289 3362 1455 3409 cum
1478 3346 1633 3426 ipso
1655 3344 1731 3409 Ρ.
1759 3345 2092 3410 Cornelio
2121 3346 2486 3423 sentirent,
2509 3356 2579 3407 et
2599 3360 2766 3407 cum
2789 3352 3191 3423 praetorem

720 3461 789 3515 et
816 3451 1283 3515 secretarium
1324 3468 1527 3515 suum
1577 3452 1827 3516 officiis
1866 3453 2245 3533 privasset,
2285 3469 2372 3515 ac
2412 3452 2680 3515 diceret
2724 3451 2913 3531 quod
2957 3449 3195 3531 hujus-

722 3558 911 3622 modi
956 3558 1279 3623 homines
1328 3558 1467 3622 albi
1515 3570 1770 3621 contra
1820 3559 2053 3639 ipsum
2101 3559 2658 3639 conspirassent,
2705 3558 2885 3621 inter
2913 3572 3094 3637 quos
3123 3568 3194 3619 et

721 3666 872 3746 ipse
919 3664 1469 3746 Pro-episcopus
1505 3680 1575 3727 et
1609 3664 2094 3729 confessarius
2131 3666 2708 3743 nominabantur,
2740 3663 2992 3727 relicto
3017 3680 3186 3727 con-

720 3772 879 3835 silio
908 3770 1344 3851 discedendi,
1370 3772 1694 3835 decrevit
1722 3772 2141 3837 satisfacere
2171 3773 2511 3836 scandalo
2549 3788 2678 3853 per
2723 3769 3190 3852 praedicatio-

722 3896 907 3958 nem,
940 3890 1009 3942 et
1037 3880 1137 3943 ita
1166 3880 1561 3943 declaravit
1589 3880 2138 3943 concubinatum
2181 3880 2499 3944 illicitum
2533 3894 2719 3957 esse,
2753 3888 2824 3943 et
2850 3877 3187 3941 concubi-

724 3986 968 4049 narios
996 3986 1317 4066 publicos
1343 4004 1486 4050 non
1516 4004 1672 4050 esse
1702 3985 1793 4049 ad
1822 3994 2273 4050 sacramenta
2313 3986 2792 4051 admittendos
2811 4034 2826 4065 ,
2871 4000 3003 4049 nec
3033 4000 3180 4058 e08‚

724 4093 845 4174 qui
872 4110 1125 4157 servos
1152 4110 1320 4157 suos
1346 4094 1896 4157 concubinarios
1925 4094 2112 4157 intra
2145 4102 2388 4173 portas
2417 4111 2588 4157 suae
2609 4092 2869 4155 domus
2889 4092 3196 4155 habent·

725 4199 931 4264 Prius
973 4211 1212 4263 tamen
1242 4216 1455 4280 quam
1495 4202 2063 4279 concionaretur,
2117 4199 2386 4281 Regem
2427 4198 2764 4281 privatim
2807 4197 3194 4261 admonere

726 4308 973 4385 voluit,
1006 4308 1132 4371 sed
1162 4324 1303 4371 non
1353 4318 1461 4371 est
1504 4307 1861 4371 admissus
1897 4308 1992 4371 ad
2021 4308 2474 4387 colloquium,
2527 4322 2660 4371 nec
2696 4304 2816 4368 ille
2857 4303 3190 4367 concioni

726 4414 1062 4479 interfuit.
1110 4414 1291 4494 Quia
1328 4424 1569 4477 tamen
1610 4415 1681 4477 in
1724 4430 1990 4493 genere
2035 4416 2504 4478 concionatus
2551 4411 2810 4491 fuerat,
2857 4410 3008 4474 Rex
3057 4426 3202 4472 non

812 4624 827 4655 ¹
888 4622 1102 4666 Scilicet
1123 4622 1233 4676 ipsi
1254 4620 1311 4665 P.
1338 4621 1593 4675 Cornelio,
1614 4620 1696 4665 eui
1718 4632 1914 4665 morem
1937 4631 2120 4675 gerere
2141 4620 2194 4663 in
2215 4620 2293 4673 iis,
2317 4630 2448 4673 quae
2471 4618 2540 4662 nd
2561 4616 2848 4671 Collegium
2865 4616 3202 4671 pertinebant

730 4692 839 4737 Rex
862 4695 1207 4747 promittebat
1226 4726 1236 4742 .
1276 4692 1553 4737 qumodo
1588 4690 1749 4747 ipsius
1770 4693 1906 4737 vitia
1933 4700 1986 4736 et
2019 4690 2273 4735 acmul-
2307 4700 2525 4744 carpere
2559 4688 2839 4731 desineret.
2875 4686 3010 4731 vid-e
3047 4685 3206 4737 infra,

728 4776 778 4808 n.
802 4764 925 4808 1287.
