3742 5392
686 487 797 547 606
1618 489 1876 551 Cimon.
1915 440 2074 551 Soc..
2111 490 2250 562 Jsss.

686 632 953 697 dictum
982 632 1266 697 auferre
1292 644 1363 698 et
1392 635 1531 699 alio
1561 635 1976 714 transferre,
2008 634 2582 715 quandoquidem
2619 651 2746 715 per
2786 633 2863 697 P.
2895 632 3166 699 Corne-

684 740 853 803 lium
886 740 989 804 sic
1016 740 1375 805 facturum
1402 741 1962 823 significaverat.
2005 743 2066 805 si
2109 742 2334 805 vitam
2372 760 2516 805 non
2559 740 2992 821 emendaret,
3040 744 3160 805 vel

686 856 763 909 ut
792 864 911 909 res
939 847 1170 927 Congi
1196 866 1341 911 non
1368 858 1677 915 curaret:
1704 850 2014 929 primum
2043 848 2432 914 remedium
2453 850 2718 913 certius
2739 848 3152 923 arbitratur,

686 954 813 1017 sed
836 971 981 1017 non
1008 954 1173 1018 sine.
1190 956 1433 1037 aliquo
1462 956 1779 1036 periculo
1806 956 2177 1019 hun-um
2199 956 2550 1031 alhorm,
2579 974 2624 1018 a
2652 955 2914 1036 >quihus
2941 954 3170 1035 Regis

684 1062 965 1125 animus
1004 1063 1275 1126 alienus
1313 1061 1463 1142 iam
1502 1062 1900 1141 videbatur,
1943 1080 2110 1126 cum
2147 1062 2294 1126 fere
2337 1080 2583 1127 omnes
2621 1063 2958 1126 recedere
2994 1060 3158 1125 inde

684 1169 973 1247 vellent,
1020 1178 1089 1232 et
1132 1167 1291 1233 ideo
1321 1170 1663 1249 paulatim
1706 1169 2096 1235 remedium
2137 1169 2306 1232 illud
2335 1167 2832 1249 exequendum
2877 1168 3164 1238 videba-

683 1286 821 1355 tur,
856 1285 925 1340 et
954 1292 1099 1339 non
1128 1276 1371 1340 statim
1398 1294 1557 1340 esse
1586 1276 2095 1341 commercium
2116 1276 2696 1354 subtrahendum;
2735 1276 2797 1339 si
2835 1276 3022 1341 enim
3055 1277 3164 1339 vi-

684 1383 883 1446 deret
906 1380 1064 1447 Rex
1093 1383 1281 1463 quod
1310 1383 1633 1447 subtrahi
1678 1384 2046 1464 inciperet,
2091 1383 2275 1447 forte
2317 1382 2411 1447 ad
2449 1383 2922 1447 obedientiam
2946 1382 3161 1447 redu-

684 1498 991 1553 ceretur:
1041 1489 1170 1553 2³¹·
1196 1498 1437 1554 autem
1486 1490 1737 1554 modus
1775 1508 1893 1554 res
1947 1508 2090 1553 non
2135 1490 2431 1554 curandi
2475 1507 2638 1554 cum
2692 1490 2973 1569 magnis
3023 1489 3160 1553 Dei

686 1595 977 1659 offensis
1015 1594 1437 1677 conjunctus
1478 1609 1689 1676 essct,
1737 1616 1922 1679 quae
1966 1600 2096 1662 sub
2136 1598 2422 1663 nomine
2463 1598 3017 1662 christianorum
3061 1598 3158 1661 ibi

680 1702 963 1782 fiebant,
1010 1722 1177 1767 nam
1220 1705 1631 1769 sacerdotes
1673 1715 1742 1769 et
1788 1706 1932 1770 albi
1974 1706 2296 1770 homines
2337 1706 2644 1788 pessime
2681 1706 3046 1783 vivebant,
3081 1715 3151 1768 et

682 1811 833 1891 ipse
864 1810 1201 1875 Vicarius
1227 1828 1355 1876 seu
1404 1811 1950 1894 Pro-episcopus
1996 1830 2168 1893 prae
2205 1814 2510 1877 caeteris
2538 1814 2938 1877 contrarius
2987 1812 3144 1875 effe-

681 1928 840 1982 ctus
869 1918 1129 1983 erat-P.
1164 1919 1517 2000 Cornelio,
1538 1930 1605 1985 et
1636 1921 1751 1985 ille
1782 1922 2152 2002 impedivit
2183 1920 2518 1999 fructum,
2539 1921 2655 2001 qui
2671 1919 3152 2001 Quadragesi·

686 2041 801 2089 ma
850 2026 1237 2106 praeterita
1277 2045 1320 2090 a
1356 2026 1554 2107 Rege
1593 2029 1866 2108 sperari
1907 2037 2210 2109 poterat,
2256 2038 2326 2092 et
2365 2037 2609 2109 aperte
2653 2044 2730 2091 se
2760 2026 2989 2091 officio
3018 2044 3158 2091 suo

682 2133 1055 2214 indignum
1083 2134 1524 2213 ostendebat,
1559 2152 1721 2199 cum
1750 2136 1964 2199 etiam
1992 2135 2136 2213 illa,
2168 2152 2352 2215 quae
2385 2135 2476 2198 ad
2508 2135 2981 2215 gravissimas
3008 2133 3147 2198 Dei

680 2240 988 2305 offensas
1018 2241 1490 2321 pertinebant,
1522 2242 1675 2305 sine
1724 2244 1866 2305 ulla
1917 2242 2541 2306 animadversione
2570 2242 2918 2322 impunita
2949 2241 3159 2304 relin-

680 2355 949 2429 queret,
983 2358 1055 2412 et
1083 2348 1257 2413 nihil
1280 2348 1461 2429 Regi
1488 2350 1722 2413 dicere
1746 2350 2054 2429 volebat,
2084 2349 2272 2430 quod
2294 2349 2429 2430 ipsi
2451 2349 2884 2427 displiceret;
2909 2365 3152 2411 mona·

679 2455 857 2517 chus
886 2454 1267 2534 aliquando
1310 2454 1563 2534 fuerat,
1608 2463 1677 2519 et
1721 2454 1867 2534 jam
1909 2464 2356 2519 mercaturae
2393 2464 2464 2519 et
2509 2455 2836 2535 augendo
2869 2456 3153 2536 peculio

678 2561 893 2624 dabat
922 2578 1235 2641 operam,
1270 2569 1339 2625 et
1370 2578 1511 2628 non
1538 2579 1695 2625 esse
1724 2563 2106 2626 mittendos
2135 2563 2545 2625 sacerdotes
2585 2564 2890 2643 amplius
2931 2562 3004 2626 in
3045 2581 3144 2627 re-

677 2652 899 2748 gnum
916 2666 1146 2749 Congi
1170 2678 1411 2733 censet
1441 2687 1573 2733 nec
1596 2671 2019 2751 neophytos:
2047 2670 2504 2750 proverbium
2529 2670 2669 2732 hoc
2698 2669 3144 2734 circumfere-

678 2776 908 2853 batur,
947 2776 1184 2839 omnia
1217 2776 1505 2840 tandem
1548 2777 1849 2857 pecunia
1883 2776 2230 2857 superari,
2265 2784 2334 2839 et
2373 2776 2472 2839 ita
2501 2776 2568 2839 ei
2597 2776 2962 2856 parandae
2991 2777 3148 2840 uni--

680 2900 763 2945 ce
792 2881 1175 2945 vacabant.

798 2986 974 3052 1289.
1060 2989 1411 3053 Veniebat
1459 3000 1700 3054 autem
1750 2990 1822 3053 in
1870 2998 2180 3053 mentem
2238 2987 2326 3052 P.
2382 2989 2714 3054 Cornelio
2771 2989 3138 3071 propriam

679 3096 1087 3160 missionem
1144 3096 1297 3161 fore
1344 3096 1361 3129 ¹
1413 3106 1716 3177 quatuor
1775 3100 1884 3161 vel
1948 3098 2256 3186 quinque
2309 3097 2722 3161 sacerdotes
2769 3096 3151 3161 Societatis

674 3211 964 3267 nostrae
992 3202 1317 3283 Congum
1345 3204 1726 3268 mittendos
1752 3222 1934 3283 esse,
1971 3214 2046 3268 ut
2092 3206 2211 3268 alii
2251 3207 2659 3269 saeculares
2704 3198 3138 3281 sacerdoteS,

678 3328 764 3373 ac
794 3310 1004 3374 simul
1032 3320 1495 3389 mercatoreS,
1528 3310 1691 3375 inde
1718 3311 2166 3391 ejicerentur,
2201 3330 2290 3375 ne
2319 3313 2609 3375 omnino
2651 3328 2952 3392 regnum
2971 3312 3146 3374 illud

676 3428 935 3495 rueret,
969 3418 1157 3497 quod
1188 3418 1279 3481 ad
1306 3418 1726 3497 religionem
1756 3421 2034 3497 attinet,
2068 3430 2137 3483 et
2167 3418 2349 3484 sorte
2378 3420 2534 3484 Rex
2575 3438 2660 3483 ea
2691 3420 2966 3483 ratione
2997 3436 3140 3481 mo-

676 3542 793 3587 res
832 3533 1235 3589 mutaturus
1274 3534 1451 3603 erat,
1506 3535 1574 3589 et
1612 3527 1755 3591 alia
1793 3529 2104 3592 maxima
2151 3528 2334 3591 bona
2379 3528 2542 3591 inde
2585 3528 2878 3591 oritura.
2921 3526 3145 3590 Erant

682 3631 895 3711 enim,
948 3634 1067 3713 qui
1110 3650 1251 3697 non
1301 3633 1455 3696 sine
1504 3651 1723 3697 causa
1766 3636 2302 3716 suspicarentur
2340 3636 2530 3715 quod
2573 3635 2690 3698 isti
2731 3633 3144 3698 sacerdotes

679 3738 994 3802 animum
1023 3738 1241 3817 Regis
1266 3740 1667 3805 irritassent
1697 3753 1948 3806 contra
1978 3740 2056 3807 P.
2089 3740 2516 3806 Cornelium.
2549 3740 2794 3806 Solum
2821 3741 2895 3805 id
2919 3740 3136 3822 impe·

678 3844 831 3908 dire
860 3846 1045 3910 hanc
1076 3846 1483 3911 missionem
1498 3848 1896 3928 videbatur,
1931 3850 2119 3929 quod
2151 3849 2318 3912 alibi
2341 3847 2718 3914 Societatis
2747 3864 2963 3929 opera
2997 3850 3152 3910 val—

679 3951 767 4015 de
796 3954 1201 4017 necessaria
1227 3963 1435 4019 esset:
1469 3956 1815 4019 sentiebat
1838 3956 2053 4020 etiam
2075 3958 2352 4037 legatos
2375 3954 2592 4035 Regis
2615 3954 2941 4035 Angolae
2961 3954 3142 4018 bene

678 4058 1157 4141 expediendos
1185 4077 1343 4124 esse
1374 4080 1415 4125 a
1437 4062 1633 4142 Rege
1664 4061 2165 4143 Portugalliae,
2202 4080 2363 4126 cum
2399 4063 2666 4126 auxilio
2701 4061 2870 4125 dato
2900 4062 2993 4126 ad
3023 4080 3147 4124 eo·-

676 4183 837 4230 rum
866 4169 1403 4233 conversionem
1435 4170 1527 4233 ad
1554 4169 1765 4234 fidem
1792 4169 2104 4245 Christi,
2125 4188 2268 4233 non
2307 4180 2545 4234 tamen
2585 4169 2918 4233 continuo
2953 4187 3138 4232 com·

676 4274 1019 4338 mercium
1048 4274 1277 4355 Congi
1308 4294 1393 4340 eo
1439 4276 2029 4356 transferendum,
2076 4278 2202 4341 sed
2239 4278 2614 4358 paulatim,
2645 4285 2722 4341 ut
2761 4276 3088 4358 superius
3116 4275 3150 4306 ²²

677 4380 940 4445 dictum
970 4393 1097 4447 est:
1133 4383 1323 4465 quod
1352 4384 1413 4447 si
1443 4386 1659 4447 nollet
1701 4383 1857 4447 Rex
1897 4383 2377 4464 Portugalliae
2406 4398 2674 4448 novum
2703 4383 3016 4463 legatum
3047 4382 3146 4445 ad.

760 4662 773 4693 ¹
832 4659 1125 4707 missionem
1144 4663 1429 4718 propriam
1451 4664 1483 4707 i.
1506 4674 1549 4706 e.
1572 4664 1981 4707 convenientem
2006 4663 2135 4706 fore.

753 4732 775 4761 ²
830 4730 966 4777 Vide
988 4746 1041 4777 n.
1068 4732 1189 4780 1288.
