3742 5392
1642 508 1770 566 AN.
1817 507 1958 567 1554
2975 509 3058 567 93

578 652 799 719 filium
828 670 1035 718 suum
1065 654 1159 718 ad
1200 653 1484 718 scholas
1523 653 1943 717 mittendum
1971 653 2554 719 inflammaretur.
2600 653 2850 719 Altera
2893 672 3047 719 ora-

578 761 677 824 tio
727 762 814 825 de
862 760 1252 825 Nativitate
1301 759 1589 824 Domini
1633 760 1876 823 habita
1927 760 2058 824 fuit
2098 760 2211 823 his
2247 758 2448 824 festis
2491 762 2856 825 natalitiis.
2911 761 3050 827 Cu-

570 866 852 948 iusdam
882 876 1119 931 autem
1147 866 1349 948 pueri
1376 875 1579 947 pater
1619 876 1990 948 tantopere
2029 867 2249 931 filium
2285 867 2660 947 quemdam
2707 884 2910 932 suum
2954 870 3051 933 ad

582 974 871 1039 scholas
918 974 1198 1037 mittere
1247 974 1609 1054 cupiebat,
1653 991 1862 1054 quem
1903 974 2126 1037 nostri
2164 991 2309 1037 non
2345 973 2810 1039 admittebant
2851 976 3042 1057 quod

580 1082 760 1145 bene
796 1082 1036 1161 legere
1071 1090 1141 1143 et
1184 1080 1495 1145 scribere
1534 1080 1870 1159 nesciret,
1915 1090 1990 1145 ut
2021 1098 2302 1145 omnem
2341 1081 2649 1161 lapidem
2692 1100 2768 1145 se
2812 1094 3041 1147 motu·

574 1206 733 1252 rum
758 1187 1141 1267 affirmanS,
1162 1197 1239 1251 ut
1260 1186 1443 1251 filius
1464 1188 1686 1268 ipsius
1709 1187 2219 1267 admitteretur,
2239 1190 2790 1268 gubernatorem
2817 1187 2834 1221 ¹
2859 1190 3042 1256 adie-

571 1296 696 1373 rit,
730 1296 852 1376 qui
888 1296 961 1359 in
1005 1296 1113 1359 sui
1155 1295 1466 1375 gratiam
1500 1296 1892 1376 postulavit
1931 1295 2277 1360 instanter
2317 1313 2480 1359 cum
2516 1296 2636 1360 illo
2679 1314 2900 1378 puero
2941 1296 3052 1361 di-

574 1403 931 1483 spensari,
982 1420 1195 1483 quem
1242 1411 1322 1466 ut
1367 1401 1587 1467 filium
1622 1402 1947 1467 habebat.
1990 1402 2377 1483 Postquam
2419 1392 2661 1467 aestus
2712 1405 3045 1483 accessit,

572 1510 689 1573 vel
744 1510 937 1590 quod
990 1519 1269 1591 tempus
1318 1510 1409 1574 ad
1459 1506 1692 1573 studia
1742 1510 1974 1573 minus
2022 1520 2210 1573 esset
2261 1509 2624 1588 idoneum,
2677 1512 2794 1574 vel
2855 1512 3046 1591 quod

572 1617 777 1680 multi
820 1618 1091 1697 passim
1144 1636 1235 1681 ex
1288 1618 1595 1698 quodam
1643 1617 1856 1698 gravi
1904 1617 2152 1680 morbo
2205 1615 2518 1681 Mutinae
2565 1627 3034 1695 morerentur,

572 1741 913 1787 numerus
937 1724 1532 1788 scholasticorum
1561 1724 1973 1789 imminutus
1995 1724 2152 1788 fuit.

699 1830 833 1895 170.
919 1831 1143 1895 Erant
1171 1831 1397 1894 nostri
1425 1832 1497 1896 in
1527 1831 1737 1895 domo
1779 1831 2248 1907 conductitia,
2291 1842 2360 1895 et
2404 1831 2616 1896 amici
2658 1832 3040 1897 vehemen-

570 1948 680 2001 ter
710 1938 1091 2019 cupiebant
1119 1947 1187 2002 et
1218 1938 1515 2002 sollicite
1545 1939 1857 2017 agebant
1887 1938 1975 2002 de
2003 1940 2161 2001 loco
2190 1939 2427 2019 aliquo
2465 1940 2755 2020 proprio
2799 1937 3040 2005 Socie-

574 2045 703 2109 tati
734 2044 1076 2125 curando;
1106 2062 1241 2109 nec
1271 2043 1456 2108 enirn
1485 2044 1784 2108 libenter
1813 2045 1888 2108 in
1918 2045 2154 2109 vicino
2185 2047 2448 2126 templo
2479 2046 2868 2110 ministeria
2913 2046 3036 2112 So·

573 2152 851 2216 cietatis
900 2169 1237 2216 exercere
1285 2152 1908 2233 permittebantur,
1956 2162 2026 2215 et
2070 2154 2160 2216 ad
2203 2151 2732 2218 Conversarum
2774 2155 3038 2231 locum,

571 2269 857 2342 praeter
900 2277 1115 2341 quam
1154 2260 1347 2341 quod
1384 2276 1637 2341 parum
1676 2277 1911 2341 capax
1949 2268 2136 2339 erat,
2176 2276 2320 2323 non
2363 2260 2662 2325 libenter
2697 2261 2920 2342 aliqui
2959 2280 3035 2326 se

575 2367 1054 2446 conferebant,
1089 2385 1177 2430 ne
1207 2366 1343 2447 ipsi
1372 2367 1703 2430 conversi
1733 2367 2156 2430 dicerentur.
2183 2366 2293 2430 De
2315 2366 2578 2448 exigua
2599 2368 2908 2449 quadam
2928 2387 3038 2432 ec—

570 2475 789 2538 clesia
822 2473 911 2537 D.
947 2473 1243 2537 Antonii
1272 2483 1574 2554 egerunt
1610 2474 1868 2549 nostri;
1911 2475 2072 2552 sed,
2114 2484 2401 2554 praeter
2438 2491 2652 2555 quam
2689 2475 2876 2555 quod
2917 2494 3036 2539 an-

572 2592 789 2663 gusta
816 2592 1004 2662 erat,
1039 2599 1181 2645 non
1209 2580 1419 2645 facile
1447 2581 1750 2646 obtineri
1779 2590 2060 2663 poterat
2087 2580 2146 2660 ‘;
2180 2580 2340 2645 ideo
2373 2599 2589 2662 agere
2629 2570 2840 2646 amici
2881 2600 3040 2645 coe-

566 2699 821 2769 perunt
851 2689 937 2753 de
966 2688 1191 2768 priori
1220 2690 1376 2752 loco
1406 2687 1535 2753 Sti.
1568 2687 1988 2752 Bernardini
2017 2689 2423 2770 repetendo;
2457 2698 2528 2752 et
2549 2689 2714 2770 quia
2742 2689 3031 2753 relictus

570 2815 615 2858 a
652 2796 915 2860 nostris
954 2796 1187 2861 fuerat
1222 2805 1515 2877 propter
1550 2796 2077 2859 incommodam
2114 2795 2653 2874 habitationem,
2695 2795 2827 2860 fuit
2865 2799 3034 2861 ami-

567 2920 694 2966 cus
722 2903 1033 2983 quidam,
1066 2903 1187 2984 qui
1214 2905 1361 2966 suis
1396 2904 1725 2984 expensis
1748 2902 2100 2966 fabricare
2123 2903 2446 2966 cubicula
2469 2920 2659 2965 nova
2683 2912 2754 2965 et
2775 2903 3031 2967 altiora

566 3010 821 3087 voluit3
869 3020 940 3074 et
978 3008 1053 3073 P.
1099 3009 1418 3089 Ignatius
1458 3010 1822 3073 consultus
1863 3017 1969 3072 est
2009 3026 2102 3072 an
2143 3010 2380 3073 locum
2420 3009 2615 3073 illum
2658 3008 3033 3074 admittere

566 3118 1004 3181 conveniret.
1040 3116 1295 3180 Visum
1322 3124 1562 3180 autem
1590 3116 1719 3180 fuit
1755 3116 1833 3180 P.
1876 3116 2154 3196 Ignatio
2195 3116 2546 3181 medicum
2581 3134 2740 3180 esse
2781 3134 3036 3181 consu-

562 3223 887 3302 lendum,
920 3224 1039 3304 qui
1069 3224 1344 3287 censuit
1379 3223 1891 3287 habitationem
1918 3222 2178 3286 bonam
2216 3222 2371 3287 fore
2392 3273 2406 3302 ,
2454 3223 2517 3286 si
2552 3223 2912 3303 cubicula,
2956 3233 3032 3288 ut

563 3330 963 3409 dicebatur,
1018 3340 1548 3405 extruerentur;
1604 3340 1675 3394 et
1724 3330 1827 3394 ita
1874 3328 1953 3392 P.
2006 3330 2325 3411 Ignatius
2385 3348 2757 3395 assensum
2813 3332 2902 3395 ad
2959 3332 3036 3395 id

561 3439 960 3518 praestitit,
1015 3455 1215 3515 cum,
1270 3438 1506 3501 multis
1554 3438 1877 3517 tentatiS,
1930 3438 2128 3500 locus
2177 3436 2474 3501 idoneus
2525 3438 2838 3503 Mutinae
2885 3456 3034 3502 non

562 3545 1025 3609 inveniretur.
1088 3542 1227 3609 Sed
1281 3543 1461 3607 haec
1514 3544 1587 3606 in
1644 3544 2023 3625 posteriori
2084 3554 2284 3623 parte
2353 3544 2562 3623 huJus
2627 3546 2797 3609 anni
2864 3556 3026 3609 acta

560 3652 847 3716 fuerunt
878 3651 927 3715 ⁸.

688 3759 823 3822 171.
910 3759 1113 3839 Quod
1144 3760 1235 3823 ad
1265 3760 1573 3823 fructum
1602 3759 1856 3822 attinet
1879 3756 2424 3835 confessionum,
2450 3758 3024 3821 communionum

560 3874 773 3945 atque
803 3867 1261 3945 concionum,
1294 3882 1438 3929 non
1472 3866 1699 3929 solum
1730 3864 2179 3941 conservari,
2212 3862 2337 3926 sed
2367 3873 2436 3927 et
2466 3864 2714 3943 augeri
2743 3864 3030 3927 videba-

558 3983 699 4035 tur.
730 3972 1075 4037 Hortatus
1103 3972 1337 4037 fuerat
1366 3974 1438 4036 in
1468 3972 1619 4036 suis
1651 3972 2112 4035 concionibus
2144 3969 2219 4033 P.
2252 3969 2564 4053 Joannes
2602 3967 3026 4034 Laurentius

614 4252 631 4285 ¹
688 4250 741 4295 1⁸
761 4259 876 4296 erat
896 4250 1081 4296 Comes
1102 4251 1353 4296 Hercules
1376 4250 1641 4305 Raugone.
1663 4249 1799 4293 Vide
1819 4248 1974 4295 infra.
1992 4260 2040 4292 n.
2061 4248 2156 4292 194.

610 4323 637 4355 ¹
690 4324 873 4368 “Circa
902 4324 955 4368 la
982 4324 1160 4368 chiesa
1180 4325 1269 4379 gia
1288 4324 1331 4367 sl
1366 4326 1394 4366 ὲ
1415 4323 1601 4366 scritto
1620 4322 1715 4365 che
1749 4331 2054 4365 conveneva
2083 4321 2346 4371 cet-carla:
2367 4320 2542 4375 quella
2562 4318 2611 4363 di
2645 4318 2755 4363 Sto.
2781 4320 3027 4374 Antonio,

554 4396 779 4441 secondo
798 4396 835 4439 ll
854 4394 956 4448 filo.
977 4406 1102 4451 pare
1124 4396 1349 4450 piceum:
1372 4405 1467 4448 pur
1486 4394 1703 4438 essendo
1722 4393 1821 4437 due
1841 4392 1984 4437 volte
2007 4392 2274 4446 maggior-e
2296 4391 2347 4436 di
2367 4392 2540 4445 quella
2561 4391 2693 4434 delle
2713 4392 3027 4445 convertite,

554 4469 609 4514 di
629 4474 815 4523 questa
832 4474 985 4523 parte
1006 4468 1137 4510 deve
1165 4466 1432 4521 preses-irai
1453 4478 1485 4509 a
1505 4467 1597 4510 lei:
1618 4475 1712 4519 per
1742 4466 1988 4519 insegnar
2016 4465 2176 4508 etlam
2205 4465 2257 4507 la
2280 4462 2510 4507 dotti-lna
2528 4463 2812 4507 christiana
2829 4495 2842 4517 ,
2863 4474 2954 4517 per
2975 4465 3023 4507 le

552 4540 863 4585 confessioni
882 4548 935 4585 et
955 4539 1295 4584 communioni
1326 4549 1452 4594 parc
1482 4540 1699 4581 sarebbe
1721 4540 1773 4581 al
1802 4538 2084 4592 proposito,
2106 4536 2294 4591 perche
2321 4535 2788 4579 indubitatamente
2819 4536 3024 4579 convie-

554 4625 620 4659 ne
648 4612 867 4669 spicarsi
890 4612 1025 4656 delle
1044 4612 1335 4657 convertite
1366 4611 1523 4667 piano
1546 4611 1783 4664 piano...„
1812 4608 2061 4653 Polaticus
2076 4642 2087 4663 ,
2110 4618 2176 4652 ex
2197 4608 2352 4661 com.,'
2373 4608 2514 4651 Patri
2539 4606 2774 4662 Philippo
2805 4606 3025 4661 Leerno,

548 4686 609 4730 20
628 4684 862 4743 januarii
886 4684 1010 4729 1551.

607 4757 633 4788 ³
689 4754 821 4801 Vide
842 4758 995 4809 infra,
1018 4768 1068 4799 n.
1086 4756 1189 4800 2¹01.
