3742 5392
1648 507 1779 565 ΑΝ.
1825 507 1964 565 1554
2926 502 3039 561 :299

571 654 648 717 Ρ.
684 653 1048 716 Bernardo
1079 669 1242 717 cum
1271 653 1467 717 socio
1501 651 1520 684 ¹
1550 652 1936 733 hospitium
1976 653 2357 733 parabant;
2402 661 2472 713 et
2514 651 2612 713 ita
2650 664 3037 729 numquam

573 760 672 823 illi
702 758 922 823 defuit
941 806 956 837 ,
988 776 1120 823 nec
1151 759 1366 822 etiam
1396 759 1681 823 occasio
1713 759 2157 823 exercendae
2179 757 2563 838 patientiae
2588 758 2771 820 inter
2794 757 3037 819 haere-

575 868 790 943 tic08‚
825 866 978 945 qui,
1026 865 1218 946 quod
1257 876 1445 929 esset
1483 867 1856 941 sacerdOS‚
1904 882 2065 929 eum
2102 863 2521 938 irridebant,
2574 871 2643 927 et
2676 863 2866 943 paef
2898 864 3037 925 cla-

573 973 898 1051 mabant;
933 983 1001 1035 et
1031 972 1104 1035 in
1133 982 1282 1036 tota
1311 972 1730 1051 Germania,
1765 991 1808 1036 a
1845 972 2185 1036 Tridento
2227 970 2627 1036 Lovanium
2668 986 2922 1050 usque,
2964 969 3037 1031 in

573 1080 983 1143 civitatibus
1011 1080 1126 1142 vel
1154 1080 1464 1160 oppidiS,
1498 1098 1660 1143 cum
1688 1081 1957 1144 mulum
1984 1078 2344 1159 viderent,
2379 1077 2799 1158 congregati
2837 1076 3041 1157 pueri

575 1189 770 1252 illum
819 1187 1296 1269 sequebantur
1318 1235 1334 1265 ,
1387 1189 1782 1251 clamantes
1837 1205 1922 1250 eo
1971 1198 2218 1264 cantu,
2275 1187 2395 1267 qui
2440 1184 2659 1249 asinis
2706 1183 3039 1265 proprius

576 1304 684 1359 est
714 1294 736 1326 ⁸
759 1344 774 1373 ,
806 1294 1021 1359 immo
1052 1302 1122 1357 et
1150 1295 1291 1358 viri
1318 1294 1455 1357 hoc
1484 1295 1714 1375 ipsum
1756 1292 2135 1374 aliquando
2165 1292 2556 1371 faciebant;
2590 1301 2659 1355 et
2688 1292 2862 1355 satis
2892 1290 3039 1353 ani·

575 1402 1033 1466 madversum
1055 1411 1184 1478 est,
1211 1419 1346 1464 nec
1365 1398 1765 1480 hujusmodi
1784 1399 2179 1481 jumentum
2204 1417 2334 1463 nec
2358 1400 2673 1463 habitum
2696 1416 2824 1478 per
2845 1398 3041 1460 illam

574 1509 1020 1589 provinciam
1050 1509 1578 1572 transeuntibus
1607 1509 2152 1573 convenientem
2183 1524 2339 1571 esse
2369 1505 2415 1571 ³.

693 1615 835 1679 639.
924 1614 1322 1680 Comitante
1345 1632 1519 1695 ergo
1543 1623 1897 1696 quartana
1919 1614 2120 1691 febri,
2148 1613 2517 1678 Coloniam
2541 1624 2610 1677 et
2634 1612 2888 1677 deinde
2905 1612 3041 1675 Lo-

574 1726 866 1788 vanium
892 1723 1219 1804 pervenit
1249 1724 1480 1804 prima
1509 1721 1960 1802 DecembriS,
1995 1733 2063 1786 et
2087 1722 2480 1785 admiratus
2510 1729 2617 1784 est
2640 1718 3041 1783 Lovanien·

575 1832 676 1894 sis
704 1831 1016 1895 civitatis
1046 1830 1514 1894 mutationem
1533 1879 1549 1909 ,
1583 1830 1701 1894 ubi
1731 1830 2114 1910 aliquando
2143 1828 2375 1892 fuerat
2397 1878 2412 1905 ‚
2446 1839 2516 1891 et
2545 1837 2745 1890 tanta
2780 1825 2929 1907 jam
2968 1824 3043 1888 in

573 1938 780 2001 laicis
807 1950 875 2001 et
905 1937 1096 2001 clero
1130 1937 1416 2001 devotio
1447 1938 1905 2017 cernebatur,
1940 1948 2016 2001 ut
2045 1935 2566 2018 quodammodo
2584 1982 2600 2013 ‚
2632 1935 2817 1997 sicut
2844 1933 3045 2013 prius

579 2045 886 2109 diximus
908 2043 954 2123 ⁴,
979 2044 1347 2125 religionis
1367 2044 1625 2108 faciem
1648 2045 1905 2108 civitas
1929 2061 2102 2125 prae
2124 2061 2202 2107 se
2223 2043 2464 2106 ferret.
2492 2040 2673 2121 Quia
2696 2057 2898 2120 vero,
2921 2041 3043 2104 ubi

580 2154 807 2233 major
856 2162 1012 2216 erat
1061 2152 1530 2217 commoditas
1581 2153 1672 2216 ad
1728 2150 2129 2215 adhibenda
2186 2150 2531 2227 remedia,
2592 2150 2826 2227 magis
2881 2165 3044 2212 eum

583 2270 934 2339 quartana
962 2260 1330 2340 premebat
1359 2257 1413 2339 ⁸,
1447 2260 1772 2324 Lovanio
1809 2259 1903 2323 ad
1940 2260 2247 2339 patriam
2288 2274 2521 2336 suam,
2566 2256 2869 2321 duorum
2903 2256 3045 2319 die·

583 2384 742 2431 rum
770 2367 1022 2431 itinere
1051 2367 1432 2431 distantem
1455 2364 1480 2397 ⁸
1496 2416 1512 2447 ‚
1546 2367 1937 2447 profectuS,
1969 2374 2347 2447 postquam
2374 2366 2553 2429 duas
2574 2366 2693 2427 vel
2712 2373 2858 2427 tres
2879 2362 3045 2426 heb-

583 2475 928 2539 domadas
957 2492 1120 2539 cum
1149 2474 1398 2539 eadem
1425 2476 1873 2539 conflictatus
1900 2484 2091 2538 esset
2119 2475 2193 2537 in
2218 2474 2481 2555 patria,
2508 2472 2655 2536 fere
2676 2471 2911 2535 medio
2930 2471 3046 2554 Ja-

582 2583 835 2646 nuario
885 2598 1127 2645 mense
1175 2582 1474 2647 liberum
1512 2600 1674 2646 eum
1709 2582 1995 2662 reliquit
2043 2591 2425 2661 quartana;
2471 2580 2782 2661 pectoris
2830 2578 3046 2641 etiam

585 2689 960 2767 aegritudo
1009 2688 1309 2752 allevari
1355 2706 1790 2770 magnopere
1835 2689 2102 2769 coepit,
2150 2698 2253 2766 et,
2298 2686 2701 2767 appetentia
2746 2684 2885 2747 cibi
2933 2700 3047 2746 ca-

582 2796 819 2877 piendi
846 2797 1170 2860 restituta
1189 2844 1204 2875 ,
1235 2796 1440 2859 brevi
1467 2796 1660 2859 vires
1687 2796 2161 2877 recuperavit.

669 3041 684 3071 ·
741 3040 957 3094 Thomu,
979 3050 1155 3094 supra,
1177 3046 1215 3083 t.
1236 3050 1296 3084 1.1
1310 3072 1320 3091 .
1341 3051 1462 3094 pag.
1483 3038 1579 3093 271,
1600 3048 1782 3082 annot.
1809 3038 2141 3081 l.—Thomas
2172 3036 2535 3089 Marchieneis,
2566 3045 2726 3089 supra
2744 3034 2795 3078 in
2826 3033 2923 3078 hoc
2943 3034 3049 3077 vol.

586 3126 658 3162 xv.
679 3124 798 3169 pag.
819 3112 915 3162 268,
935 3124 980 3156 n.
1001 3111 1382 3157 577.—Thomas
1401 3111 1464 3154 de
1493 3109 1719 3156 Marche.
1739 3110 2018 3153 Danaen
2032 3140 2043 3162 ,
2064 3110 2097 3153 1.
2115 3120 2175 3157 c..
2193 3119 2313 3163 pag.
2332 3108 2431 3152 809.

667 3185 690 3216 ¹
746 3184 846 3229 “Le
866 3184 1034 3238 grand
1053 3184 1290 3239 chapeau
1311 3183 1491 3227 italien
1511 3187 1716 3226 sut-tout
1744 3180 1964 3225 excitait
1983 3182 2059 3224 les
2081 3181 2242 3225 risees
2261 3180 2396 3224 dela
2424 3180 2693 3234 populace3
2714 3188 2781 3221 on
2799 3176 3058 3221 l’accueil-

586 3258 700 3301 linit
720 3255 917 3312 patrois
936 3267 1004 3300 au
1024 3256 1099 3299 cri
1119 3255 1182 3299 de
1205 3254 1403 3310 Psaffe,
1423 3253 1642 3308 papiste.
1664 3260 1718 3298 et
1746 3254 1842 3297 i'on
1878 3253 2095 3307 imitait,
2119 3255 2151 3296 a
2178 3263 2271 3295 son
2300 3252 2513 3295 adresse
2542 3252 2595 3293 la
2615 3250 2740 3293 voix
2769 3250 2831 3292 de
2863 3250 3057 3292 mettre

587 3324 852 3383 Aliboron,
866 3326 1010 3381 fiad,
1029 3327 1160 3371 ainsi
1181 3326 1298 3381 qu’il
1321 3326 1580 3371 l'ecrivnit
1597 3325 1670 3369 lui
1691 3329 1871 3369 meme.
1893 3324 2056 3379 (Hist.
2080 3334 2208 3368 msc.
2230 3323 2454 3368 Polanci
2473 3321 2691 3375 [scilicet
2710 3322 2808 3364 hoc
2832 3319 3048 3363 Chroni-

587 3400 734 3457 conJ,
759 3399 1062 3443 Turnacum
1081 3398 1286 3452 1554)...
1307 3398 1601 3449 Danaen.
1625 3398 1656 3441 1.
1675 3410 1733 3449 ⁰..
1768 3408 1889 3452 pat.
1924 3396 2022 3447 309,
2056 3402 2229 3440 annot.
2266 3394 2477 3438 2.-Hoc
2508 3399 2681 3437 autem
2713 3404 2815 3436 non
2844 3392 2974 3443 ideo.
2995 3398 3053 3435 ut

587 3476 752 3525 patet.
782 3468 1048 3513 afferimus
1079 3473 1135 3511 ut
1175 3468 1388 3512 Polanci
1417 3466 1772 3511 narrationem
1801 3466 2161 3511 confirmemus
2188 3466 2279 3519 (ex
2308 3465 2535 3508 Polanco
2564 3464 2701 3507 enim
2730 3464 3054 3517 desumptum

589 3544 703 3595 est),
725 3542 815 3585 ned
838 3548 894 3585 ut
913 3542 1249 3593 illustremus,
1271 3540 1581 3595 praesertim
1603 3539 1728 3583 illud
1745 3537 1899 3594 paef.
1918 3538 2053 3593 quod
2067 3537 2276 3592 scripsit
2296 3537 2569 3581 PolancnS.

666 3615 690 3646 ³
742 3612 1088 3657 “charissimo
1117 3613 1170 3656 in
1192 3610 1281 3654 X.⁰
1301 3610 1497 3655 Padre:
1519 3610 1873 3655 Ricevessimo
1908 3611 2077 3664 queue
2105 3609 2154 3653 di
2185 3608 2213 3651 9
2233 3610 2283 3652 di
2314 3608 2597 3653 Decembre
2618 3608 2681 3651 de
2701 3606 2769 3651 V.
2786 3606 2866 3660 R..
2900 3607 3053 3661 quale

587 3684 768 3728 snrono
787 3684 836 3727 le
858 3684 1022 3738 prime
1044 3684 1176 3737 dopo
1195 3682 1242 3726 le
1272 3684 1409 3726 altre
1432 3682 1493 3725 de
1513 3681 1556 3735 3,
1577 3688 1628 3725 et
1652 3683 1810 3725 molto
1833 3681 1880 3725 ci
1899 3680 2293 3734 rallegrassimo
2314 3680 2396 3723 nel
2418 3678 2471 3723 S.
2492 3678 2553 3722 N.
2577 3678 2895 3722 d'intendere
2916 3678 3056 3722 della

586 3767 682 3800 sua
715 3756 958 3800 arrivata
992 3756 1044 3799 in
1063 3752 1316 3805 Lovanio,
1339 3760 1670 3808 quantunque
1705 3754 1748 3797 si
1783 3754 2010 3797 habbino
2043 3752 2252 3797 burlato
2274 3751 2357 3795 del
2376 3752 2579 3806 capello
2609 3756 2661 3795 et
2694 3751 2779 3794 del
2802 3752 2938 3795 mulo
2959 3761 3057 3794 con

587 3828 716 3872 coda
736 3828 774 3871 li
795 3827 1047 3871 tudeschi.
1069 3825 1160 3870 Sia
1179 3826 1496 3880 ringratinto
1515 3824 1661 3869 Iddio
1679 3835 1712 3869 a
1734 3824 1815 3868 chi
1845 3823 2049 3879 piaccia
2078 3825 2231 3868 levar
2250 3823 2417 3867 anche
2437 3823 2490 3867 la
2510 3828 2774 3876 quartana
2792 3823 2843 3866 in
2865 3828 3055 3876 quanto

589 3902 716 3943 sara
734 3910 829 3953 per
849 3898 1084 3953 maggior
1105 3898 1323 3942 servitio
1347 3910 1454 3951 suo;
1476 3904 1531 3946 et
1549 3898 1804 3945 hat-remu
1823 3896 1985 3941 molto
2004 3907 2035 3940 a
2059 3907 2183 3940 caro
2203 3906 2299 3939 con
2320 3895 2439 3949 ogni
2459 3900 2609 3949 posta
2626 3894 2893 3939 intendere
2914 3904 3059 3938 come

589 3972 633 4015 si
652 3976 808 4025 porta
827 3972 879 4015 la
900 3970 959 4014 R.
973 3970 1039 4014 V.

671 4042 774 4095 „De
793 4042 1053 4087 Thomaso
1073 4042 1114 4085 si
1137 4046 1164 4087 e
1185 4044 1417 4098 disposto
1437 4042 1954 4087 convenientemente
1976 4042 2199 4086 dandolo
2220 4052 2251 4085 a
2272 4040 2426 4085 Mtro.
2445 4039 2740 4084 Leonardo.

674 4114 758 4169 „L'
778 4116 928 4159 aviso
947 4114 1068 4159 delii
1095 4114 1394 4159 vestimenti
1417 4121 1469 4158 et
1491 4116 1572 4159 del
1603 4116 1754 4159 modo
1781 4115 1831 4159 di
1853 4114 2053 4159 andare
2074 4113 2125 4158 in
2156 4112 2389 4158 Fiandra
2406 4112 2490 4156 del
2511 4112 2567 4156 Ρ.
2592 4112 2835 4165 Quintino
2857 4120 2909 4155 et
2928 4112 3055 4156 altri

589 4199 716 4243 pare
736 4188 816 4231 sia
835 4189 934 4231 ben
954 4188 1077 4231 dato
1097 4192 1150 4230 et
1169 4187 1446 4231 vederemo
1465 4185 1516 4230 di
1537 4197 1706 4231 nuovo
1726 4193 1913 4241 questa
1931 4189 2124 4231 lettera
2142 4186 2346 4239 qnando
2369 4184 2539 4238 questi
2559 4184 2717 4229 Padri
2736 4194 3007 4228 averanno
3025 4194 3059 4227 a

590 4260 820 4315 partit-si.

671 4333 904 4386 „Quanto
924 4334 975 4376 al
997 4334 1132 4377 mulo
1153 4343 1281 4387 pare
1301 4334 1426 4376 sara
1445 4332 1634 4387 meglio
1650 4331 1971 4377 rimandarlo
1986 4332 2040 4375 in
2058 4338 2239 4387 queste
2258 4332 2425 4375 bande
2446 4330 2541 4374 che
2558 4330 2822 4375 vendex-lo.
2842 4334 2893 4372 et
2916 4339 3063 4372 come

589 4405 766 4459 ripigli
787 4407 832 4449 le
853 4404 1008 4453 forze.
1031 4404 1186 4448 credo
1206 4406 1330 4447 sara
1349 4410 1464 4448 atto
1485 4414 1518 4447 ει
1547 4403 1630 4447 far
1651 4405 1817 4447 bnone
1846 4403 2115 4457 giornate3
2148 4414 2231 4446 ma
2250 4403 2334 4446 del
2354 4408 2529 4455 tempo
2550 4402 2602 4459 di
2620 4400 2941 4445 rimandarlo
2958 4410 3061 4443 non

591 4478 818 4532 imperta
838 4477 933 4521 che
953 4476 1033 4521 sia
1052 4481 1245 4531 presto.
1266 4475 1436 4519 sicche
1458 4477 1613 4529 potra
1630 4485 1727 4518 con
1749 4474 2063 4518 commodita
2076 4474 2343 4519 mandarei
2360 4480 2411 4517 et
2432 4484 2533 4517 non
2554 4472 2755 4517 faremo
2772 4472 2989 4526 disegno
3007 4471 3063 4514 di

590 4549 762 4603 quello
782 4558 878 4603 per
896 4548 932 4592 il
950 4548 1005 4591 P.
1021 4548 1309 4600 Quintino...
1331 4546 1604 4599 Polaticus,
1624 4557 1690 4589 ex
1710 4557 1861 4598 com„
1881 4546 2029 4590 Patri
2050 4546 2319 4590 Bernardo
2339 4544 2589 4597 oliverio,
2608 4544 2665 4588 23
2680 4543 2917 4595 januarii
2938 4543 3065 4586 155⁴.

671 4621 696 4654 ⁴
751 4620 936 4675 snpra,
958 4630 1076 4675 pag.
1097 4619 1192 4673 294,
1213 4631 1263 4663 n.
1283 4618 1382 4662 628.

672 4693 696 4725 ⁸
748 4691 806 4737 In
826 4702 919 4737 ms.
942 4698 1022 4736 est
1041 4691 1357 4746 praebebat.

751 4765 1002 4820 Antoing.
