3742 5392
1607 473 1732 530 ΑΝ.
1777 471 1917 531 1554
2938 467 3007 528 15

529 618 718 699 Quia
742 629 983 684 tamen
1009 619 1161 699 ipse
1192 616 1612 682 Patriarcha
1656 635 1744 680 ex
1775 616 2119 693 Tituan0,
2170 614 2428 694 oppido
2473 613 2794 691 Africae,
2839 630 3003 676 evo*

529 727 806 790 candus
833 726 868 788 s
867 727 964 788 uit
1000 724 1037 802 ¹,
1071 743 1235 789 curn
1264 726 1350 788 de
1379 725 1592 788 rebus
1621 723 2101 802 portugalliae
2128 731 2405 802 agetur,
2440 720 2628 801 quod
2650 730 2999 801 superest,

533 833 677 896 dici
705 833 984 914 poterit.
1019 831 1248 895 Roma
1277 843 1515 896 tamen
1548 832 1745 896 missi
1776 831 2063 895 fuerunt
2092 830 2229 893 duo
2260 827 2596 910 Episcopi
2626 829 2748 908 qui
2779 827 3005 892 Coad-

523 937 804 1018 jutores
825 939 1288 1002 Patriarchae
1307 948 1375 1001 et
1392 955 1845 1002 successores
1865 937 2087 1001 futuri
2109 947 2337 1014 erant;
2358 936 2430 999 hi
2450 935 2735 998 fuerunt
2758 934 2833 998 P.
2860 934 3006 998 An-

537 1047 750 1111 dreas
781 1047 868 1110 de
899 1045 1174 1110 Oviedo
1219 1057 1286 1110 et
1330 1044 1407 1107 P.
1460 1045 1802 1110 Melchior
1854 1045 2193 1123 Carnem,
2248 1057 2323 1107 ut
2380 1043 2590 1124 paulo
2636 1053 2799 1106 ante
2830 1043 3006 1106 dixi·

537 1171 698 1228 mus
726 1153 772 1230 ⁹,
809 1171 973 1218 cum
1001 1155 1160 1216 aliis
1199 1153 1621 1232 quibusdam
1659 1151 1890 1216 Roma
1927 1151 2159 1215 missi:
2206 1151 2471 1214 caeteri
2510 1168 2600 1214 ex
2637 1148 3006 1213 Lusitania
3092 1187 3098 1194 -

532 1261 722 1325 bona
751 1279 841 1324 ex
872 1268 1076 1341 parte
1103 1270 1268 1322 sunt
1297 1257 1642 1340 adjuncti;
1676 1269 1747 1322 et
1775 1277 1969 1323 nova
2002 1257 2416 1336 Provincia,
2453 1275 2540 1321 ac
2578 1274 2811 1320 novus
2840 1256 3004 1320 Pro·

529 1369 864 1432 vincialis
886 1369 959 1431 in
972 1367 1356 1448 Aethiopia
1373 1367 1735 1431 institutus
1755 1366 1909 1445 fuit,
1936 1376 2006 1429 et
2028 1365 2119 1428 ad
2141 1366 2212 1429 id
2238 1367 2639 1428 nominatus
2664 1364 2739 1427 P.
2760 1364 3007 1428 Tibur-

529 1477 678 1539 tius
706 1476 795 1539 de
828 1473 1178 1554 Quadros.
1211 1475 1377 1539 Fuit
1403 1475 1619 1538 etiam
1646 1473 2020 1538 instructio
2053 1491 2095 1537 a
2124 1473 2199 1536 P.
2248 1472 2526 1552 ignatio
2566 1473 2659 1536 ad
2696 1471 3006 1535 Patriar-

527 1582 716 1646 chae
756 1582 1096 1646 auxilium
1137 1582 1364 1648 Roma
1415 1583 1657 1659 missa,
1711 1599 1893 1661 quae
1936 1596 2391 1661 magnopere,
2446 1589 2523 1643 ut
2570 1579 2796 1643 nostri
2835 1577 3005 1641 seri-

535 1699 857 1769 pserunt,
887 1687 1071 1768 Regi
1095 1688 1573 1769 Portugalliae
1603 1688 1870 1768 placuit
1901 1685 1948 1750 ³.

663 1795 760 1859 15.
853 1794 1225 1877 Agebatur
1263 1797 1480 1860 etiam
1523 1795 1658 1858 hoc
1700 1812 1888 1857 anno
1929 1793 2015 1856 de
2057 1793 2321 1857 nostris
2368 1793 2441 1856 in
2489 1793 2813 1857 Africam
2852 1794 3007 1857 mit-

532 1901 802 1983 tendis;
836 1920 1003 1967 nam
1029 1914 1317 1984 praeter
1345 1902 1437 1981 id,
1471 1901 1659 1982 quod
1683 1901 2035 1981 superiori
2059 1919 2247 1964 anno
2270 1902 2639 1965 retulimus
2662 1898 2687 1930 ⁴
2709 1900 2795 1963 de
2820 1902 3008 1982 prin-

525 2009 687 2090 cipe
734 2009 1215 2088 Gelvensium,
1267 2009 1564 2089 Xequen
1614 2018 1878 2072 vocant
1907 2007 2114 2089 (quae
2164 2008 2477 2088 dignitas
2525 2009 2723 2088 regia
2774 2008 3011 2072 minor

535 2117 721 2180 inter
747 2133 1135 2180 saracenos
1164 2116 1316 2195 est),
1352 2117 1474 2196 qui
1501 2116 1922 2196 Imperatori
1951 2114 2207 2179 Carolo
2237 2133 2315 2178 se
2355 2097 2655 2179 subdere
2693 2116 3007 2193 volebat,

532 2231 607 2286 et
637 2221 728 2286 ad
758 2223 830 2286 id
859 2223 1041 2285 duos
1069 2221 1249 2286 filios
1281 2223 1563 2286 obsides
1593 2224 1664 2286 in
1695 2220 2017 2286 Siciliam
2047 2223 2363 2301 miserat,
2397 2232 2467 2284 et
2497 2239 2760 2302 arcem,
2796 2240 3010 2302 quarn

535 2329 868 2406 habebat,
901 2331 1128 2394 eidem
1158 2329 1442 2394 tradere
1464 2340 1535 2393 et
1565 2331 1780 2392 aliam
1802 2329 2180 2393 aedificare
2208 2330 2511 2408 volebat;
2540 2341 2613 2392 at
2638 2347 2731 2394 ex
2754 2329 3010 2394 Goleta

537 2453 760 2516 prope
787 2436 1164 2514 Tunetum,
1219 2439 1335 2500 vel
1393 2437 1451 2499 T
1447 2454 1662 2515 unes,
1705 2446 1782 2499 ut
1825 2445 2112 2515 vocant,
2166 2435 2569 2516 praefectus
2619 2435 2771 2516 ejus
2809 2454 3009 2518 prae-

533 2542 700 2606 sidii
727 2541 752 2574 ⁸
799 2545 1074 2623 aliquos
1118 2543 1206 2606 de
1244 2543 1598 2608 Societate
1647 2543 1738 2606 ad
1787 2559 1864 2605 se
1917 2542 2098 2606 mitti
2149 2542 2470 2624 urgebat,
2518 2553 2589 2606 et
2630 2544 2889 2608 ibidem
2940 2554 3013 2608 et

534 2647 794 2714 Tuneti
830 2650 1142 2714 fructum
1173 2652 1457 2714 uberem
1489 2649 1764 2731 sperari
1801 2667 2012 2731 posse
2052 2648 2469 2713 affirmabat.
2514 2651 2610 2715 Ut
2641 2660 2881 2715 autem
2909 2651 3007 2715 sa-

533 2757 746 2821 cilius
793 2758 1006 2821 rebus
1034 2756 1326 2823 Africae
1370 2758 1642 2822 consuli
1673 2765 1946 2837 posset,
1982 2757 2053 2819 in
2091 2754 2331 2820 Sicilia
2375 2758 2722 2836 agebatur
2754 2758 2843 2822 de
2873 2761 3011 2823 col-

537 2865 728 2944 legio
760 2865 1088 2945 quodam,
1129 2866 1249 2929 ubi
1285 2865 1530 2946 lingua
1568 2865 1860 2929 arabica
1889 2865 2401 2942 addisceretur,
2446 2875 2515 2929 et
2556 2866 2775 2947 aliqui
2805 2868 3010 2947 pueri

537 2971 844 3036 africani
905 2972 1477 3051 instituerentur,
1531 2972 1652 3036 ubi
1701 2974 1902 3035 locus
1952 2971 2208 3052 aliquis
2260 2972 2633 3035 distinctus
2682 2983 2871 3037 esset
2919 2973 3015 3036 ad

535 3096 790 3143 eorum
818 3097 1047 3159 usum,
1081 3079 1202 3160 qui
1231 3079 1323 3142 ad
1350 3079 1562 3144 fidem
1590 3088 2214 3158 converterentur,
2256 3087 2333 3142 ut
2374 3079 2467 3142 ad
2503 3080 2789 3143 modum
2830 3089 3013 3144 cate-

537 3185 1056 3250 chumenorum
1084 3188 1158 3250 in
1198 3186 1358 3250 fidei
1393 3186 1875 3250 fundamentis
1924 3185 2481 3249 instituerentur.
2525 3185 2769 3267 Aliqui
2797 3187 3015 3251 etiam

537 3311 634 3357 ex
661 3293 926 3356 nostris
954 3293 1026 3355 in
1055 3292 1372 3374 Collegio
1403 3291 1843 3356 Messanensi
1873 3293 1947 3356 in
1976 3293 2220 3372 lingua
2246 3293 2537 3356 arabica
2555 3292 2705 3375 jam
2729 3310 3011 3357 exerce-

539 3401 832 3480 bantur,
867 3409 969 3478 et,
1002 3400 1064 3463 si
1096 3417 1210 3463 res
1238 3416 1695 3480 progressum
1727 3399 2129 3479 habuisset,
2162 3399 2443 3464 Melitae
2473 3399 2871 3479 Collegium
2894 3401 3012 3464 ad-

539 3507 725 3570 mitti
751 3523 962 3586 posse
992 3506 1400 3586 videbatur,
1436 3507 1626 3588 quod
1647 3506 2045 3587 Episcopus
2074 3505 2225 3586 eJus
2254 3505 2533 3571 Insulae
2564 3506 2798 3588 (cujus
2822 3507 3011 3571 inco-

540 3614 632 3676 lis
661 3614 952 3678 arabica
979 3614 1223 3693 lingua
1253 3615 1642 3677 vernacula
1671 3614 1850 3692 est),
1880 3623 1956 3676 ut
1990 3613 2266 3678 admitti
2294 3622 2534 3694 posset
2582 3611 2932 3696 [urgebat]
2964 3613 3010 3674 ⁶.

539 3935 703 3982 esset,
723 3934 776 3972 et
797 3938 914 3972 cum
932 3938 1032 3981 quo
1051 3933 1263 3981 possent
1282 3927 1516 3971 conferre
1535 3933 1590 3970 et
1610 3927 1881 3971 consilium
1902 3927 2301 3971 communicare.
2322 3926 2468 3971 Unde
2486 3931 2537 3970 et
2554 3927 2674 3972 hinc
2690 3932 2872 3972 natum
2891 3936 3016 3982 puto

543 4003 729 4044 votum
747 3999 982 4053 simplex,
1005 3997 1140 4053 quod
1159 3997 1379 4052 professi
1403 3998 1546 4042 facta
1567 3999 1886 4053 professione
1908 3997 2169 4044 emittunt.
2189 3999 2323 4053 quod
2342 4001 2656 4043 tenebuntur
2668 4000 2867 4053 audire,
2890 4012 3017 4045 casu

541 4082 648 4126 quo
667 4078 1074 4125 promoveantur
1092 4072 1158 4115 ad
1187 4070 1490 4124 dignitates,
1525 4071 1794 4115 consilium
1828 4070 1955 4124 eius,
1993 4070 2077 4124 qui
2113 4070 2251 4115 adsit
2290 4070 2352 4113 de
2388 4069 2697 4124 Societate.„
2731 4070 3019 4116 Ouvnmus

543 4141 846 4196 manneus,
877 4141 955 4186 De
975 4143 1138 4186 rebus
1158 4141 1445 4187 Societatis
1471 4143 1606 4196 Jesu
1629 4142 2081 4194 Commentarius,
2099 4154 2146 4186 c.
2168 4153 2283 4194 vm,
2305 4141 2335 4197 g
2355 4141 2426 4186 23.

631 4213 650 4246 Ι
705 4211 844 4257 Vere
865 4213 1160 4258 evocandus
1181 4225 1280 4259 non
1301 4215 1412 4266 fuit,
1435 4226 1570 4266 nam,
1593 4215 1658 4257 ad
1678 4215 2008 4268 captivorum
2042 4215 2255 4265 negotia
2284 4213 2543 4268 curanda,
2572 4221 2757 4269 sponte
2793 4215 2903 4270 ipse
2939 4216 3020 4260 Ti-

541 4293 706 4331 tuano
726 4284 1092 4342 Ulyssiponam
1111 4286 1263 4340 huius
1283 4286 1404 4330 anni
1425 4286 1572 4330 initio
1591 4293 1828 4340 venerat,
1845 4296 1899 4331 et
1916 4287 2185 4341 quominus
2202 4287 2255 4330 in
2271 4286 2507 4330 Africam
2522 4287 2719 4330 rediret
2742 4287 3023 4342 impeditus

545 4357 894 4414 Ulyssiponae
912 4357 1194 4401 subsistere
1215 4369 1340 4402 coac
1349 4365 1434 4402 tus
1454 4365 1548 4402 est.
1570 4357 1704 4401 Vide
1725 4356 1971 4402 Litterae
1992 4357 2466 4410 Quadrimestres,
2486 4364 2525 4403 t.
2546 4368 2602 4412 1¹,
2622 4369 2743 4414 pag.
2759 4359 2857 4405 586.

629 4428 652 4458 ¹
708 4427 894 4482 Supra,
916 4440 973 4474 n.
996 4428 1040 4482 7,
1062 4438 1189 4483 paz.
1212 4428 1256 4474 8.

628 4501 654 4533 ⁸
707 4501 1128 4544 Instructionem
1149 4501 1284 4545 hanc
1305 4501 1468 4551 dabit.
1490 4500 1599 4545 Deo
1619 4501 1848 4554 volente,
1869 4500 2022 4545 Nova.
2044 4500 2217 4545 Series
2237 4501 2539 4547 litterarum
2555 4501 2734 4549 Sancti
2754 4504 2966 4560 Ignatii.

633 4577 658 4608 Α
713 4572 900 4628 Supra,
925 4578 964 4616 t.
983 4583 1061 4624 m,
1079 4584 1200 4628 pag.
1219 4574 1316 4628 229,
1339 4585 1388 4616 n.
1409 4573 1507 4618 505.

635 4643 660 4677 ⁸
712 4643 964 4688 Dominus
987 4644 1283 4699 Alphonsus
1303 4645 1366 4688 de
1386 4647 1439 4689 la
1460 4645 1652 4689 Cueva.
1674 4645 1806 4688 Vide
1829 4645 1984 4699 infra,
2006 4655 2054 4688 n.
2080 4645 2179 4689 396.

637 4712 662 4746 ὅ
717 4713 905 4771 Supra,
927 4721 968 4761 t.
989 4726 1066 4771 111,
1087 4727 1209 4770 pag.
1229 4716 1324 4772 228,
1347 4728 1397 4760 n.
1417 4717 1517 4761 503.
