3742 5392
661 384 770 443 296
1593 388 1848 449 Canos.
1890 390 2043 449 Soc·
2085 399 2223 463 jas.

665 548 797 595 sua
828 532 1135 597 dioecesi
1167 532 1209 613 ¹,
1233 535 1305 597 id
1329 543 1567 599 tamen
1591 537 1885 616 addens,
1912 547 1990 600 ut
2019 538 2245 601 nostri
2274 548 2608 601 curarent
2628 555 2717 600 ne
2748 538 2927 601 inter
2948 554 3141 601 men-

669 638 990 703 dicantes
1014 650 1082 704 et
1105 650 1388 705 nostros
1417 644 1912 708 controversia
1943 645 2269 708 oriretur.
2304 643 2443 709 Sed
2470 644 2866 726 Episcopus
2894 644 3139 708 Came·

671 747 991 811 racensis
1043 766 1183 811 non
1223 749 1508 814 omnino
1549 750 1988 831 quiescebat,
2034 760 2103 815 et
2144 751 2327 815 duas
2370 769 2628 815 causas
2678 768 2805 816 cur
2852 762 3141 815 nostros

673 855 1120 934 repellendos
1151 867 1471 921 censeret
1493 906 1508 935 ,
1548 868 1833 938 praeter
1876 876 2037 922 eam
2058 907 2073 935 ,
2115 876 2330 939 quam
2372 860 2699 940 superius
2740 858 3050 923 diximus
3091 858 3137 934 ²,

673 961 1071 1041 allegabat:
1125 964 1350 1028 altera
1401 974 1558 1028 erat
1609 965 1800 1045 quod
1847 966 2074 1029 nostri
2124 982 2269 1029 non
2317 966 2383 1030 ei
2420 984 2497 1029 se
2535 975 3139 1047 praesentassent;

673 1068 1006 1147 quamvis
1045 1070 1112 1132 ei
1146 1070 1512 1150 respondit
1539 1070 1858 1150 Legatus
1888 1071 2078 1152 quod
2107 1073 2283 1136 satis
2312 1089 2389 1135 se
2428 1073 2660 1136 nostri
2698 1081 3141 1153 praesentas-

673 1185 830 1239 sent
853 1224 868 1253 ,
901 1185 972 1239 et
1002 1176 1094 1239 ad
1121 1194 1198 1241 se
1227 1178 1788 1257 praesentandos
1819 1196 2263 1260 quocumque
2287 1187 2604 1259 tempore
2625 1179 2861 1259 parati
2882 1187 3141 1256 essent;

671 1282 988 1346 secunda
1018 1292 1174 1347 erat
1202 1301 1424 1347 causa
1462 1285 1650 1365 quod
1689 1284 2009 1365 Reginae
2049 1285 2319 1349 Mariae
2361 1303 2505 1349 non
2548 1288 2862 1367 placeret
2900 1296 3147 1349 nostra

671 1384 1028 1468 SocietaS,
1062 1392 1392 1471 quamvis
1420 1401 1490 1455 et
1532 1394 1762 1473 ipsam
1804 1392 2206 1457 Cardinalis
2248 1392 2493 1472 PoluS,
2534 1394 2605 1456 in
2650 1391 2991 1471 Angliam
3033 1410 3139 1455 ac-

675 1512 1038 1575 cessurus,
1072 1498 1473 1578 alloquutus
1502 1509 1611 1563 est
1632 1501 1772 1563 hoc
1804 1511 2171 1579 autumn0,
2206 1512 2277 1563 et
2298 1500 2417 1563 illa
2441 1500 2825 1579 benignam
2845 1516 2922 1562 se
2952 1498 3145 1563 exhi·

675 1601 857 1678 buit,
890 1612 962 1667 et
989 1606 1354 1685 negotium
1383 1606 1736 1670 commisit
1768 1608 2155 1671 secretario
2194 1606 2474 1671 cuidam
2517 1624 2649 1671 suo
2703 1604 2749 1685 ⁵,
2790 1607 2913 1687 qui
2946 1606 3149 1670 fami·

675 1706 874 1772 liaris
938 1721 1094 1775 erat
1149 1710 1427 1776 Nuncio
1491 1712 1913 1793 Apostolico
1938 1764 1953 1791 ,
2022 1724 2095 1777 et
2158 1714 2257 1777 ita
2323 1713 2634 1793 suscepit
2692 1729 2941 1779 curam
2996 1714 3148 1793 ipse

675 1812 994 1880 Nuncius
1045 1834 1200 1882 rem
1246 1836 1409 1883 cum
1448 1818 1727 1900 Regina
1766 1831 1836 1884 et
1877 1821 2034 1901 ipso
2073 1820 2461 1885 secretario
2511 1819 2954 1883 conficiendi.
3008 1818 3148 1883 Sed

677 1931 1062 2004 antequam
1087 1924 1440 1990 Bruxellis
1470 1927 1834 1991 recederet
1855 1927 2172 2007 Legatus
2194 1924 2653 2008 Apostolicus
2672 1926 2905 2006 Polus,
2932 1926 3149 2006 quiin

675 2029 1017 2110 Angliam
1047 2050 1088 2094 a
1118 2029 1406 2097 Summo
1436 2033 1778 2097 Pontifice
1807 2034 2249 2110 mittebatur,
2282 2042 2353 2097 et
2391 2052 2435 2097 a
2478 2031 2794 2113 Regibus
2834 2032 3147 2112 Angliae

676 2154 838 2201 cum
867 2138 1255 2203 universali
1285 2157 1640 2205 consensu
1668 2141 1850 2220 regii
1880 2140 2174 2205 Consilii
2196 2142 2271 2203 in
2294 2140 2366 2204 id
2389 2156 2693 2219 regnum
2726 2139 3146 2216 vocabatur,
3228 2204 3233 2210 ,

677 2242 752 2306 Ρ.
787 2242 1065 2324 Ignatio
1094 2247 1380 2327 scripsit
1408 2246 1632 2327 ipsius
1661 2257 1731 2311 et
1759 2245 2137 2312 Societatis
2162 2257 2413 2328 petens
2435 2246 2799 2309 orationes
2820 2246 2913 2310 ad
2935 2246 3148 2327 impe-

681 2352 1013 2416 trandum
1042 2352 1212 2417 felix
1259 2357 1857 2435 complementum
1908 2354 2341 2420 reductionis
2378 2354 2720 2434 Angliae,
2764 2352 2965 2432 quus
3006 2371 3150 2417 ma-

674 2475 893 2538 gnam
923 2476 1122 2539 spem
1152 2460 1394 2524 divina
1426 2462 1706 2527 bonitas
1734 2461 1952 2526 dabat
1980 2462 2025 2525 ⁴.

794 2566 937 2631 633.
1023 2568 1507 2633 Pei-venerant
1537 2568 1941 2633 Lovanium
1977 2570 2051 2632 19
2092 2568 2263 2650 Maji
2301 2567 2432 2632 PP.
2474 2567 2853 2648 Quintinus
2892 2578 2962 2632 et
3000 2568 3143 2631 An-

678 2675 916 2737 tonius
945 2685 1014 2739 et
1047 2674 1299 2738 deinde
1336 2676 1428 2738 1.⁸
1475 2676 1667 2759 Junii
1710 2676 1788 2740 P.
1830 2676 2195 2740 Adrianus
2235 2675 2629 2754 Candidus;
2672 2682 2741 2739 et
2778 2676 2946 2756 quia
2987 2692 3149 2737 cum

679 2782 1064 2861 prioribuS,
1099 2791 1169 2845 et
1197 2783 1412 2847 etiam
1441 2801 1602 2847 cum
1632 2784 2044 2863 posteriori,
2076 2783 2296 2863 aliqui
2318 2782 2654 2864 juveneS,
2689 2783 2781 2847 ad
2808 2784 2914 2845 eis
2954 2783 3147 2845 auxi-
3249 2857 3261 2869 ·

679 2888 848 2951 lium
872 2888 945 2952 in
967 2889 1220 2953 itinere
1244 2888 1553 2954 ferendis
1574 2891 1831 2969 idonei,
1852 2890 2051 2954 missi
2073 2890 2377 2969 fuerant,
2398 2891 2672 2953 censuit
2692 2888 2767 2952 P.
2788 2888 3151 2953 Adrianus

678 2995 1141 3059 remittendos
1168 3014 1291 3061 eos
1321 3014 1502 3061 esse.
1536 2996 1715 3061 Cum
1745 2998 1933 3061 enim
1960 2996 2266 3061 Lovanii
2293 2998 2487 3060 nulla
2520 2996 2862 3061 exercitia
2890 2996 3150 3059 littera·

681 3102 788 3165 ria
838 3113 961 3166 aut
999 3104 1394 3183 spiritualia
1412 3153 1427 3182 ,
1473 3104 1661 3186 quod
1715 3104 1807 3168 ad
1856 3104 2323 3169 domesticam
2374 3104 2626 3167 attinet
2679 3102 3150 3183 disciplinam,

675 3206 1068 3281 iunioribus
1096 3210 1595 3274 convenientia
1629 3210 2093 3289 haberentur,
2126 3228 2426 3291 cumque
2466 3219 2704 3273 essent
2740 3208 3155 3273 sacerdotes

675 3324 825 3378 toto
853 3315 1002 3379 fere
1031 3316 1144 3380 die
1171 3327 1377 3382 extra
1406 3316 1692 3381 domum
1721 3318 1795 3380 in
1816 3318 2104 3399 pietatis
2124 3317 2604 3381 functionibus
2628 3316 2983 3397 occupati,
3008 3333 3153 3379 non

675 3423 855 3485 alios
883 3440 1041 3486 esse
1071 3424 1456 3488 mittendos
1484 3423 1562 3488 P.
1595 3423 1959 3488 Adrianus
1988 3425 2344 3503 censebat,
2379 3441 2592 3504 quam
2616 3424 2985 3504 operarios
3007 3423 3156 3503 jam

682 3530 1052 3610 probatOS,
1088 3530 1313 3594 donec
1345 3531 1628 3610 collegii
1657 3531 2067 3595 instituendi
2095 3530 2400 3594 facultas
2430 3530 2812 3595 haberetur
2850 3529 2897 3589 ⁸.
2940 3528 3153 3593 Circa

680 3634 750 3697 id
780 3646 1057 3716 tempus
1085 3636 1312 3700 bonus
1343 3636 1630 3718 quidam
1659 3647 1729 3701 et
1757 3637 2077 3702 eruditus
2107 3636 2443 3701 sacerdos
2473 3638 2759 3717 rogavit
2781 3635 2858 3700 P.
2902 3637 3151 3700 Adria-

674 3850 837 3883 5acra
859 3842 910 3884 et
927 3840 1183 3897 profana,
1202 3842 1288 3885 lib.
1313 3853 1344 3885 x
1359 3873 1371 3894 ,
1391 3853 1513 3896 pag.
1533 3840 1676 3894 495)...
1696 3840 1756 3884 L.
1780 3841 2083 3894 Danaes,
2114 3840 2145 3895 g
2167 3852 2210 3895 1,
2233 3851 2350 3895 pag.
2372 3841 2453 3884 266
2482 3842 2653 3895 operis
2686 3842 2838 3892 infra.
2860 3852 2909 3885 n.
2940 3840 3039 3895 648,
3062 3842 3147 3885 de-

682 3911 960 3956 scribendi.

762 3983 780 4015 ¹
839 3984 1176 4038 “Accepimus
1195 3986 1356 4029 etiam
1375 3985 1584 4029 litteras
1601 3984 1826 4039 septima
1847 3984 2168 4039 Septembris
2188 3986 2450 4039 (scriptas)
2473 3992 2526 4027 et
2548 3984 2897 4029 intelleximus
2923 3984 3159 4028 Societa-

681 4056 786 4099 tem
807 4061 1040 4100 nostram
1071 4056 1348 4101 admissam
1380 4068 1411 4100 a
1445 4056 1913 4101 Reverendissimis
1935 4056 2205 4110 Episcopis
2242 4056 2510 4100 Leodtensi
2532 4064 2583 4099 et
2607 4056 2923 4100 'fornacensi
2959 4060 3013 4099 et
3050 4055 3158 4099 Deo

681 4129 887 4181 gratias
919 4129 1138 4183 agimus.
1160 4128 1374 4173 Utinam
1401 4129 1468 4173 ad
1497 4128 1610 4183 eins
1635 4128 1887 4173 honorem
1922 4128 2116 4183 aliquid
2145 4128 2345 4183 insigne
2377 4128 2616 4172 §celet-ts
2650 4126 2828 4171 inillis
2862 4128 3159 4181 reg-ionibus

681 4202 956 4252 operetur!
991 4199 1058 4245 Et
1079 4201 1284 4256 quidem
1305 4202 1366 4244 de
1389 4201 1537 4245 domo
1557 4199 1737 4245 Leodii
1760 4200 2083 4244 admittenda
2100 4201 2235 4244 alias
2250 4202 2448 4255 μαι-ειη,
2466 4200 2737 4249 Polaticus.
2756 4210 2823 4243 ex
2842 4210 2993 4252 com„
3010 4199 3159 4243 Patri

687 4269 924 4316 Adriano
947 4272 1344 4327 Adriaenssens,
1365 4272 1419 4315 16
1434 4271 1675 4316 Octobris
1697 4272 1816 4315 1554.

773 4344 796 4375 ⁸
851 4341 1037 4399 supra,
1057 4355 1179 4399 pag.
1200 4344 1298 4399 286,
1321 4356 1372 4388 n.
1389 4344 1487 4387 614.

776 4412 799 4441 ³
854 4413 1065 4460 Scilicet
1081 4450 1092 4466 .
1115 4415 1345 4471 Reginae
1367 4415 1671 4461 secretario.

769 4489 792 4521 ⁴
844 4485 1001 4532 Dedit
1031 4488 1129 4533 has
1158 4488 1366 4533 litteras
1397 4487 1604 4543 Ignatio
1634 4487 1929 4532 cardinalis
1950 4488 2104 4531 Polus
2136 4488 2393 4533 Bruxellis
2427 4492 2471 4533 ll
2496 4490 2807 4533 Novembris
2845 4488 2998 4543 hujus
3037 4488 3158 4531 anni

693 4560 814 4605 ‘554’
834 4560 970 4604 Vide
993 4560 1184 4605 cartas
1203 4562 1270 4605 de
1293 4561 1403 4604 San
1427 4560 1666 4615 Ignacio,
1686 4568 1720 4605 t.
1741 4573 1792 4615 v,
1816 4572 1939 4615 pag.
1960 4560 2025 4603 19.

772 4634 795 4667 ⁸
849 4632 983 4677 Vide
1005 4646 1186 4689 supra.
1209 4645 1329 4689 pag.
1347 4631 1449 4687 292,
1471 4645 1520 4677 n.
1540 4632 1636 4677 62¹2.
