3742 5392
1625 515 1754 607 Aps.
1801 514 1943 573 1554
2870 472 2873 475 ⁴
2913 512 3023 571 4⁴3

547 661 850 743 Collegii
880 661 1316 738 conveniret,
1349 662 1443 725 ad
1465 658 1666 739 cujus
1689 659 2293 723 constructionem
2315 660 2783 739 pollicebatur
2805 659 3019 723 situm

552 770 667 833 vel
694 768 1006 843 domum,
1040 784 1222 849 quae
1249 766 1399 831 fere
1427 767 1566 829 tria
1596 766 1816 830 millia
1844 766 2268 830 ducatorum
2291 766 2599 842 valebat,
2625 775 2696 829 et
2716 784 2795 829 se
2818 783 3021 829 cura·

551 886 786 940 turam
817 875 1366 957 applicationem
1393 873 1749 938 redituum
1775 873 1925 954 jam
1954 874 2327 938 dictorum.
2364 873 2639 938 Civitas
2667 882 2904 937 autem
2945 874 3021 937 li·

550 984 800 1047 benter
829 982 1306 1047 conditionem
1335 981 1644 1061 admisit,
1677 980 2097 1045 aedificandi
2127 981 2399 1044 scilicet
2438 978 2759 1059 Collegii,
2807 990 2878 1044 et
2928 980 3017 1043 ad

551 1092 688 1154 hoc
711 1090 943 1171 ipsum
967 1090 1102 1153 tria
1126 1089 1348 1152 millia
1373 1089 1798 1151 ducatorum
1819 1088 2079 1151 civitas
2103 1088 2551 1169 promiserat,
2580 1096 2651 1150 et
2672 1087 2763 1151 ad
2781 1085 2855 1151 P.
2876 1086 3019 1151 An·

554 1198 828 1262 tonium
858 1198 1248 1278 scripserat
1277 1205 1374 1274 ut,
1411 1196 1502 1259 ad
1541 1212 1693 1260 rem
1733 1194 2243 1273 inchoandam,
2288 1193 2696 1259 Cordubam
2734 1195 3023 1259 accede-

554 1313 686 1384 ret,
741 1313 813 1367 et
863 1320 1030 1367 suos
1073 1302 1342 1367 reditus
1381 1302 1911 1367 ecclesiasticos
1959 1312 2035 1365 ut
2090 1302 2411 1377 donaret,
2466 1301 2655 1381 quod
2702 1300 3025 1365 Studium

549 1410 902 1475 Generale
931 1409 1308 1474 Cordubae
1337 1410 1669 1489 erigeret,
1705 1409 1965 1473 obnixe
1994 1409 2321 1487 rogabat.

671 1516 813 1580 949.
900 1517 988 1581 Et
1019 1517 1122 1579 sic
1154 1534 1342 1581 anno
1371 1516 1852 1598 praecedenti,
1886 1532 2051 1579 cum
2080 1515 2155 1579 P.
2192 1514 2648 1594 Franciscus,
2680 1516 2753 1579 in
2774 1514 3019 1580 Portu-

548 1624 846 1704 galliam
872 1623 1358 1704 proficiscenS,
1389 1622 1958 1686 Marchionissae
1988 1620 2382 1701 gratificari
2420 1640 2504 1686 eo
2528 1634 2844 1703 tempore
2874 1640 3019 1685 non

556 1739 798 1811 posset
827 1740 903 1793 ut
933 1731 1231 1810 ipsemet
1261 1727 1666 1794 Cordubam
1707 1729 2033 1807 veniret,-
2069 1730 2345 1793 censuit
2386 1728 2462 1792 Ρ.
2505 1729 2891 1794 Antonium
2936 1747 3021 1793 eo

552 1838 802 1901 venire
851 1836 1141 1901 debere:
1178 1837 1372 1901 dedit
1421 1845 1659 1900 autem
1688 1836 1764 1900 P.
1797 1835 2270 1900 Provincialis
2300 1836 2602 1917 aliquoS,
2636 1836 2755 1916 qui
2785 1836 3022 1899 lectio-

551 1960 681 2007 nes
709 1944 1154 2021 inchoarent,
1189 1960 1367 2024 quos
1395 1942 1917 2007 Marchionissa
1955 1960 2031 2006 se
2070 1953 2631 2008 sustentatur-am
2668 1943 3016 2024 promisit,

554 2050 780 2115 donec
827 2068 920 2116 ex
959 2050 1335 2131 applicatis
1366 2050 1709 2113 reditibus
1739 2050 2247 2115 ecclesiasticis
2266 2049 2389 2113 filii
2420 2051 2527 2114 sui
2548 2050 2842 2115 Antonii
2872 2068 3020 2113 sus-

550 2159 813 2221 tentari
834 2168 1147 2238 possent,
1175 2166 1243 2221 et
1268 2158 1364 2220 ita
1389 2158 1521 2222 sub
1542 2156 1752 2221 finem
1778 2158 1946 2221 anni
1959 2158 2324 2238 praeteriti
2346 2158 2577 2238 primo
2600 2156 3015 2237 Montillam‚

550 2265 808 2329 deinde
850 2264 1289 2341 Cordubam,
1344 2274 1419 2327 ut
1468 2264 1794 2345 superius
1843 2265 2109 2328 dictum
2164 2275 2309 2342 est,
2370 2265 2598 2328 nostri
2649 2276 3021 2343 venerunt,

555 2380 658 2450 et,
706 2371 1090 2435 accedente
1122 2369 1197 2433 P.
1232 2370 1642 2450 Villanova,
1677 2371 2080 2451 Collegium
2110 2370 2518 2434 inchoatum
2548 2380 2657 2435 est
2691 2370 2729 2433 ¹.

674 2476 818 2541 950.
906 2476 1046 2543 Sed
1074 2495 1236 2541 cum
1267 2478 1518 2541 domus
1548 2478 1772 2558 ipsius
1813 2477 1892 2542 P.
1940 2476 2239 2542 Antonii
2275 2478 2683 2541 necessaria
2724 2494 3028 2541 commo-

559 2585 780 2649 ditate
810 2585 902 2648 ad
930 2585 1219 2649 scholas
1241 2584 1595 2664 aptandas
1617 2595 1921 2663 careret,
1941 2593 2009 2648 et
2033 2585 2173 2648 alia
2198 2596 2683 2665 quaereretur,
2706 2582 2794 2647 D.
2825 2584 3031 2666 Joan-

559 2708 688 2755 nes
718 2690 805 2755 de
837 2691 1170 2756 Corduba
1200 2688 1247 2768 ³,
1292 2691 1487 2771 prius
1533 2708 1576 2753 a
1617 2689 1975 2756 Societate
2026 2693 2201 2755 satis
2250 2692 2547 2769 alienus,
2600 2692 2673 2755 in
2712 2688 3033 2771 'gratiam

561 2799 639 2862 P.
673 2796 973 2863 Antonii
1006 2799 1386 2879 quamdam
1416 2815 1622 2862 suam
1652 2798 1964 2876 domum,
1999 2816 2183 2879 quae
2226 2798 2315 2861 ad
2358 2798 2645 2862 scholas
2688 2797 3032 2861 tenendas

560 2906 935 2971 commoda
965 2905 1364 2983 videbatur,
1399 2906 1674 2985 obtulit,
1708 2916 1800 2985 et,
1834 2915 1913 2970 ut
1943 2906 2275 2985 diximus,
2311 2906 2547 2970 animo
2569 2922 2867 2988 prorsus
2887 2921 3032 2968 mu·

560 3022 736 3093 tato,
771 3030 914 3078 non
945 3013 1102 3077 illas
1134 3022 1410 3085 tantum
1443 3014 1718 3092 domOS,
1749 3031 1935 3094 quae
1986 3014 2433 3093 petebantur,
2473 3012 2597 3075 sed
2653 3028 2832 3092 quas
2882 3012 3034 3091 ipse

561 3120 1027 3198 inhabitabat,
1081 3136 1264 3200 quas
1307 3120 1578 3183 fecerat
1623 3124 1775 3201 ipse
1824 3131 1895 3185 et
1935 3121 2102 3200 igne
2153 3127 2615 3200 consumptas
2661 3117 3031 3195 refecerat,

561 3229 634 3292 in
666 3228 922 3309 quibus
952 3228 1246 3307 triginta
1277 3226 1428 3291 fere
1457 3228 1676 3292 millia
1715 3228 2139 3292 ducatorum
2168 3226 2629 3307 expenderat,
2666 3225 2838 3289 dare
2884 3234 3033 3287 tan·

563 3335 724 3400 dem
746 3335 996 3412 voluit,
1034 3344 1104 3398 et
1136 3346 1302 3416 post
1333 3334 1720 3399 adventum
1750 3333 1827 3398 P.
1861 3333 2231 3397 Francisci
2260 3350 2410 3397 rem
2441 3332 2533 3396 ad
2564 3332 2892 3397 effectum
2922 3332 3036 3395 de·

562 3442 788 3520 duxit,
823 3459 974 3505 rem
1004 3442 1385 3506 admodum
1414 3442 1763 3523 probante
1785 3441 2131 3521 magistro
2154 3441 2429 3523 Joanne
2452 3441 2540 3505 de
2565 3440 2803 3518 Avila,
2834 3437 3037 3519 cujus

563 3550 990 3613 sententiam
1013 3549 1100 3613 D.
1129 3549 1441 3633 Joannes
1463 3550 1551 3614 de
1573 3547 1905 3613 Corduba
1932 3548 2267 3613 Decanus
2286 3548 2571 3629 plurimi
2593 3547 2922 3612 faciebat.
2950 3548 3037 3611 Et

563 3824 774 3871 neficlos
793 3830 826 3871 a
847 3828 894 3871 el
917 3825 1128 3881 Colegio
1148 3826 1211 3869 de
1233 3824 1486 3869 Cordoba.
1510 3824 1653 3870 Goza
1673 3827 1721 3870 el
1750 3837 1846 3880 por
1865 3837 1926 3869 su
1956 3823 2265 3869 liberalidnd
2300 3836 2333 3879 y
2354 3826 2522 3869 buena
2544 3824 2823 3879 diligencia
2852 3835 2921 3868 un
2950 3825 3037 3867 be-

563 3897 747 3943 neflcio
786 3910 846 3941 en
879 3899 933 3942 la
963 3898 1268 3953 partoqulal
1302 3898 1365 3941 de
1400 3896 1506 3941 San
1535 3897 1771 3942 Lorenzo
1800 3897 1865 3940 de
1900 3896 2165 3941 cordoba:
2186 3898 2239 3941 ιι
2269 3900 2599 3951 prestamera
2630 3896 2692 3939 de
2733 3896 3034 3951 Bujalance.

564 3970 796 4024 Belmez,
821 3970 990 4014 Aldea
1011 3970 1094 4013 del
1129 3969 1224 4013 Rio
1255 3981 1288 4024 ‚v
1308 3969 1531 4024 Mlugos,
1554 3981 1652 4024 que
1687 3981 1743 4013 es
1777 3970 1860 4013 del
1891 3966 2152 4023 obispado
2174 3969 2237 4012 de
2268 3967 2523 4013 Corduba.
2545 3967 2674 4012 Otro
2706 3966 2953 4012 beneficio
2974 3978 3037 4011 en

561 4040 776 4086 Cazalln
797 4041 860 4084 de
878 4042 932 4085 la
953 4040 1129 4086 δίει-τι
1145 4074 1155 4093 ,
1171 4041 1530 4096 Arzoblspndo
1551 4041 1613 4085 de
1631 4040 1830 4085 Sevilla
1845 4074 1856 4095 ,
1878 4054 1913 4098 y
1932 4052 2001 4084 un
2023 4040 2271 4084 beneficio
2290 4051 2354 4083 en
2377 4038 2539 4083 Santa
2558 4038 2761 4083 Matina
2781 4039 2842 4082 de
2862 4038 3039 4082 Andu-

556 4114 644 4168 jar
664 4114 747 4157 del
770 4111 1029 4168 obispado
1049 4114 1112 4157 de
1134 4112 1280 4167 Jaen,
1297 4124 1397 4168 qne
1411 4112 1561 4157 todos
1577 4114 1755 4169 Juntos
1771 4124 1838 4157 un
1859 4116 1961 4157 ano
1982 4124 2077 4157 con
2097 4119 2214 4157 otro
2236 4112 2403 4155 haran
2423 4112 2487 4155 de
2507 4118 2659 4155 tenta
2680 4112 2767 4155 mil
2788 4110 3035 4155 ducados.

562 4185 644 4229 La
661 4184 818 4229 nnion
838 4185 902 4227 de
923 4192 1170 4240 aquatus
1201 4184 1379 4239 pletas
1399 4185 1514 4229 hizo
1537 4186 1586 4229 el
1615 4184 1760 4240 Papa
1783 4184 1875 4229 Pio
1897 4185 1971 4228 ⁴.⁰
1990 4196 2054 4228 en
2078 4184 2130 4227 19
2161 4183 2275 4228 dias
2294 4184 2377 4227 del
2414 4193 2523 4227 mes
2552 4184 2614 4226 de
2636 4181 2931 4227 Diciembre
2956 4182 3039 4225 del

513 4255 522 4265 '
564 4260 665 4304 ailo
683 4258 746 4301 de
769 4258 876 4303 15⁶0
893 4270 990 4312 que
1011 4258 1096 4302 fue
1117 4258 1166 4302 el
1187 4258 1414 4313 primero
1433 4258 1494 4301 de
1516 4270 1577 4303 eu
1607 4258 1967 4313 pontificatue...
1989 4256 2321 4303 SAsnvamtz
2339 4290 2351 4311 ,
2374 4256 2620 4301 Historia
2641 4257 2709 4301 de
2736 4256 2791 4299 Ia
2814 4256 3042 4299 Provin-

561 4332 648 4373 cia
669 4330 735 4374 de
757 4330 1058 4373 Andalucia
1080 4331 1146 4375 de
1167 4331 1222 4373 ta
1245 4329 1540 4384 Campania
1561 4330 1630 4374 de
1647 4330 1831 4386 Iesus,
1849 4336 2003 4385 parte
2022 4340 2041 4373 1
2056 4362 2067 4384 ,
2088 4330 2175 4375 lib.
2196 4341 2231 4383 1,
2252 4340 2369 4384 cap.
2390 4340 2501 4380 xiv.
2524 4340 2575 4373 n.
2598 4327 2855 4372 lin-vide
2880 4328 3040 4371 etiam

563 4401 870 4453 Danaen,
898 4402 1027 4445 Acta
1061 4402 1293 4447 Sanctae
1321 4401 1480 4446 Sedis
1499 4404 1557 4446 in
1579 4413 1747 4447 causa
1771 4402 2063 4447 societatis
2078 4400 2235 4457 Jesu,
2262 4412 2297 4455 1,
2330 4411 2453 4456 pag.
2484 4401 2552 4451 19.
2586 4412 2634 4444 n.
2668 4401 2711 4454 3,
2743 4408 2798 4443 et
2828 4410 2946 4455 pag.
2970 4398 3040 4453 20,

565 4486 618 4520 n.
653 4473 696 4519 5.

647 4547 664 4579 ¹
722 4546 858 4590 Vide
878 4556 1036 4600 supra
1053 4578 1064 4597 ,
1087 4551 1124 4590 t.
1144 4556 1220 4599 m,
1246 4556 1368 4600 pag.
1391 4544 1475 4589 362
1491 4546 1590 4599 3⁶5,
1612 4556 1699 4591 nn.
1719 4544 1925 4591 794-802.

645 4618 670 4650 2
722 4618 947 4671 joannes
967 4618 1030 4661 de
1051 4616 1310 4671 Corduba,
1346 4622 1403 4661 ut
1443 4624 1620 4662 notum
1659 4626 1755 4669 est.
1790 4619 2045 4662 ecclesiae
2080 4616 2427 4663 Cordubensi·
2460 4614 2701 4661 Decimus
2730 4622 2867 4659 erat.
2904 4612 3040 4657 Vide

563 4699 740 4744 supra,
763 4695 799 4733 t.
823 4688 1088 4743 :nn-Ejus
1123 4694 1274 4743 gesta
1309 4688 1421 4732 fuse
1455 4698 1672 4735 enarrat
1705 4689 2064 4743 Saum-ann,
2088 4692 2119 4733 1.
2141 4689 2377 4733 c.-Vide
2408 4689 2567 4732 etiam
2602 4686 2791 4731 cartas
2828 4685 2893 4728 de
2929 4684 3041 4728 San

565 4760 803 4815 Ignacro,
823 4767 860 4804 t.
883 4772 940 4803 tv
961 4766 1013 4803 et
1034 4772 1096 4815 νς
1119 4761 1270 4815 plura
1292 4760 1354 4803 de
1385 4772 1446 4804 eo
1469 4762 1610 4805 dabit
1635 4761 1784 4805 Nova
1807 4762 1991 4806 Series
2010 4762 2322 4806 litterarum
2347 4760 2535 4804 Sancti
2554 4758 2784 4813 Ignatii.
