3742 5392
741 472 811 528 14
1443 475 1450 481 '
1661 465 1918 528 CmtoN.
1960 466 2110 527 Soc.
2154 468 2295 540 JEs.

867 618 960 680 14.
1050 617 1319 680 Eodem
1353 613 1722 696 [tempore]
1747 623 1987 679 actum
2011 624 2116 678 est
2136 615 2223 678 de
2246 614 2691 695 expeditione
2714 614 3203 693 Patr-iarchae,

733 743 950 804 quam
980 723 1134 787 Rex
1162 722 1639 802 portugalliae
1681 722 1868 799 serio
1909 720 2289 786 admodum
2329 721 2404 784 Ρ.
2451 722 2729 800 Ignatio
2771 723 2920 785 suis
2951 723 3204 785 litteris

733 831 1388 908 commendaverat,
1420 832 1538 908 qui
1577 846 1729 892 rem
1770 829 2065 892 contulit
2107 845 2267 891 cum
2308 829 2484 891 viris
2530 829 2898 908 gravibuS,
2932 837 3079 892 tam
3112 846 3201 891 ex

739 938 1055 1018 Collegio
1082 937 1587 1015 Cardinalium,
1613 937 1797 999 inter
1820 952 1999 1016 quos
2010 935 2294 999 fuerant
2309 935 2711 998 Cardinalis
2726 934 3199 1013 Stae·CruciS,

739 1045 1376 1125 compostellanus,
1425 1052 1495 1106 et
1532 1043 1619 1106 de
1659 1043 1880 1106 Puteo
1926 1041 1967 1122 ¹,
2009 1059 2222 1122 quarn
2273 1061 2364 1104 ex
2414 1042 2594 1106 aliis,
2648 1043 2841 1106 Inter
2879 1052 3205 1107 caeteros

731 1164 974 1215 tamen
1002 1153 1319 1230 Legatus
1348 1151 1568 1230 Regis
1595 1151 2077 1230 Portugalliae
2106 1151 2401 1213 multum
2432 1150 2596 1213 huic
2624 1151 2914 1230 negotio
2954 1161 3200 1214 contu-

737 1261 815 1323 lit
843 1261 886 1339 2,
921 1271 989 1322 et
1019 1259 1203 1322 inter
1233 1268 1518 1321 caetera
1549 1259 1664 1322 ille
1694 1257 1975 1321 curavit
2003 1267 2079 1320 ut
2113 1257 2535 1320 Patriarcha
2573 1257 2934 1337 subJectus
2966 1257 3201 1322 Socie-

731 1367 1237 1444 tati‘maneret‚
1268 1365 1454 1446 quod
1485 1363 1692 1427 Pater
1722 1363 1860 1441 ille,
1897 1363 2010 1426 cui
2033 1361 2288 1442 subjici
2316 1363 2625 1443 deberet,
2654 1365 2727 1427 in
2749 1363 2947 1427 India
2967 1372 3037 1426 et
3059 1381 3203 1427 non

734 1474 808 1536 in
836 1473 1220 1552 Aethiopia
1249 1489 1404 1536 esse
1433 1472 1754 1550 deberet;
1795 1471 1856 1534 si
1896 1471 2082 1534 enim
2126 1471 2201 1533 in
2238 1470 2621 1550 Aethiopia
2658 1471 2913 1551 aliquis
2952 1471 3203 1534 fuisset

731 1581 851 1644 cui
899 1579 1324 1643 Patriarcha
1387 1578 1888 1659 subjiceretur,
1944 1577 2162 1640 nimia
2227 1575 2568 1658 subjectio
2633 1578 2791 1642 visa
2847 1578 3095 1642 fuisset
3155 1577 3198 1640 ³.

731 1858 956 1914 pendam
993 1870 1121 1903 vero
1163 1870 1277 1902 cum
1316 1857 1546 1902 vacabit.
1595 1855 1672 1900 De
1710 1855 2064 1900 convertendo
2104 1856 2155 1898 in
2205 1856 2453 1910 gallicum
2492 1860 2583 1901 aut
2623 1856 2975 1900 theutonicum
3014 1857 3203 1901 idioma

735 1929 800 1975 V.
821 1929 882 1974 R.
901 1930 970 1984 id,
989 1930 1122 1984 quod
1144 1930 1364 1974 senserit
1388 1932 1438 1972 in
1459 1929 1602 1982 Duo„
1621 1928 1862 1972 suadebit
1882 1929 1973 1980 eis,
1995 1928 2079 1982 qui
2113 1927 2383 1971 consilium
2404 1929 2695 1982 exquir-unu
2720 1929 2763 1972 si
2784 1935 2961 1972 tamen
2983 1928 3204 1982 evulga-

735 2010 844 2046 tum
864 2009 944 2046 est
966 2004 1280 2056 opusculum.
1311 2002 1515 2045 difficile
1537 2001 1638 2045 erit
1657 2001 1932 2055 prohibere
1961 2001 2005 2044 si
2027 2000 2141 2054 quis
2162 2005 2371 2043 vertere
2398 2001 2619 2044 voluerit
2640 2033 2653 2051 ,
2688 2008 2746 2043 ut
2780 2001 2829 2044 in
2851 2001 3084 2044 italicum
3108 2001 3200 2043 Pe·

729 2075 859 2118 rusii
880 2085 911 2118 a
933 2073 1144 2117 vicario
1167 2072 1460 2117 cardinalis
1481 2072 1712 2115 Perusini
1745 2077 1798 2115 et
1818 2073 1870 2116 in
1892 2071 2218 2114 lusitanicum
2238 2080 2269 2113 a
2291 2068 2565 2114 cardinale
2581 2103 2591 2122 ,
2617 2069 2774 2123 Regis
2805 2071 2971 2114 fratre
2988 2102 3001 2124 ‚
3022 2077 3081 2114 ut
3114 2083 3201 2114 au·

730 2146 834 2196 dio.
855 2145 994 2188 verti
1015 2151 1252 2188 curatum
1273 2150 1367 2188 est.
1391 2143 1598 2187 Revera
1620 2151 1796 2187 tamen
1817 2143 2149 2187 confessariis
2169 2145 2221 2184 et
2245 2151 2342 2184 non
2364 2143 2521 2196 vulgo
2553 2141 2683 2184 liber
2710 2141 2797 2184 ille
2828 2141 3001 2185 editus
3021 2142 3118 2185 fuit
3149 2149 3201 2186 et

735 2218 1095 2260 sacerdotibus
1129 2227 1229 2259 non
1263 2217 1412 2260 iaicis
1442 2227 1508 2259 ex
1537 2227 1632 2260 usu
1665 2216 1875 2259 videtur
1907 2215 2152 2266 intuma„
2186 2212 2458 2266 Polancus,
2494 2223 2560 2255 ex
2594 2223 2742 2266 com„
2780 2212 2923 2256 Patri
2960 2213 3197 2257 Adriano

737 2288 1128 2342 AdriaenssenS,
1150 2288 1203 2331 24
1221 2288 1342 2341 Julii
1365 2288 1487 2332 1554.

815 2359 1121 2404 Excusaene
1141 2361 1244 2404 sint
1264 2361 1365 2405 hae
1387 2359 1654 2404 versiones
1673 2371 1740 2403 an
1760 2371 1862 2402 non
1891 2359 1988 2402 hoc
2020 2370 2153 2404 anno
2184 2358 2293 2404 1554
2322 2357 2596 2401 nescimus.
2628 2357 2856 2400 Primam
2888 2354 3024 2398 enim
3054 2355 3203 2409 galli-

729 2441 849 2474 cam
864 2463 876 2486 ,
909 2432 1055 2486 cujus
1086 2433 1318 2476 meminit
1349 2431 1723 2485 Bibliotheqm
1757 2432 1854 2474 des
1886 2431 2159 2474 derivains
2192 2433 2260 2475 de
2292 2432 2347 2476 la
2384 2429 2705 2484 campagnia
2738 2428 2804 2470 de
2834 2427 3019 2482 stuS,
3052 2431 3089 2469 t.
3125 2436 3200 2479 vr,

727 2491 830 2546 col.
849 2503 946 2558 943,
968 2504 1043 2547 ita
1061 2503 1309 2548 describit
1331 2503 1728 2547 Sonussavoou:
1750 2502 2067 2547 “Directoire
2091 2503 2181 2547 des
2202 2503 2536 2548 Confesscurs
2552 2534 2563 2554 ,
2588 2507 2697 2544 tres
2718 2499 2855 2543 brief
2882 2509 2975 2553 par
3007 2499 3199 2551 lequel,

729 2580 849 2618 tant
868 2575 917 2618 le
937 2574 1246 2620 Confesseur
1266 2586 1363 2630 que
1385 2577 1432 2620 le
1457 2575 1695 2619 Penitent
1714 2582 1963 2629 pourtont
1984 2587 2037 2618 se
2058 2577 2232 2630 regler
2266 2577 2300 2619 a
2328 2575 2446 2619 bien
2473 2575 2705 2628 parfaire
2735 2578 2787 2614 et
2816 2571 3098 2624 accomplir
3135 2581 3196 2613 ce

733 2645 822 2700 qui
843 2654 922 2690 est
943 2647 1005 2690 de
1026 2649 1139 2691 leur
1160 2646 1339 2691 devoir
1358 2659 1426 2692 au
1449 2646 1751 2690 Sacrement
1785 2647 1847 2690 de
1870 2646 2166 2702 Penitence,
2186 2649 2425 2702 composa
2446 2657 2511 2690 en
2529 2645 2661 2689 latin
2682 2655 2779 2699 par
2808 2645 2855 2686 le
2886 2641 2947 2685 R.
2978 2641 3035 2685 P.
3065 2641 3196 2694 Jean

739 2719 943 2775 Polanc,
974 2721 1203 2764 Docteur
1233 2732 1293 2764 en
1325 2720 1619 2775 Theologie,
1656 2720 1731 2764 De
1765 2721 1818 2764 la
1853 2719 2171 2775 Compagnie
2207 2721 2269 2764 de
2302 2720 2331 2774 J
2337 2725 2467 2764 esus.
2488 2719 2558 2762 Et
2581 2718 2679 2762 mis
2712 2727 2775 2760 en
2810 2715 3060 2769 Francois
3095 2725 3193 2770 par

733 2791 798 2834 N.
819 2790 882 2836 D.
906 2791 958 2835 S.
981 2793 1098 2847 plus
1115 2803 1184 2835 un
1204 2793 1480 2836 sommaire
1513 2793 1603 2835 des
1633 2791 1833 2836 Pechez
1864 2797 1919 2835 et
1955 2791 2057 2836 Cas
2092 2793 2156 2836 de
2187 2792 2505 2844 conscience,
2540 2790 2793 2844 recueilly
2822 2788 2913 2831 des
2943 2787 3200 2831 Docteurs

735 2861 1042 2907 canonistes
1061 2870 1115 2906 et
1136 2863 1452 2908 Sommistes.
1476 2863 1530 2908 P.
1551 2863 1617 2907 M.
1639 2861 1939 2908 Gvillavme
1960 2863 2126 2908 Gazet
2148 2863 2283 2908 Cure
2305 2863 2367 2908 de
2388 2862 2441 2907 S.
2466 2861 2662 2906 Mariae
2684 2858 3008 2912 Magdelaine
3038 2861 3072 2903 a
3102 2859 3202 2902 Ar-

731 2945 838 2980 ras.
860 2936 910 2979 A
931 2935 1132 2992 Dovay,
1154 2936 1278 2979 chez
1298 2935 1428 2988 Jean
1446 2935 1663 2991 Bogart,
1679 2935 1744 2979 M.
1771 2936 1831 2979 D.
1851 2935 1988 2980 LIX.
2012 2936 2105 2980 12.ο
2124 2949 2209 2991 pp.
2225 2935 2636 2990 amm-Primam
2655 2938 2830 2976 autem
2848 2931 3194 2976 lusitanicam:

731 3004 951 3050 “Mestre
971 3005 1100 3058 Joao
1122 3006 1329 3060 Poiaco,
1364 3007 1654 3051 Directorio
1685 3009 1746 3051 de
1768 3007 2105 3052 confessores
2138 3019 2163 3051 e
2196 3008 2495 3051 Penitentes
2512 3039 2522 3058 .
2555 3004 2726 3049 tirado
2756 3004 2821 3048 do
2842 3003 2992 3046 latim
3012 3013 3094 3046 em
3114 3003 3205 3046 lin·

732 3083 901 3132 guage
923 3084 1222 3133 portuguez,
1243 3090 1340 3134 por
1358 3080 1480 3123 hum
1501 3081 1744 3134 religioso
1769 3081 1836 3124 da
1857 3080 2048 3124 Ordem
2069 3080 2132 3123 de
2155 3079 2212 3125 S.
2240 3079 2573 3136 Hieronymo,
2607 3089 2701 3132 por
2722 3075 2979 3120 mandacio
3015 3074 3083 3118 da
3116 3072 3205 3117 Se-

729 3151 1005 3194 renissima
1026 3149 1227 3194 Infante
1249 3151 1398 3195 Dona
1419 3151 1601 3205 Maria,
1625 3162 1717 3206 por
1739 3152 1943 3196 Alvaro
1963 3153 2027 3196 de
2048 3151 2226 3196 Torre.
2250 3151 2459 3204 Lisboa,
2491 3161 2555 3192 en
2584 3160 2707 3193 casa
2740 3149 2801 3191 de
2832 3147 3056 3200 joannes
3078 3145 3205 3189 Bla-

733 3224 836 3274 vio,
857 3230 910 3267 et
930 3233 1025 3277 por
1046 3221 1248 3267 Mai-cos
1267 3222 1483 3278 Bon-ges.
1505 3223 1626 3276 1556,
1645 3223 2055 3278 8.⁰„-1talicam:
2088 3223 2173 3268 “In
2194 3223 2421 3268 Venetia
2436 3254 2447 3276 ,
2479 3231 2729 3276 appresso
2761 3219 3017 3264 Damiano
3044 3217 3202 3261 Zene-

726 3306 805 3349 ro,
830 3294 1405 3349 1579.„—Theutonicam
1423 3296 1838 3350 (germanicam?)
1861 3301 2037 3340 autem
2059 3298 2256 3341 nullam
2277 3295 2529 3340 meminit.

810 3363 944 3410 Vide
965 3366 1124 3408 etiam
1147 3365 1336 3408 Carras
1355 3367 1423 3409 de
1445 3366 1556 3409 San
1577 3367 1815 3421 lgnacio,
1837 3379 1873 3412 t.
1894 3379 1967 3422 ιν,
1990 3379 2112 3423 pag.
2132 3368 2212 3412 411
2236 3372 2290 3411 et
2310 3367 2378 3411 24.

811 3439 828 3470 ¹
887 3435 1112 3488 Scilicet.
1128 3435 1422 3481 Cardinalis
1437 3437 1710 3482 Marcellus
1727 3438 1958 3494 cervini,
1976 3439 2063 3483 tit.
2087 3439 2313 3484 Sanctae
2335 3437 2535 3490 Crucis,
2558 3435 2853 3480 cardinalis
2866 3434 3092 3486 joannes
3118 3434 3205 3477 Al-

733 3519 892 3553 varez
910 3510 975 3552 de
995 3507 1204 3560 Toledo.
1229 3509 1284 3552 Ο.
1309 3510 1382 3563 Ρ.,
1403 3511 1624 3564 primum
1648 3511 1726 3554 tit.
1749 3510 1800 3554 S.
1821 3511 1977 3564 sixti,
2009 3522 2129 3555 mox
2157 3511 2211 3554 S.
2243 3510 2524 3554 Clementis
2540 3541 2551 3561 .
2582 3507 2793 3552 tandem
2824 3505 2877 3550 S.
2906 3504 3208 3554 Pancratii,

729 3580 1168 3634 Archiepiscopus
1189 3580 1652 3636 Compostellanus,
1674 3587 1726 3626 et
1748 3581 2045 3628 cardinalis
2064 3582 2290 3635 jacobus
2312 3583 2374 3626 de
2396 3581 2558 3626 Puteo
2575 3613 2586 3635 ,
2609 3581 2691 3624 tit.
2724 3577 2776 3621 S.
2810 3577 3077 3630 Simeonis,
3106 3575 3202 3620 ‘Ar-

729 3653 1088 3706 chiepiscopus
1119 3651 1381 3697 Barensis.

807 3725 831 3758 ⁸
884 3725 1184 3778 Alpbonsus
1202 3724 1265 3767 de
1286 3724 1575 3769 Lancaster
1593 3727 1680 3777 (ab
1701 3725 1819 3769 aliis
1841 3725 2193 3780 Alencastre).
2211 3725 2321 3769 “En
2341 3725 2463 3770 todo
2484 3725 2554 3770 ha
2574 3724 2738 3768 hecho
2757 3725 2806 3767 el
2839 3719 3201 3766 comendador

731 3795 916 3852 Mayor
936 3797 984 3840 lo
1005 3807 1102 3850 que
1123 3806 1220 3840 con
1240 3797 1520 3850 diligencia
1539 3809 1575 3853 y
1590 3797 1811 3842 culdado
1827 3809 1885 3842 se
1903 3799 1971 3842 ha
1988 3798 2176 3852 podido
2196 3798 2401 3850 baeer...
2420 3795 2673 3852 Ignatius,
2692 3795 2823 3850 Regi
2845 3791 3201 3845 portugalliae

725 3869 786 3913 28
802 3867 1076 3912 Februarii
1099 3867 1220 3911 1555.
1245 3867 1452 3918 Canas,
1472 3875 1510 3913 t.
1530 3881 1565 3911 v
1582 3900 1592 3921 ,
1609 3880 1730 3924 pag.
1749 3869 1821 3914 98.
1851 3869 2117 3926 Majorem
2152 3869 2647 3914 commendatorem
2679 3867 2935 3920 Legatum
2966 3864 3199 3918 appellat

729 3940 980 3996 Ignatius,
1001 3939 1124 3994 quia
1139 3941 1239 3983 hac
1260 3940 1516 3994 dignitate
1536 3943 1770 3995 pollebat
1789 3941 2083 3986 Lancaster
2102 3943 2156 3986 in
2178 3941 2395 3986 militari
2420 3939 2611 3984 Ordine
2634 3938 2847 3982 Christi.
2871 3935 2997 3979 “Em
3028 3933 3199 3978 Feve-

725 4023 884 4068 reyro
904 4011 964 4055 de
991 4011 1094 4055 1554
1112 4022 1206 4055 era
1229 4010 1597 4068 Embayxador
1618 4023 1699 4056 em
1730 4013 1898 4057 Roma
1926 4024 1957 4057 o
1992 4013 2551 4058 Commendador-mor:
2584 4016 2769 4054 consta
2798 4018 2893 4063 por
2924 4014 3078 4051 carta
3112 4007 3199 4049 del

731 4083 848 4140 Rey
863 4094 992 4138 pera
1012 4084 1134 4127 hum
1155 4083 1568 4128 Cardeal.-—xm.
1589 4083 1649 4129 L.
1670 4085 1691 4128 1
1715 4083 1794 4128 ⁰...
1815 4085 2014 4128 Consta
2034 4097 2133 4140 que
2154 4092 2299 4129 ueste
2320 4095 2455 4128 anno
2476 4083 2539 4126 de
2564 4083 2682 4135 1554,
2704 4091 2733 4124 e
2754 4091 2849 4136 per
2868 4079 3100 4123 Outubro
3122 4089 3200 4120 es·

731 4163 860 4200 tava
879 4167 958 4198 em
980 4155 1143 4199 Roma
1163 4165 1193 4198 o
1216 4154 1756 4200 Commendador·m6r
1778 4156 1845 4200 da
1879 4156 2068 4201 Ordem
2104 4157 2166 4201 de
2201 4155 2594 4200 Christo.-xm.
2628 4153 2690 4198 L.
2725 4152 2821 4206 l.⁰„
2856 4151 2951 4196 Fa.
2972 4149 3101 4194 Luxz
3132 4159 3197 4191 na

725 4227 912 4280 Souza,
937 4227 1154 4270 Annaes
1170 4227 1237 4270 de
1259 4227 1416 4270 emes·
1437 4227 1501 4270 D.
1521 4226 1656 4282 Joao
1675 4230 1921 4272 tereeiro.
1942 4227 2219 4273 Memoriae
2240 4240 2268 4271 e
2290 4228 2622 4272 documentos
2638 4258 2649 4279 ,
2674 4225 2791 4273 ¹554,
2815 4235 2934 4278 pag.
2952 4222 3052 4266 443.

808 4299 832 4331 ⁸
886 4298 1040 4343 Circa
1060 4299 1156 4343 hoc
1177 4299 1402 4342 videnda
1421 4300 1628 4343 omnino
1648 4301 1922 4344 annotatio
1956 4301 2027 4344 1.⁸
2045 4300 2114 4344 ad
2136 4300 2411 4355 epistolam
2433 4298 2649 4343 Dcxlv
2670 4297 2723 4341 in
2746 4297 2937 4340 Carras
2956 4295 3022 4338 de
3044 4294 3097 4336 S.
3120 4293 3200 4344 Ig-

729 4372 906 4424 nacto,
925 4376 965 4415 t.
987 4381 1036 4422 v,
1052 4381 1172 4426 pag.
1195 4370 1474 4415 82.—-i²rius
1494 4377 1670 4414 tamen
1691 4383 1844 4426 quam
1879 4372 2250 4416 decerneretur
2277 4377 2335 4415 ut
2364 4369 2543 4414 Indiae
2572 4367 2907 4420 provinciali,
2930 4372 3197 4418 tamquam

731 4442 1045 4498 Aethiopiae
1067 4441 1374 4498 visitatori,
1396 4443 1660 4498 subiectus
1679 4443 1856 4498 aliquo
1878 4444 2026 4487 modo
2046 4443 2183 4488 soret
2205 4443 2538 4495 patriarcha,
2558 4443 2845 4494 cogitatum
2865 4439 3037 4483 fuerat
3056 4442 3114 4480 ut
3136 4436 3199 4479 de

727 4515 994 4560 societate
1013 4525 1143 4558 nnus
1163 4525 1278 4557 eum
1299 4514 1640 4558 comitaretur
1661 4514 1873 4571 Syndicl
1895 4514 2069 4559 Officio
2090 4515 2381 4558 functurus.
2402 4513 2499 4557 “Et
2518 4513 2781 4557 ceciderat
2802 4509 3008 4565 quidem
3041 4516 3198 4558 super

732 4600 812 4633 me
833 4598 962 4640 sors,
983 4592 1042 4631 ut
1061 4597 1178 4630 cum
1197 4586 1362 4630 officio
1381 4587 1582 4643 syndici
1601 4587 1722 4630 aliis
1742 4598 2119 4631 annumeraret
2140 4619 2150 4642 ,
2175 4588 2261 4642 qui
2282 4587 2333 4631 in
2362 4586 2700 4640 Aethiopiam
2731 4581 3197 4638 proficiscerentur.

731 4661 1018 4706 Noluerant
1039 4659 1175 4702 enim
1193 4658 1360 4702 sancti
1381 4659 1456 4703 illi
1476 4658 1662 4702 Patres
1681 4659 1732 4703 in
1754 4659 1832 4703 sui
1855 4659 2232 4713 promotionem
2254 4659 2319 4702 ad
2340 4671 2433 4704 eas
2452 4659 2735 4713 dignitates
2766 4652 3076 4705 consentire,
3098 4650 3197 4694 nisi

723 4733 955 4788 aliquem
975 4731 1308 4786 praepositus
1327 4731 1589 4786 generalis
1607 4731 1670 4775 de
1692 4730 1959 4779 societate
1978 4733 2302 4786 adiungeret,
2324 4734 2409 4786 qui
2430 4732 2556 4786 ipsis
2580 4729 2783 4774 nomine
2806 4725 3091 4770 societatis
3112 4723 3198 4766 ad·
