3742 5392
625 469 697 526 76
1549 471 1804 532 Cimon.
1847 470 1999 532 Soc.
2040 473 2180 545 JEs.

612 617 1075 696 permitteret,
1110 626 1184 680 ut
1214 617 1503 681 vexatio
1536 617 1740 682 daret
1764 619 2223 683 intellectum.
2252 617 2645 699 Respondit
2668 618 2836 683 Dux
2861 637 2937 682 se
2959 619 3107 684 hoc

614 723 983 803 negotium
1013 741 1156 787 non
1187 724 1566 788 inchoasse
1594 735 1671 788 ut
1700 725 2193 806 imperfectum
2221 727 2673 807 relinqueret.

743 829 876 894 133.
963 829 1102 894 Sed
1141 831 1492 911 vigesima
1536 841 1790 912 quarta
1823 831 1840 863 ¹
1875 831 2310 913 Septembris
2354 833 2643 898 tandem
2668 882 2683 913 ,
2734 841 2897 914 post
2936 851 3097 914 pec·

618 947 942 1001 catorum
1013 939 1534 1002 confessionem
1564 988 1578 1018 ,
1645 949 2178 1004 sacramentum
2236 940 2729 1005 Eucharistiae
2787 939 3099 1006 Ducissa

617 1045 946 1125 sumpsit3
989 1043 1179 1124 quod
1229 1046 1334 1110 sic
1378 1045 1705 1110 effectum
1746 1055 1875 1109 est.
1919 1046 2120 1125 Dux,
2164 1065 2205 1110 a
2245 1065 2384 1128 quo
2426 1047 2939 1112 confessarium
2978 1049 3097 1112 illa

617 1153 936 1231 petebat,
973 1170 1135 1216 cum
1172 1152 1584 1233 aliquandiu
1611 1155 2031 1234 cogitasset,
2067 1155 2430 1235 respondit
2468 1155 2687 1219 alium
2718 1172 2794 1218 se
2825 1155 3107 1220 confes-

616 1259 886 1322 sarium
936 1276 1152 1339 quam
1187 1256 1264 1321 Ρ.
1317 1259 1771 1324 Pelletariurn
1826 1278 1971 1324 non
2017 1259 2381 1340 daturum,
2427 1270 2497 1325 et
2538 1279 2669 1342 per
2711 1262 3098 1327 Dominum

617 1365 1108 1430 Alexandrum
1137 1367 1203 1429 ei
1230 1366 1662 1446 significavit
1691 1385 1834 1430 non
1863 1367 2113 1431 videre
2143 1385 2227 1432 eo
2255 1377 2575 1448 tempore
2594 1417 2609 1447 ,
2643 1369 2759 1432 cui
2798 1370 3094 1434 confide-

615 1491 692 1536 re
719 1483 982 1552 posset,
1017 1473 1155 1537 nisi
1185 1473 1435 1537 eidem.
1474 1471 1635 1554 Sed,
1673 1475 1845 1538 dum
1868 1483 2247 1538 cunctatur
2266 1474 2681 1540 Alexander
2705 1477 3109 1557 aliquantu--

617 1580 794 1657 lum,
826 1579 984 1659 ipsa
1022 1578 1344 1644 Ducissa
1373 1581 1526 1644 sine
1582 1581 2003 1663 cujusquam
2046 1584 2541 1662 persuasione,
2587 1601 2770 1664 quae
2814 1585 3099 1665 quidem

615 1687 950 1767 sciretur,
983 1688 1372 1767 postulavit
1405 1705 1448 1750 a
1475 1687 1680 1770 Duce
1710 1699 1786 1753 ut
1817 1687 1895 1752 Ρ.
1928 1688 2383 1754 Pelletarium
2422 1691 2662 1755 statim
2704 1691 2795 1756 ad
2838 1708 2915 1756 se
2944 1692 3094 1756 mit·

617 1803 829 1873 teret;
875 1795 997 1874 qui
1033 1811 1197 1858 cum
1237 1794 1330 1858 ad
1367 1812 1526 1859 eam
1563 1796 1975 1875 accederet,
2022 1797 2210 1860 laeto
2249 1799 2449 1861 vultu
2482 1815 2645 1862 eum
2675 1799 2991 1879 excepit,
3026 1808 3102 1862 et

620 1911 1008 1982 conquesta
1037 1910 1144 1964 est
1182 1902 1372 1982 quod
1401 1902 1672 1965 tamdiu
1703 1902 2163 1967 abstinuisset
2194 1904 2283 1967 ab
2313 1902 2465 1984 ejus
2492 1905 2841 1986 colloquio
2870 1953 2883 1984 ,
2928 1923 3097 1970 nam

617 2007 766 2071 fere
794 2007 975 2072 duos
1006 2025 1286 2072 menses
1322 2019 1483 2090 post
1521 2010 1844 2073 ultimum
1888 2011 2086 2073 illum
2122 2027 2587 2090 congressum
2628 2012 3090 2079 abstinuerat:

616 2123 720 2195 te,
764 2115 989 2196 inquit
1028 2115 1146 2178 illa
1167 2164 1181 2193 ,
1228 2116 1300 2179 in
1343 2115 1858 2180 confessarium
1899 2117 2103 2194 elegi.
2158 2117 2280 2181 Ille
2323 2129 2563 2182 autem
2592 2120 2791 2200 prius
2826 2121 3089 2184 exami-

615 2222 926 2286 nandam
953 2231 1022 2285 et
1050 2223 1547 2287 instruendam
1575 2224 1663 2287 de
1691 2222 1856 2287 fidei
1886 2224 2099 2288 rebus
2128 2225 2464 2289 censebat
2481 2275 2495 2304 ,
2529 2244 2617 2289 ne
2660 2243 2737 2290 se
2777 2228 3109 2307 periculo

621 2338 1030 2408 exponeret.

743 2435 877 2500 134.
965 2435 1164 2500 Dixit
1193 2454 1367 2518 ergo
1397 2439 1462 2501 ei
1504 2447 1750 2518 aperte
1793 2438 1983 2519 quod
2021 2448 2317 2519 paratus
2358 2449 2513 2503 erat
2551 2457 2642 2503 ex
2682 2451 2831 2504 toto
2876 2442 3103 2505 animi

619 2543 876 2608 affectu
905 2545 997 2608 ad
1027 2562 1185 2608 eam
1217 2563 1380 2609 cum
1407 2545 1652 2610 divina
1680 2546 1919 2626 gratia
1949 2544 2453 2626 adjuvandam
2485 2548 2944 2612 nihilominus
2968 2567 3085 2611 an-

615 2648 900 2732 tequ'am
930 2669 1092 2715 cum
1123 2653 1244 2716 illa
1273 2661 1520 2732 ageret
1549 2653 1782 2717 locum
1812 2651 1946 2716 Dei
1977 2662 2247 2732 tenenS,
2284 2654 2549 2735 aliquid
2578 2673 2656 2718 se
2686 2657 2870 2718 velle
2899 2656 3094 2736 loqui

614 2767 691 2822 ut
733 2758 977 2838 homo,
1020 2767 1096 2824 ut
1134 2759 1562 2839 intelligeret
1599 2760 1673 2823 in
1712 2760 1968 2839 quibus
2007 2761 2369 2824 erroribus
2413 2763 2607 2825 circa
2654 2761 2867 2826 fidem
2909 2772 3095 2826 esset

614 2875 900 2930 versata
923 2882 938 2945 3
971 2876 1039 2930 et
1065 2884 1227 2930 cum
1255 2867 1487 2948 ipsam
1515 2869 1589 2931 in
1612 2867 1937 2932 doctrina
1966 2868 2365 2932 catholicae
2406 2868 2568 2933 fidei
2606 2869 3085 2950 instruxisset,

615 2982 764 3037 tum
786 2972 1071 3036 demum
1099 2974 1192 3037 ad
1221 2986 1751 3038 sacramentum
1779 2976 2256 3055 poenitentiae
2285 2993 2360 3039 se
2399 2985 2878 3040 accessurum.
2922 2976 3089 3042 Coe·

615 3081 718 3159 pit
744 3097 918 3160 ergo
951 3081 1039 3144 de
1069 3081 1597 3146 haereticorum
1626 3080 1831 3162 huJ'us
1861 3083 2132 3148 saeculi
2160 3083 2542 3164 erroribuS,
2578 3101 2753 3164 quos
2784 3085 2904 3147 illo
2935 3084 3093 3164 ipso

615 3187 727 3251 die
757 3189 1168 3268 collegerat,
1203 3189 1294 3252 ab
1323 3190 1629 3252 ecclesia
1660 3189 2087 3268 inchoando,
2122 3209 2206 3254 eo
2238 3191 2506 3267 ordine,
2541 3207 2753 3270 quem
2774 3191 3039 3255 Echius
3068 3189 3093 3220 ²

615 3303 867 3358 contra
902 3293 1294 3359 Lutherum
1335 3297 1673 3377 sequitur.
1718 3295 1866 3361 Nec
1911 3297 2063 3362 sine
2103 3315 2325 3362 causa
2358 3298 2537 3363 haec
2574 3297 3095 3379 praemittenda

615 3401 888 3464 censuit
917 3403 1368 3483 confessioni;
1401 3421 1568 3466 nam
1597 3413 1669 3467 et
1697 3402 1884 3468 Duci
1914 3405 2496 3469 satisfaciendum
2516 3404 2669 3484 fuit,
2699 3407 2821 3485 qui
2841 3405 3092 3470 intelli·

614 3525 786 3589 gere
815 3509 1057 3589 voluit,
1092 3527 1300 3590 quem
1329 3510 1616 3574 modum
1645 3527 1808 3575 cum
1837 3529 2063 3575 uxore
2095 3521 2334 3577 tenere
2364 3513 2437 3576 in
2467 3512 2603 3576 hoc
2627 3511 2915 3593 negotio
2949 3513 3091 3574 vel·

619 3619 734 3678 let.
766 3615 924 3678 Hoc
963 3627 1200 3679 tamen
1243 3617 1570 3680 examine
1599 3617 1981 3696 incipiebat
2011 3618 2321 3683 Ducissa
2352 3619 2687 3697 animari,
2722 3628 2792 3682 et
2820 3618 3093 3698 conspi-

616 3739 748 3786 cue
776 3723 1006 3786 videri
1033 3732 1313 3802 poterat
1342 3723 1532 3804 quod
1561 3722 1758 3788 Deus
1787 3743 1945 3788 eam
1972 3724 2305 3806 J‘uvabat;
2338 3742 2469 3789 nec
2513 3725 2701 3790 enim
2730 3727 2849 3790 illa
2878 3742 3095 3805 nega-

613 3831 768 3909 bat,
804 3847 986 3910 quae
1023 3829 1100 3893 P.
1144 3828 1520 3894 Pelletario
1573 3832 1857 3897 aliunde
1909 3851 2084 3897 vera
2122 3849 2281 3896 esse
2335 3835 2797 3914 constabant;
2848 3835 3090 3915 itaque

698 4071 715 4103 ¹
773 4069 1040 4124 vigesima
1062 4071 1238 4124 tertia,
1260 4069 1650 4126 Ronocazucm,
1671 4073 1706 4116 l.
1728 4084 1793 4122 c..
1811 4083 1927 4126 cap.
1949 4084 2019 4127 xx,
2040 4084 2162 4128 ρει.
2184 4073 2279 4128 253,
2302 4078 2357 4118 et
2379 4073 2636 4123 Dnmrrm..
2650 4074 2865 4129 Herzog
2882 4075 3113 4119 Horten--

619 4143 698 4184 les
717 4152 819 4185 von
843 4141 1080 4186 Ferrara
1103 4143 1215 4185 und
1235 4143 1386 4186 scine
1406 4143 1791 4197 Beaeiehungen
1828 4155 1898 4187 εκ
1932 4146 2055 4188 dem
2091 4145 2433 4200 Kurfarsten
2466 4145 2665 4190 Merite
2696 4155 2800 4190 von
2833 4146 3095 4198 sachsen,

618 4214 730 4258 und
749 4224 817 4256 su
838 4213 941 4256 den
963 4213 1235 4268 Jesuiten,
1248 4225 1370 4269 pag.
1388 4215 1458 4258 u.
1482 4213 1582 4258 Sed
1607 4214 1918 4260 Pelletarius
1940 4216 2049 4269 lpse
2074 4217 2341 4270 vigesima
2363 4221 2579 4271 quarta,
2600 4218 2787 4262 litteris
2808 4216 2986 4262 eodem
3007 4219 3089 4261 die

617 4285 684 4328 ad
703 4284 970 4340 Ignatlum
989 4285 1144 4338 datia,
1165 4296 1297 4339 qnae
1315 4286 1479 4330 habes
1494 4286 1544 4330 in
1569 4286 1760 4330 Carras
1778 4287 1845 4332 de
1867 4287 1979 4330 San
1998 4287 2237 4340 Ignacio,
2258 4295 2303 4332 t.
2326 4299 2399 4342 iv,
2420 4300 2533 4343 pag⁴
2558 4289 2658 4333 525.
2672 4289 2837 4334 -Non
2856 4290 3093 4334 advertit

619 4356 1004 4410 Ronoclumcm,
1027 4356 1146 4401 dnm
1167 4358 1297 4402 haec
1317 4356 1543 4412 scripsit:
1568 4357 1670 4401 “Le
1692 4359 1943 4404 vendi-edi
1961 4361 2012 4404 21
2043 4362 2336 4414 septembre
2354 4391 2366 4410 ,
2384 4362 2484 4405 elle
2506 4361 2781 4406 manifesta
2802 4361 3095 4406 l'intention

615 4427 886 4472 d‘asslster
906 4439 974 4472 au
993 4427 1195 4472 nervice
1217 4428 1360 4472 divin
1377 4459 1390 4480 ,
1413 4427 1475 4472 de
1495 4439 1551 4472 oe
1571 4429 1854 4474 confesser.
1876 4428 1951 4473 Le
1971 4430 2243 4475 dimanche
2265 4433 2454 4487 marin,
2476 4434 2524 4476 le
2548 4432 2677 4477 Pete
2700 4431 2981 4477 Pelletarlo
3002 4438 3095 4476 eut

615 4501 669 4543 la
680 4499 784 4553 joie
801 4499 864 4542 de
880 4500 952 4543 lul
967 4499 1161 4543 donner
1176 4499 1226 4542 le
1241 4500 1380 4554 pain
1400 4499 1467 4542 de
1483 4511 1693 4555 anges„
1713 4512 1808 4546 nec
1827 4502 1967 4547 21.ιω
1982 4503 2119 4548 illius
2134 4503 2257 4548 anni
2274 4503 2379 4547 155⁴
2394 4503 2551 4548 fuisse
2568 4505 2850 4556 vendrede',
2864 4515 2959 4551 nec
2971 4515 3091 4559 pro-

613 4570 733 4614 inde
752 4569 890 4614 28³⁸·
911 4569 1216 4614 dimanche.

698 4642 722 4673 ⁸
775 4640 1000 4694 joannes
1018 4640 1183 4686 Maier
1202 4653 1304 4686 von
1327 4642 1458 4688 Eck.
1482 4641 1648 4699 HuJus
1667 4655 1811 4700 opus,
1833 4645 1897 4688 de
1920 4655 2019 4700 quo
2040 4644 2125 4690 hle
2142 4645 2338 4692 mentio
2361 4645 2435 4698 fit,
2452 4647 2591 4692 haud
2614 4647 2766 4694 dubie
2787 4655 2871 4694 est
2894 4647 3090 4694 Euchi-

619 4724 634 4753 ι
651 4713 800 4756 idion
819 4713 1053 4756 locorum
1075 4715 1441 4758 communium
1465 4716 1731 4759 adversus
1751 4715 2107 4762 Lutheranos.
