3742 5392
1684 534 1810 611 An.
1855 534 1997 594 1554
2970 536 3081 597 333

723 678 864 741 709.
949 679 1299 759 Quamvis
1324 680 1624 743 ecclesia
1648 680 1848 743 initio
1874 679 2083 760 hujus
2107 680 2273 744 anni
2297 680 2621 745 confecta
2645 698 2788 745 non
2809 693 2997 746 esset
3026 684 3069 761 ¹,

605 786 840 849 multis
867 795 1105 850 tamen
1136 784 1606 850 confessionis
1651 798 1720 851 et
1762 788 2285 850 communionis
2314 796 2839 852 sacramentum
2878 790 3071 853 domi

605 892 832 955 nostri
860 892 1373 973 impertierunt;
1421 894 1545 957 sed
1577 903 1782 957 extra
1823 893 2241 974 Collegium,
2289 895 2363 957 in
2393 895 2696 958 ecclesia
2734 896 3070 976 quadam,

605 1000 852 1063 diebus
908 999 1138 1077 sestiS,
1198 1000 1610 1063 mulieribus
1656 1010 2119 1091 'sacramenta
2175 1001 2696 1065 ministrabant.
2755 1001 3073 1066 Fuerunt

604 1118 842 1171 autem
870 1117 1279 1171 nostrorum
1311 1125 1526 1188 opera
1559 1125 1705 1171 non
1736 1109 1948 1188 pauci
1986 1125 2025 1170 a
2058 1108 2367 1188 pessima
2406 1109 2751 1189 peccandi
2780 1127 3067 1175 consue-

605 1215 847 1279 tudine
877 1215 1224 1293 revocati,
1259 1216 1442 1278 inter
1472 1232 1651 1295 quos
1679 1216 1999 1278 nonnulli
2038 1216 2381 1295 plurimos
2424 1234 2649 1279 annos
2688 1234 2863 1281 suae
2910 1235 3071 1281 con·

607 1322 948 1385 scientiae
979 1339 1104 1401 per
1133 1321 1653 1385 confessionem
1683 1340 1824 1384 non
1856 1324 2383 1386 consuluerant.
2418 1322 2607 1386 Inter
2627 1323 2757 1386 hos
2782 1323 3069 1403 quidam

607 1428 768 1507 fuit,
799 1428 921 1508 qui
965 1428 1056 1491 ad
1099 1429 1614 1492 monasterium
1655 1427 1774 1492 S.t¹
1824 1426 2185 1492 Dominici
2236 1429 2328 1492 ad
2376 1430 2613 1493 virum
2660 1430 3074 1510 religiosum

605 1552 910 1615 magnae
941 1534 1388 1598 auctoritatis
1420 1546 1490 1599 et
1531 1534 1977 1613 eruditioniS,
2022 1536 2448 1614 cognomine
2494 1535 2847 1600 Miconem
2893 1536 2947 1615 ²,
2997 1554 3074 1601 se

602 1776 908 1819 invocacion
928 1774 991 1817 de
1011 1774 1184 1818 Sama
1207 1773 1388 1817 Maria
1412 1774 1478 1817 de
1494 1773 1681 1828 Jesus,
1700 1788 1734 1832 y
1757 1786 1821 1818 no
1841 1786 1897 1818 se
1920 1774 2043 1819 sabe
2065 1776 2119 1820 la
2136 1776 2365 1829 ocasion,
2388 1787 2485 1830 que
2505 1775 2641 1819 hubo
2662 1786 2796 1830 para
2816 1777 3003 1821 mudar
3022 1779 3074 1822 la

605 1848 908 1892 invocacion
929 1846 992 1890 de
1013 1846 1254 1890 Nuestra
1286 1846 1491 1890 Seffora
1512 1858 1574 1891 en
1596 1848 1647 1891 la
1667 1848 1730 1891 de
1753 1847 1865 1891 San
1899 1848 2110 1901 Poma...

682 1921 766 1965 Ex
785 1920 868 1965 his
888 1920 1104 1973 colliges
1125 1925 1304 1962 ternas
1325 1926 1448 1963 ante
1467 1930 1658 1963 annum
1681 1920 1786 1963 1555
1806 1921 1857 1964 in
1879 1921 2113 1964 favorem
2132 1919 2397 1964 Valentini
2421 1918 2641 1974 collegii
2662 1920 2817 1965 datas
2837 1920 2994 1965 fuisse
3015 1923 3077 1966 ll-

609 2002 768 2046 teras;
789 1991 1009 2043 scilicet.
1031 1989 1100 2034 1.⁰
1131 2001 1166 2033 a
1193 1990 1358 2034 Paulo
1389 1989 1484 2043 111.
1513 1992 1556 2035 si
1580 1998 1723 2035 recte
1745 1992 1828 2035 hic
1851 1992 2105 2046 scriptum
2138 1998 2216 2034 est
2241 1991 2410 2034 Paulo
2439 2002 2532 2035 nec
2552 1992 2879 2037 scribendum
2899 1993 3077 2048 julio,-

605 2064 676 2109 2⁰
695 2075 728 2108 a
749 2064 885 2117 Jniio
905 2062 980 2107 111
999 2062 1083 2106 die
1101 2062 1132 2105 8
1151 2060 1472 2117 Septembris
1497 2063 1612 2115 1550.
1633 2070 1684 2107 et
1715 2064 1788 2107 3.⁰
1818 2064 2036 2118 denique
2066 2065 2133 2109 ab
2167 2062 2349 2107 eodem
2378 2062 2514 2115 Julio
2542 2062 2617 2107 111
2647 2064 2731 2108 die
2764 2065 2815 2108 14
2843 2064 3077 2120 Septem-

607 2138 714 2181 bris
735 2136 852 2181 155⁴.
881 2136 1078 2180 Harum
1099 2146 1273 2181 autem
1303 2136 1728 2190 Apostolicarum
1759 2136 2061 2179 litterarum
2091 2136 2405 2179 mentionem
2439 2136 2637 2179 nullam
2665 2135 2865 2180 factam
2884 2137 3079 2192 reperi-

609 2220 718 2254 mus
738 2210 789 2253 in
811 2220 966 2262 opere
988 2208 1120 2253 Acta
1145 2209 1376 2252 Sanctae
1399 2208 1556 2251 Sedis
1577 2210 1634 2251 in
1656 2218 1823 2251 causa
1843 2206 2131 2251 societatis
2142 2206 2296 2261 Iesu,
2314 2208 2621 2253 1540-1773.

691 2282 708 2315 ¹
766 2284 948 2335 ...paso
968 2280 1211 2325 adelante
1231 2291 1328 2324 con
1350 2290 1507 2323 veras
1528 2280 1575 2322 el
1598 2279 1816 2331 edificio,
1838 2290 1937 2333 que
1959 2290 2056 2334 por
2078 2286 2223 2325 estas
2254 2279 2697 2324 contradicciones
2726 2291 2783 2323 se
2804 2280 2967 2325 habia
2986 2282 3081 2325 lle-

611 2352 748 2396 vado
768 2364 890 2406 may
913 2363 1043 2406 poco
1064 2354 1096 2395 a
1117 2363 1262 2406 poco,
1283 2364 1316 2408 y
1338 2363 1390 2395 se
1414 2353 1578 2395 acabo
1599 2362 1701 2394 una
1732 2350 1921 2405 iglesia
1943 2354 2189 2405 mque-iia.
2221 2362 2345 2406 pero
2376 2362 2499 2408 muy
2530 2352 2710 2406 pulida
2740 2364 2775 2408 y
2809 2353 3006 2406 alegre.
3029 2354 3076 2396 el

611 2426 710 2468 ailo
731 2424 881 2469 155⁶...
901 2422 1148 2467 Historia
1170 2435 1262 2468 ms.
1285 2424 1374 2466 del
1399 2422 1603 2476 Colegio
1621 2423 1689 2467 de
1720 2421 1994 2473 Valencia,
2012 2432 2070 2465 ut
2090 2434 2266 2478 supra.

691 2493 716 2525 ¹
769 2492 1100 2538 Venerabilis
1129 2494 1189 2537 P.
1219 2493 1446 2546 Joannes
1477 2492 1624 2547 Mico,
1660 2494 1991 2548 praeclarum
2023 2492 2228 2537 Ordinis
2266 2493 2697 2538 Praedicatorum
2732 2494 2907 2539 decus.
2946 2494 3077 2551 Eius

609 2570 761 2619 gesta
781 2571 1162 2609 enarraverunt
1184 2566 1268 2619 qui
1290 2576 1375 2609 res
1396 2566 1644 2618 hispanae
1667 2564 1937 2609 Ecclesiae
1958 2566 2213 2619 scripsere
2236 2564 2422 2620 quique
2444 2576 2597 2619 egere
2628 2566 2691 2609 de
2717 2564 3077 2623 scriptoribus,

607 2636 695 2691 qui
715 2636 768 2680 in
787 2634 1041 2691 Hispania
1068 2638 1278 2680 saeculo
1309 2648 1399 2681 xvz
1431 2638 1727 2685 floruerunt.
1759 2636 1982 2690 xxxmo,
2014 2638 2317 2691 Ani-anun,
2350 2636 2542 2690 Qua-rw
2574 2648 2633 2679 ετ
2666 2636 2903 2693 Ecuaan,
2925 2638 3077 2683 Nico-

612 2718 736 2751 taus
760 2708 1010 2761 Atei-omo,
1031 2715 1136 2753 etc.
1163 2708 1244 2753 Ea
1264 2710 1500 2752 breviter
1521 2710 1887 2763 complectitur
1908 2721 2123 2763 sequens
2153 2710 2475 2763 epitaphium
2512 2709 2645 2763 quod
2683 2708 2735 2753 in
2768 2709 2881 2764 ejus
2911 2712 3081 2765 sepul-

603 2780 734 2823 chro
753 2779 1028 2824 hodiedum
1050 2780 1330 2824 Valentiae
1356 2781 1603 2825 cernitur:

1149 2996 1476 3042 Venerabilis
1497 2997 1660 3041 Pater
1683 2996 1939 3052 Magister
1959 2996 2151 3043 Frater
2168 2997 2391 3050 Joannes
2412 2998 2543 3043 Mico

1405 3068 1717 3113 Valentinus
1735 3081 1801 3113 ex
1822 3070 2010 3124 oppido
2033 3070 2277 3114 Palomar

1361 3140 1529 3195 Hujus
1552 3141 1711 3185 Aedis
1731 3142 1973 3185 alumnus
1995 3146 2046 3184 et
2068 3146 2151 3185 ter
2172 3141 2325 3185 Prior

979 3210 1181 3265 Terque
1201 3211 1507 3265 Aragonum
1529 3211 1777 3256 vicarius
1799 3210 2075 3255 Generalis
2096 3224 2159 3255 ac
2180 3214 2336 3256 semel
2360 3212 2705 3257 provincialis

903 3282 995 3333 Qui
1018 3282 1202 3326 baculo
1221 3283 1428 3327 innixus
1451 3283 1782 3327 Provinciam
1804 3284 1868 3326 ad
1892 3284 2170 3338 pristinum
2190 3284 2515 3338 splendorem
2548 3284 2783 3327 restituit

1253 3353 1549 3399 Communis
1569 3356 1774 3409 inopum
1797 3366 1857 3398 ac
1881 3356 2272 3409 desperatorum
2294 3357 2437 3399 salus

1171 3425 1610 3470 Constitutionum
1634 3426 1842 3469 Ordinis
1861 3427 1929 3469 ad
1952 3437 2177 3481 unguem
2200 3427 2515 3471 observator

839 3494 1076 3551 Triginta
1099 3504 1322 3551 quatuor
1345 3497 1787 3551 Quadragesimas
1809 3498 1860 3540 in
1883 3498 2254 3541 celebrioribus
2275 3498 2511 3541 ecclesiis
2533 3498 2853 3543 declamavit

1041 3569 1121 3612 Ab
1143 3569 1386 3613 universo
1405 3572 1594 3624 populo
1617 3576 1675 3613 ut
1697 3580 1860 3613 novus
1884 3570 2032 3613 Elias
2062 3570 2276 3614 habitus
2294 3579 2347 3613 et
2368 3570 2653 3624 Apostolus

1297 3640 1586 3695 Utrumque
1607 3640 1856 3684 Sanctum
1877 3640 2127 3693 Joannem
2148 3641 2385 3685 imitatus

1417 3712 1712 3767 Baptistam
1733 3724 1861 3757 voce
1885 3721 1935 3757 et
1959 3712 2279 3767 poenitentia

1209 3782 1607 3839 Evangelistam
1627 3784 1939 3839 virginitate
1960 3792 2013 3827 et
2034 3796 2209 3829 amore
2233 3786 2285 3828 in
2304 3784 2479 3838 Jesum

1369 3855 1598 3899 Tandem
1619 3854 1783 3899 Beato
1805 3854 2072 3899 Ludovico
2092 3855 2317 3900 Bertran

1304 3928 1466 3980 Quem
1503 3926 1611 3970 suis
1651 3926 1887 3970 manibus
1926 3926 2176 3969 Habitum
2228 3927 2391 3971 induit

1001 4000 1068 4043 Ut
1088 4002 1314 4043 alterum
1336 3997 1668 4043 vincentium
1689 3996 1759 4041 Fe
1769 4009 1883 4041 rrer
1906 3996 2155 4041 Sanctum
2178 3998 2407 4042 futurum
2427 3998 2689 4053 praedixit

1171 4070 1464 4116 charitatis
1484 4072 1618 4115 bona
1638 4072 1786 4127 quasi
1807 4074 1951 4127 palia
1974 4072 2195 4117 Eli-§aeis
2216 4074 2513 4127 relinquens

1133 4142 1280 4185 DIem
1300 4148 1353 4186 et
1375 4143 1558 4187 horam
1579 4144 1955 4197 praenuntians
1978 4145 2042 4187 ad
2066 4146 2263 4188 coelum
2287 4144 2559 4188 advolavit

1510 4215 1706 4267 Populo
1727 4217 1794 4259 ad
1825 4216 1975 4259 funus
1998 4216 2186 4259 effluxo

1583 4286 1728 4331 Vixit
1763 4286 1933 4329 LXIII
1954 4298 2118 4331 annos

1278 4357 1514 4403 Decessit
1535 4358 1698 4413 pridie
1720 4358 1837 4401 Kal.
1859 4357 2183 4413 Septembris
2202 4357 2397 4402 MDLV

1363 4429 1448 4473 Ex
1465 4429 1642 4484 prisca
1662 4441 1792 4474 urna
1811 4430 1859 4474 in
1882 4430 2019 4476 hanc
2038 4432 2327 4474 translatus

1533 4501 1634 4545 Ubi
1657 4502 1790 4546 inter
1815 4502 1947 4546 filios
1967 4503 2176 4546 emicat.

687 4646 826 4700 Quae
849 4648 900 4692 in
919 4648 1017 4693 hoe
1039 4651 1151 4693 loeo
1174 4650 1235 4692 de
1263 4648 1315 4692 Ρ.
1339 4646 1427 4693 Fr.
1450 4648 1649 4700 Joanne
1673 4646 1801 4691 Mico
1824 4652 2010 4690 narrat
2034 4645 2306 4699 Polancus.
2336 4646 2711 4691 confirmantur
2732 4645 2795 4689 iis
2830 4656 2962 4700 quae
3000 4658 3087 4689 au-

603 4726 726 4763 ctor
745 4718 1025 4764 [Iistoriae
1043 4732 1137 4765 ms.
1157 4719 1246 4764 del
1268 4717 1474 4771 Cotegto
1495 4718 1562 4761 de
1587 4718 1695 4761 San
1720 4718 1887 4761 Pablo
1906 4718 1971 4760 de
2008 4716 2261 4759 Valencz'a
2295 4716 2495 4772 colligit
2526 4717 2607 4761 his
2634 4716 2824 4761 verbis:
2847 4714 2957 4761 “Un
2974 4729 3087 4761 mes

603 4797 758 4836 antes
778 4792 842 4836 de
861 4794 912 4837 la
933 4797 1132 4837 mnerte
1157 4792 1238 4836 del
1263 4789 1426 4835 Santo
1449 4790 1736 4845 Arzobispo
1755 4790 2002 4843 (Thomas
2022 4800 2055 4833 a
2077 4787 2382 4841 villanova)
2402 4788 2550 4843 cogio
2569 4788 2694 4832 Dios
2714 4788 2797 4833 del
2818 4790 2999 4842 vet-gel
3025 4789 3088 4832 de
