3742 5392
771 436 881 495 430
1694 437 1953 498 Cimon.
1994 436 2147 497 Soc.
2190 436 2329 510 JEs.

773 580 1000 647 Ducis
1036 580 1366 661 Nagerae
1395 582 1577 648 filius
1623 581 1662 643 ¹.
1711 583 2059 663 Quamvis
2112 592 2349 647 autem
2390 593 2822 663 ognatenses
2860 581 3247 645 viciniores

683 752 692 763 ,
775 690 1118 753 haberent
1147 700 1453 768 nostrOS,
1487 698 1776 771 propter
1807 691 2152 771 quasdam
2182 700 2419 754 tamen
2449 690 2819 767 factioneS,
2864 706 3044 770 quas
3088 687 3246 751 fun·

774 797 984 860 dator
1013 796 1312 877 Collegii
1341 815 1502 861 cum
1534 798 1693 862 aliis
1721 817 1806 862 eo
1835 800 1909 861 in
1941 798 2199 879 oppido
2226 799 2596 874 habuerat,
2624 807 2694 860 et
2719 796 2887 877 quia
2912 797 3103 860 intra
3124 813 3243 876 op-

776 903 1020 984 pidum
1047 905 1423 968 ecclesiam
1451 905 1680 968 nostri
1708 923 1848 969 non
1882 905 2260 982 habebant,
2296 905 2533 968 minus
2562 921 2775 984 quam
2806 903 2943 967 alia
2984 902 3243 984 oppida

775 1011 1039 1091 vicina,
1073 1012 1287 1075 immo
1317 1020 1613 1090 remota,
1645 988 2077 1075 nostrorum‘
2089 1028 2309 1091 opera
2339 1011 2755 1087 utebantur3
2788 1020 2857 1073 et
2886 1010 3045 1073 ideo
3084 1026 3249 1090 ope-

780 1117 954 1180 rarii
979 1118 1206 1181 nostri
1235 1119 1474 1197 potius
1506 1118 1662 1181 aliis
1693 1118 1764 1181 in
1794 1118 1971 1181 locis
2002 1135 2215 1198 quam
2261 1116 2531 1198 Ognati
2570 1134 2775 1181 suam
2813 1134 3111 1197 operam
3140 1115 3249 1197 ju-

776 1223 1034 1287 vandis
1062 1225 1408 1305 proximis
1439 1225 1965 1306 impendebant.
1993 1223 2298 1303 Quidam
2320 1224 2727 1288 licentiatus
2748 1222 3092 1302 Hernani,
3128 1223 3246 1303 qui

784 1331 1271 1395 cantabricam
1302 1333 1623 1411 linguam
1651 1333 1957 1410 tenebat,
1990 1333 2103 1395 vir
2136 1333 2340 1395 valde
2384 1333 2544 1412 pius
2584 1340 2654 1395 et
2692 1330 3009 1394 eruditus
3048 1330 3121 1394 in
3162 1348 3247 1393 ea

779 1438 1152 1517 provincia
1183 1436 1613 1501 Cantabriae
1654 1438 1893 1518 (quam
1928 1438 2324 1517 Bt'scayam
2367 1441 2687 1516 vocant),
2733 1438 2916 1500 inter
2961 1438 3247 1501 labores

778 1544 1237 1623 evangelicos
1254 1545 1325 1607 in
1351 1546 1673 1608 morbum
1696 1544 2037 1623 incidenS,
2068 1546 2159 1609 ad
2180 1544 2589 1621 Dominum,
2616 1544 2995 1607 assistente
3018 1543 3246 1607 eidem

779 1649 854 1713 P.
893 1650 1238 1715 Michaele
1271 1651 1540 1726 Ochoa,
1575 1670 1785 1733 quem
1813 1663 2272 1731 evocaverat,
2305 1652 2647 1732 migravit
2668 1650 2713 1714 ¹.

857 1961 872 1991 ¹
931 1960 1074 2004 “Don
1093 1962 1290 2004 Alouso
1311 1959 1576 2014 Maurique
1597 1962 1660 2004 de
1683 1960 1943 2006 Sandoval
1960 1994 1971 2015 ,
1989 1964 2094 2019 bijo
2114 1964 2270 2009 delos
2288 1964 2497 2020 Duques
2516 1965 2578 2008 de
2600 1965 2813 2021 NaJera,
2830 1978 2929 2021 que
2952 1977 3007 2009 se
3028 1966 3251 2011 hall-‚ba

777 2044 839 2076 en
863 2034 916 2077 la
935 2030 1286 2077 Universidad
1306 2032 1368 2075 de
1391 2031 1555 2076 Onate
1575 2065 1584 2085 .
1609 2034 1802 2087 testigo
1822 2035 1885 2077 de
1906 2036 1985 2079 los
2004 2036 2250 2090 eJemplos
2271 2037 2333 2079 de
2354 2036 2567 2091 Borja...
2587 2036 2676 2089 Id..
2698 2036 2826 2081 ibid.

855 2105 970 2159 Hic,
991 2105 1128 2149 sicut
1147 2110 1200 2147 et
1217 2104 1552 2158 praecedens,
1575 2105 1762 2149 Petrus
1783 2106 1845 2151 de
1867 2105 2099 2155 Lodosa.
2122 2106 2440 2151 Societatem
2462 2110 2683 2162 ingressi
2716 2116 2867 2152 erant
2891 2110 3083 2164 ogaati
3103 2121 3239 2154 auno

779 2178 900 2231 1551,
921 2188 1037 2220 cum
1069 2186 1228 2230 prope
1251 2186 1366 2218 eam
1386 2176 1567 2219 urbem
1597 2176 1648 2219 in
1679 2178 1979 2221 eremitorio
2010 2178 2235 2223 Sanctae
2264 2178 2463 2224 Mariae
2493 2180 2833 2235 Magdaienae
2856 2182 2913 2227 P.
2932 2180 3251 2227 Franciscus

782 2248 977 2301 Borgia
1014 2252 1334 2291 versaretur.

857 2320 1056 2363 Verum
1087 2321 1228 2363 circa
1261 2318 1584 2371 Alpheusum
1620 2318 1682 2361 de
1704 2318 1968 2365 sandoval
2002 2322 2233 2366 nonnihil
2268 2330 2349 2367 est
2381 2324 2727 2377 difficultatis,
2748 2334 2903 2379 quam
2936 2324 3243 2369 solvendam

775 2391 1043 2435 historicis
1079 2389 1414 2444 relinquimus
1429 2422 1440 2441 ,
1477 2390 1748 2434 videlicet:
1794 2392 1862 2435 1.ο
1894 2392 2055 2436 Estne
2088 2392 2172 2437 hic
2216 2394 2277 2437 N.
2314 2396 2375 2439 de
2406 2380 2672 2439 Sandoval
2706 2406 2835 2439 uuus
2866 2397 3101 2450 idemque
3132 2407 3251 2440 cum

787 2464 874 2506 illo
898 2464 1161 2517 Alphonso
1183 2460 1450 2514 Maurique
1487 2461 1548 2504 de
1580 2461 1844 2506 Sandoval
1858 2496 1869 2517 ,
1892 2464 1955 2506 de
1984 2476 2083 2519 quo
2118 2464 2439 2509 Crasrueoos
2454 2500 2465 2519 ,
2502 2468 2533 2509 1.
2570 2478 2631 2519 c..
2668 2474 2721 2511 et
2754 2467 2843 2510 illo
2884 2468 3149 2522 Alphonso
3184 2466 3246 2510 de

775 2534 1068 2586 sandoval,
1089 2537 1152 2582 de
1182 2550 1280 2593 quo
1316 2534 1533 2580 Cast-uo.
1565 2534 1813 2577 Historia
1849 2546 1943 2577 ms.
1972 2536 2061 2579 del
2096 2535 2300 2591 Cotegio
2328 2538 2395 2581 de
2430 2538 2637 2589 Alcald,
2667 2538 2757 2582 lib.
2792 2550 2845 2592 v,
2880 2548 2997 2592 cap.
3034 2536 3247 2583 107-2.ο

774 2605 975 2651 Eratne
995 2608 1128 2654 filius
1149 2610 1308 2657 Ducis
1329 2610 1372 2655 N
1377 2609 1553 2664 ajcrae
1571 2606 1883 2659 legitimus?

853 2678 894 2723 1.
954 2680 1160 2726 Primae
1181 2679 1492 2727 dubitationi
1515 2688 1700 2721 ausam
1730 2680 1947 2732 praebet
1977 2680 2213 2734 loquendi
2235 2682 2437 2735 modus,
2460 2682 2545 2736 qui
2576 2682 2816 2726 diversus
2837 2682 2887 2725 in
2909 2682 3133 2727 diversis
3153 2694 3243 2727 au·

771 2754 1006 2797 ctoribus
1024 2758 1122 2797 est.
1151 2756 1194 2791 ι)
1222 2755 1487 2797 Focaneus
1506 2760 1692 2793 nomeu
1726 2748 1961 2800 innox-nt.
1995 2750 2209 2806 ideoque
2242 2753 2425 2797 scribit
2458 2752 2627 2797 N.—b)
2655 2752 2855 2797 Cast-ao
2884 2764 3033 2797 suum
3067 2755 3245 2809 appel-

773 2823 851 2865 lat
873 2824 1197 2879 Alphonsum
1216 2828 1278 2869 de
1301 2822 1637 2872 Sandox·al.-
1650 2834 1697 2875 e)
1727 2824 1975 2868 ALcitzaa
1992 2831 2045 2866 et
2066 2821 2387 2867 Ctsuruaoos
2404 2825 2729 2879 Alphousum
2745 2825 3013 2880 Maurique
3035 2825 3097 2869 de
3122 2824 3245 2869 San-

771 2892 1048 2939 ‹levat—e)
1067 2895 1277 2950 Locum.
1294 2900 1378 2943 ubi
1397 2906 1550 2943 natus
1569 2900 1656 2952 sit,
1675 2899 1883 2952 ignorat
1916 2894 2203 2947 Bzograsia
2224 2894 2579 2949 eclesiastica,
2601 2903 2637 2939 t.
2658 2908 2783 2951 xxv,
2806 2908 2927 2951 pag.
2948 2896 3047 2951 959,
3068 2908 3251 2951 quam-

775 2966 856 3009 vis
887 2966 1184 3021 suspicatur
1216 2981 1331 3013 eum
1369 2984 1396 3013 e
1431 2970 1685 3015 Toletana
1714 2969 1939 3013 dioecesi
1971 2968 2293 3012 oriundum·
2314 2968 2357 3012 d)
2379 2968 2509 3013 Eum
2540 2968 2765 3023 NaJerae
2804 2978 2985 3013 natum
3020 2968 3245 3012 affirmat

773 3036 1089 3084 Castam—e)
1119 3040 1436 3086 Societatem
1455 3044 1749 3097 ingressum
1781 3051 1918 3084 anno
1942 3041 2039 3083 1551
2064 3041 2111 3083 in
2134 3040 2421 3094 Ognatensi
2454 3041 2751 3084 eremitorio
2782 3042 2972 3084 asserit
2996 3040 3243 3084 Cio-urua-

775 3120 924 3152 σοι·
943 3110 979 3153 0
1000 3110 1216 3165 ΕΑετιιο,
1237 3119 1290 3156 et
1311 3122 1426 3168 post
1445 3126 1560 3159 eum
1583 3114 1848 3161 Arenae,
1868 3113 2159 3165 ingressum
2188 3114 2333 3156 aiunt
2356 3112 2613 3167 Compluti
2633 3113 2729 3155 hoc
2745 3123 2881 3156 anno
2902 3112 3027 3155 1554.

855 3182 921 3226 11.
977 3184 1020 3227 ι)
1047 3185 1296 3229 Arcana
1313 3218 1324 3237 ,
1345 3188 1380 3229 l.
1403 3196 1468 3239 c..
1489 3186 1566 3229 ait
1584 3195 1827 3240 expresse
1849 3185 1985 3227 huuc
2006 3184 2163 3228 fuisse
2184 3185 2325 3239 “bijo
2346 3184 2580 3238 legitimo
2604 3185 2667 3227 de
2690 3184 2749 3227 D.
2768 3183 2901 3236 Juan
2922 3184 3155 3228 Eateban
3179 3184 3243 3228 de

775 3252 1063 3309 sandoval,
1087 3257 1266 3311 Duque
1287 3258 1350 3301 de
1373 3258 1612 3311 NaJ'era...
1631 3257 1732 3301 Sed
1751 3258 1798 3299 b)
1821 3257 1936 3301 Dux
1966 3256 2187 3310 Najera,
2210 3256 2271 3299 de
2294 3267 2393 3310 quo
2424 3256 2509 3299 hic
2545 3262 2623 3299 est
2652 3266 2840 3300 sermo.
2858 3264 3123 3310 nunquam
3140 3256 3237 3299 hoc

771 3328 976 3371 nomine
995 3327 1270 3371 sandoval
1290 3329 1386 3373 fuit
1407 3340 1529 3373 usus
1543 3362 1554 3381 ,
1575 3329 1665 3373 sed
1685 3328 1844 3381 “Juan
1876 3327 2103 3371 Esteban
2124 3326 2389 3381 manrique
2410 3328 2470 3370 de
2494 3326 2633 3371 Lara
2646 3358 2671 3379 „
2690 3334 2745 3371 et
2774 3327 2987 3371 brevius
3008 3328 3243 3381 frequen·

773 3398 976 3453 tiusque
997 3398 1087 3442 “D.
1108 3398 1376 3454 Maurique
1398 3400 1460 3443 de
1479 3400 1667 3453 Lara.„
1687 3400 1756 3443 Et
1778 3402 1826 3443 e)
1858 3400 2097 3443 Samma
2124 3410 2187 3442 ει·
2213 3399 2432 3449 ΟΑετιιο.
2454 3397 2702 3441 Historia
2724 3398 3067 3450 genealogica
3101 3398 3169 3442 de
3190 3399 3245 3441 la

775 3469 910 3512 Casa
932 3470 999 3513 de
1021 3470 1185 3521 Lara,
1206 3472 1291 3515 lib.
1311 3482 1424 3523 vm.
1443 3474 1540 3515 sub
1562 3472 1710 3516 finem
1731 3473 1919 3526 capitis
1938 3483 2009 3521 tx.
2030 3482 2273 3524 expresse
2296 3471 2457 3515 etiam
2476 3471 2613 3513 inter
2636 3470 2826 3513 liberos
2850 3470 3007 3513 Ducis
3027 3470 3236 3514 habitos

773 3541 948 3585 “fuera
967 3542 1030 3585 de
1053 3542 1411 3593 matrimonio„
1429 3550 1698 3588 enumerat
1717 3550 1898 3597 quinto
1927 3545 2040 3586 loco
2060 3543 2285 3585 “Alonso
2306 3541 2369 3585 de
2399 3542 2693 3591 sandoval.
2715 3552 2811 3595 que
2844 3552 2901 3585 se
2936 3545 3193 3595 consagro
3214 3545 3247 3585 a

773 3612 902 3655 Dios
921 3624 982 3656 en
1004 3614 1055 3657 la
1075 3613 1363 3667 compunta
1385 3615 1447 3658 de
1470 3613 1620 3667 Jesus
1647 3615 1732 3658 sue
1769 3615 1998 3658 tambien
2022 3614 2213 3657 habido
2234 3614 2455 3658 durante
2477 3614 2527 3656 el
2560 3613 2901 3657 matrimonio.
2922 3624 2957 3668 y
2976 3613 3019 3656 si
3050 3616 3100 3655 ei
3121 3624 3241 3667 ape-

775 3684 900 3727 llido
919 3682 1224 3739 (Saudoval)
1243 3696 1342 3739 que
1363 3690 1472 3739 uso,
1497 3688 1627 3729 nole
1652 3688 1837 3731 tocaba
1857 3698 1953 3740 por
1972 3697 2032 3730 su
2054 3686 2255 3739 madre,
2278 3686 2325 3728 le
2348 3686 2573 3728 tomaria
2592 3696 2653 3727 en
2676 3686 2926 3729 memoria
2948 3684 3011 3727 de
3036 3686 3089 3729 la
3110 3685 3239 3729 Con·

777 3754 903 3799 desa
924 3756 986 3799 de
1008 3756 1236 3799 Tres-isso
1256 3768 1314 3800 su
1337 3764 1544 3802 tercera
1565 3760 1808 3811 abuela.„

858 3826 880 3857 ²
937 3826 1099 3870 Estne
1129 3827 1212 3871 hic
1243 3829 1328 3871 ille
1357 3828 1624 3872 Pan-ochus
1659 3829 1829 3883 oppidi
1850 3829 2180 3885 Zumaya.de
2200 3840 2300 3882 quo
2320 3826 2642 3871 Ctearuaoos
2676 3828 2805 3871 haec
2835 3828 3071 3883 scripsit:
3110 3828 3245 3873 “Fue

776 3898 1007 3941 tambien
1039 3896 1196 3950 digna
1217 3898 1278 3941 de
1314 3900 1368 3941 ia
1399 3898 1633 3943 Historia
1653 3901 1704 3943 la
1727 3899 1991 3944 Vocaciou
2023 3901 2106 3944 del
2126 3899 2341 3943 Vicario
2359 3899 2422 3943 de
2454 3899 2715 3955 Cumaya,
2750 3898 3013 3953 Theologo
3048 3900 3111 3942 de
3144 3912 3251 3944 nu·

774 3968 874 4012 cho
893 3968 1136 4021 Nombre,
1153 3980 1188 4024 y
1203 3968 1514 4014 Predicador
1529 3970 1592 4014 de
1611 3982 1732 4015 rara
1749 3972 2069 4025 eloquenda,
2090 3972 2195 4015 assi
2210 3982 2273 4015 en
2290 3971 2341 4014 la
2370 3973 2559 4025 lengun
2582 3971 2902 4023 castellana,
2928 3982 3077 4015 como
3100 3982 3165 4015 en
3192 3974 3246 4016 la

775 4040 838 4083 de
860 4041 1012 4094 aquei
1035 4040 1170 4091 Pais,
1189 4052 1286 4094 que
1308 4042 1354 4085 le
1374 4042 1498 4086 avia
1519 4042 1652 4086 dado
1673 4044 1823 4087 noble
1843 4054 1995 4087 cuna.
2018 4044 2273 4087 Acabava
2308 4042 2371 4086 de
2403 4042 2553 4086 venir
2572 4042 2855 4095 Peri-grino
2886 4042 2951 4085 de
2980 4042 3169 4087 visitur
3198 4046 3245 4087 el

775 4110 940 4156 Santo
956 4110 1258 4166 Sepulchro,
1275 4114 1612 4168 estampando
1635 4126 1694 4158 su
1709 4124 1931 4159 corazon
1951 4126 2043 4158 con
2059 4126 2121 4158 su
2138 4116 2303 4158 lianto
2320 4126 2379 4158 en
2396 4116 2629 4168 aquellos
2645 4113 2882 4166 Lugares
2900 4112 3165 4167 Sagrados
3182 4116 3245 4159 de

773 4182 1047 4235 Jerusalen
1063 4215 1076 4237 ,
1097 4183 1260 4227 donde
1279 4186 1328 4227 el
1350 4187 1521 4229 Autor
1539 4185 1602 4229 de
1623 4186 1674 4230 la
1695 4186 1821 4230 vida
1845 4186 2107 4242 imprimit)
2126 4198 2223 4231 con
2248 4198 2311 4230 su
2340 4184 2541 4240 Sangre
2562 4188 2641 4230 las
2662 4186 2865 4229 huellas
2894 4185 2955 4229 de
2986 4198 3045 4230 su
3068 4198 3249 4231 exem·

771 4256 875 4309 p103
897 4266 931 4311 y
950 4255 1114 4298 ahora
1135 4254 1366 4300 deseava
1385 4258 1550 4309 elegit
1569 4268 1672 4301 una
1691 4258 1858 4303 forma
1880 4259 1943 4302 de
1966 4258 2103 4313 vida,
2122 4269 2187 4301 en
2208 4270 2303 4312 que
2334 4257 2691 4311 assentando
2720 4268 2780 4301 su
2803 4258 2956 4301 Alma
2975 4290 2986 4310 ‚
3007 4260 3248 4311 pudiesse

771 4336 870 4371 con
891 4328 967 4370 los
989 4326 1302 4371 ministerios
1323 4329 1384 4372 de
1403 4339 1464 4372 su
1479 4330 1780 4384 eloquencia
1797 4362 1808 4383 ,
1827 4342 1864 4386 y
1885 4330 2149 4374 sablduria
2169 4340 2453 4384 assegurar
2472 4334 2619 4373 otras
2636 4329 2851 4372 muchas
2872 4330 2933 4371 de
2956 4342 3015 4373 su
3036 4330 3238 4375 Patria.

773 4398 1054 4443 Comunico
1071 4409 1134 4442 su
1155 4399 1509 4453 pensamiento
1523 4402 1556 4444 a
1579 4400 1752 4457 Borja„
1773 4401 2063 4445 anadiendo
2082 4412 2180 4456 que
2213 4411 2411 4456 apenas
2432 4402 2479 4444 le
2502 4402 2740 4455 quedaba
2762 4412 2830 4454 ya
2860 4412 2959 4455 que
2988 4405 3245 4457 resolvet,

773 4470 994 4523 despues
1017 4469 1080 4511 de
1100 4480 1231 4513 aver
1249 4470 1390 4514 visto
1410 4473 1458 4514 el
1480 4471 1727 4516 Instituto
1746 4472 1808 4516 de
1831 4474 1881 4516 la
1906 4472 2205 4527 Compaflia,
2230 4484 2263 4527 y
2285 4484 2383 4527 que
2404 4474 2516 4515 solo
2536 4470 2846 4518 attuardava
2866 4482 2927 4514 su
2950 4480 3245 4527 respuesta,

771 4551 902 4595 para
923 4540 1071 4595 pedii·
1092 4539 1510 4592 humildemente.
1527 4554 1623 4597 que
1647 4545 1694 4587 le
1713 4544 1994 4588 tecibiesse
2016 4544 2067 4587 el
2086 4544 2125 4586 P
2179 4543 2355 4587 Ochoa
2394 4544 2653 4597 Alessrose
2674 4544 3059 4586 notablemente
3081 4542 3247 4588 Fran·

771 4612 928 4659 cisco.
963 4612 1291 4664 commendo,
1327 4624 1424 4667 que
1447 4613 1672 4658 Hombre
1693 4622 1786 4658 tau
1805 4616 1969 4668 sabio,
2004 4627 2040 4671 y
2069 4615 2342 4669 eloquente
2368 4626 2431 4659 en
2448 4616 2495 4659 el
2516 4616 2697 4659 nativo
2720 4614 2913 4657 idioma
2933 4613 2997 4657 de
3014 4614 3248 4672 Vizcaya

775 4684 928 4738 podia
951 4682 1236 4727 fructificat
1256 4686 1442 4729 mucho
1459 4697 1522 4729 en
1543 4687 1750 4740 aquella
1773 4686 1937 4730 tierra
1952 4718 1963 4738 ,
1978 4696 2089 4730 mas
2110 4698 2173 4730 no
2195 4691 2321 4730 tuvo
2336 4698 2429 4741 por
2450 4686 2789 4731 conveniente
2808 4696 2904 4739 que
2921 4696 2975 4728 se
2996 4687 3248 4731 riadiesse
