3742 5392
1592 468 1718 527 Aa.
1765 468 1905 527 1554
2882 472 2994 531 465

519 615 853 697 EJusdem
889 624 1044 679 erat
1080 615 1296 679 animi
1328 615 1615 696 quidam
1653 614 2060 692 theologiae
2100 613 2226 678 Dr.
2261 613 2449 677 Avel
2470 660 2485 690 ,
2518 615 2639 694 qui
2681 609 2991 696 philoso-

519 723 728 804 phiae
758 739 1045 785 cursum
1076 723 1545 801 praelegerat,
1581 718 1699 802 [et]
1725 738 1887 785 cum
1911 722 2217 801 primum
2244 722 2481 785 locum
2509 722 2694 785 inter
2722 722 2993 786 theolo-

520 832 684 911 giae
719 830 1120 893 licentiatos
1171 829 1560 906 habuisset,
1603 828 1929 892 eamdem
1966 828 2401 907 theologiam
2436 828 2510 892 in
2550 832 2986 894 monasterio

521 938 831 1018 quodam
857 938 1337 1018 praelegebat,
1371 936 1492 1017 qui
1515 934 1664 1017 jam
1693 936 1780 999 de
1811 935 2017 998 bonis
2044 936 2193 999 suis
2221 936 2597 1016 disponere
2626 948 2992 1017 coeperat,

524 1054 602 1109 ut
643 1046 735 1109 ad
774 1042 1209 1108 Societatem
1245 1042 1650 1122 accederet;
1697 1051 1766 1106 et
1807 1043 1929 1106 alii
1968 1043 2334 1123 sequuturi
2377 1043 2836 1122 videbantur3
2886 1056 2995 1107 est

523 1154 710 1216 enim
738 1151 1188 1217 Universitas
1217 1150 1580 1214 Granatae
1608 1168 1751 1213 non
1778 1149 2210 1230 infrequens,

647 1258 790 1323 994.
879 1259 958 1323 In
997 1258 1354 1321 mandatis
1392 1257 1740 1321 habuerat
1779 1256 1857 1319 P.
1900 1256 2279 1321 Torrensis
2324 1268 2401 1321 ut
2453 1268 2763 1339 quatuor
2810 1259 2993 1329 illos.

527 1385 707 1450 quos
736 1366 1174 1431 Salmantica
1205 1364 1550 1428 eduxerat
1584 1362 1634 1442 ¹,
1668 1365 1743 1427 in
1773 1363 2114 1443 oppidum
2146 1362 2265 1427 S.ti
2306 1366 2545 1429 Lucae
2576 1366 2801 1445 (quod
2830 1367 3001 1430 olim

530 1474 980 1539 aestuarium
1009 1472 1263 1535 hastae
1291 1471 1708 1549 vocabatur)
1741 1471 2083 1550 mitteret,
2129 1481 2203 1535 ut
2237 1472 2513 1535 initium
2552 1472 2805 1536 darent
2844 1472 2999 1537 Col-

529 1584 716 1663 legio
740 1632 754 1662 ,
788 1582 977 1663 quod
1005 1581 1102 1643 ibi
1133 1579 1300 1643 Dux
1328 1577 1686 1658 Sydoniae
1715 1576 1738 1607 ²
1760 1627 1774 1656 ,
1809 1588 1934 1641 aut
1964 1576 2116 1657 ejus
2140 1590 2405 1659 mater,
2433 1579 2812 1643 Comitissa
2841 1580 2999 1643 Nie-

529 1692 688 1754 blae
718 1688 775 1767 ⁸,
809 1688 1176 1753 instituere
1205 1704 1282 1751 se
1310 1687 1492 1749 velle
1523 1686 1852 1749 dicebant
1871 1735 1886 1765 ,
1920 1694 1989 1749 et
2014 1685 2116 1749 ita
2140 1703 2301 1749 cum
2324 1687 2480 1768 ipso
2504 1686 2579 1749 P.
2607 1685 2667 1749 F
2671 1688 2999 1751 rancisco

533 1804 1045 1862 convenerant.
1076 1794 1284 1858 Prius
1313 1804 1554 1857 autem
1585 1808 1798 1873 quam
1829 1792 1920 1855 ad
1953 1793 2290 1873 oppidum
2332 1793 2451 1857 Sssi
2508 1795 2749 1858 Lucae
2787 1796 2995 1873 irent,

534 1904 610 1969 P.
645 1904 1002 1968 Gonzalez
1032 1920 1195 1965 cum
1223 1900 1298 1965 P.
1339 1900 1546 1963 Avila
1575 1897 1601 1930 ⁴
1627 1900 1982 1980 Hispalim
2011 1901 2270 1965 missus
2298 1901 2564 1981 suerat3
2597 1919 2765 1965 nam
2785 1902 3001 1966 Avila

536 2019 906 2092 parentem
938 2009 1037 2073 ibi
1063 2008 1405 2085 habebat,
1438 2008 1560 2088 qui
1591 2007 1980 2088 impensius
2009 2008 2146 2071 hoc
2175 2011 2665 2087 postulaverat
2693 2006 2715 2039 ⁵
2780 2010 2879 2072 illi
2899 2018 3002 2073 ta-

534 2135 698 2182 men
747 2118 1124 2181 noluerunt
1173 2114 1265 2178 ad
1315 2115 1630 2196 parentis
1680 2114 1968 2177 domum
2012 2115 2148 2194 ire,
2191 2116 2317 2179 sed
2375 2116 2467 2179 ad
2516 2117 2867 2197 hospitale
2923 2134 3001 2181 se

536 2227 1006 2303 contulerunt;
1035 2232 1104 2285 et
1126 2240 1290 2286 cum
1316 2222 1506 2286 fores
1529 2220 1680 2300 ejus
1709 2230 1949 2285 essent
1981 2224 2267 2285 clausae
2292 2241 2425 2286 nec
2453 2224 2556 2287 eis
2580 2226 2859 2304 aperire
2882 2242 3003 2287 vo-

537 2334 874 2407 luissent,
909 2339 1074 2393 ante
1103 2329 1296 2393 fores
1323 2328 1698 2409 hospitalis
1741 2328 1942 2392 humi
1982 2340 2525 2411 pernoctarunt;
2567 2344 2637 2394 et
2674 2331 3007 2396 dicebant

540 2440 770 2503 solum
799 2438 1032 2519 ipsum
1059 2438 1340 2500 mollius
1370 2436 1544 2517 ipsis
1574 2436 1808 2499 visum
1836 2435 2055 2499 fuisse
2086 2454 2299 2517 quam
2338 2439 2595 2517 lectOS,
2639 2440 2711 2501 in
2752 2439 3005 2519 quibus

542 2555 752 2611 antea
782 2544 1090 2611 dormire
1121 2544 1310 2607 soliti
1338 2552 1572 2621 erant3
1619 2543 1807 2623 quod
1856 2558 2020 2605 cum
2061 2546 2323 2623 populo
2365 2544 2817 2624 innotuisset,
2861 2563 3005 2609 ma·

543 2669 735 2733 gnae
764 2652 1050 2717 omnino
1080 2650 1556 2714 aedificationi
1585 2650 1687 2713 illi
1713 2648 1868 2713 suit.
1913 2648 2263 2713 Postridie
2304 2649 2845 2732 Archiepiscopi
2880 2652 3009 2716 Vi-

545 2760 818 2824 carium
875 2758 1298 2833 invisentes,
1360 2767 1429 2820 et
1485 2756 1576 2819 ab
1634 2774 1719 2819 eo
1785 2773 2050 2836 magna
2092 2774 2254 2821 cum
2308 2757 2657 2822 charitate
2697 2761 3005 2839 excepti,

545 2866 959 2930 facultatem
996 2862 1466 2928 concionandi
1486 2881 1617 2944 per
1647 2872 1874 2926 totam
1896 2863 2277 2927 dioecesim
2313 2864 2811 2945 Hispalensem
2838 2867 3011 2929 obti-

545 2982 888 3051 nuerunt,
922 2982 992 3035 et
1022 2972 1283 3052 optime
1312 2989 1388 3035 se
1419 2971 1505 3034 de
1536 2968 1893 3036 Societate
1924 2971 2190 3034 sentire
2226 2982 2295 3034 et
2338 2970 2429 3034 ad
2466 2990 2626 3036 eam
2666 2972 2848 3037 affici
2885 2973 3010 3036 Vi·

549 3080 787 3144 carius
819 3079 1129 3143 ostendit
1160 3076 1206 3141 ⁶.

631 3286 647 3317 1
703 3282 1026 3328 SalmantIca
1046 3294 1229 3326 secum
1250 3282 1466 3325 adduxit
1489 3280 1644 3326 Pater
1665 3280 1887 3325 Michael
1908 3282 1971 3324 de
1992 3280 2184 3326 Torres
2206 3282 2391 3326 Patres
2412 3282 2793 3329 Gundisalvum
2815 3285 3015 3330 Gonza·

547 3358 650 3410 lez,
671 3356 890 3399 Paulum
913 3354 1235 3406 Hernandez,
1255 3352 1503 3405 joannem
1526 3352 1719 3397 Suarez
1739 3352 1987 3407 (Xuarez,
2013 3353 2041 3407 J
2047 3355 2221 3406 uarez)
2241 3362 2295 3397 et
2330 3354 2631 3408 Aphonsum
2649 3356 2851 3409 (postea
2874 3356 3019 3401 Basi-

547 3428 671 3471 lium
694 3426 911 3483 dictum)
936 3424 1123 3479 Avila5
1153 3432 1432 3480 praeterea
1464 3425 1592 3468 duos
1625 3424 1817 3468 fratres
1852 3423 2105 3477 joannem
2135 3424 2410 3469 Gutlerrez
2446 3433 2498 3470 et
2534 3426 2787 3471 Didacum
2818 3426 3015 3483 Lopez.

551 3499 839 3549 Vntmvm,
862 3497 1096 3550 Colegios
1115 3497 1182 3541 de
1205 3496 1449 3548 casulla,
1471 3502 1508 3539 t.
1529 3507 1562 3549 1,
1587 3496 1790 3549 Colegio
1810 3496 1878 3539 de
1900 3496 2247 3541 salamanca.

631 3571 655 3603 ⁸
709 3570 921 3613 Rectius
941 3568 1286 3623 Methymnae
1307 3567 1581 3618 Sidoniae,
1600 3568 1666 3611 de
1687 3567 1909 3611 Medma
1934 3568 2175 3612 Sidonia.
2198 3570 2221 3591 ‘⁶
2237 3566 2299 3613 D.
2321 3569 2453 3623 Juan
2475 3571 2672 3615 Alonso
2692 3572 2755 3615 de
2785 3570 3019 3617 Guzman

551 3644 602 3686 el
622 3642 813 3694 Eueno,
834 3646 974 3685 sesto
995 3641 1162 3694 daque
1183 3640 1244 3683 de
1267 3638 1688 3690 Mediuasidonla,
1711 3640 1873 3683 conde
1894 3640 1956 3683 de
1976 3640 2163 3684 Niebla
2176 3674 2189 3695 ,
2206 3646 2447 3696 marques
2466 3644 2529 3686 de
2549 3642 2769 3699 Cazaza,
2784 3647 2937 3688 senor
2958 3646 3020 3689 de

555 3713 842 3767 Gibraltar,
865 3712 971 3756 San
991 3713 1164 3764 μύσει·
1180 3713 1242 3755 de
1258 3711 1582 3755 Bari-amedu
1603 3726 1636 3767 y
1658 3718 1802 3756 otros
1829 3711 2067 3764 Estad03‚
2086 3714 2268 3758 asiatio
2289 3724 2352 3757 en
2375 3714 2483 3758 1522
2494 3725 2586 3758 con
2609 3716 2757 3759 todos
2776 3718 2855 3760 los
2872 3727 3027 3771 gran-

554 3786 646 3829 des
664 3785 746 3828 del
770 3784 929 3828 Reino
950 3786 1002 3828 al
1025 3784 1378 3827 recibimiento
1399 3784 1485 3828 del
1503 3784 1813 3837 emperador
1835 3782 2019 3827 Carlos
2040 3783 2087 3826 V
2111 3796 2175 3827 en
2209 3782 2520 3838 Santander,
2541 3788 2588 3830 el
2619 3787 2706 3831 dia
2728 3788 2778 3831 17
2796 3788 2858 3831 de
2874 3788 3022 3843 julio,

553 3870 588 3915 y
610 3860 642 3901 a
661 3868 722 3900 su
752 3855 973 3900 enti-ada
1001 3866 1065 3899 en
1089 3855 1411 3908 Valladolld,
1433 3856 1480 3899 el
1517 3854 1566 3898 16
1598 3855 1660 3897 de
1691 3860 1877 3909 agusto
1909 3855 1992 3899 del
2026 3856 2208 3900 mismo
2242 3860 2359 3902 aiio.
2382 3858 2463 3901 En
2486 3858 2606 3913 1543,
2634 3859 2719 3903 fue
2749 3860 2971 3905 enviado
2993 3865 3024 3904 a

555 3930 810 3983 portugal
831 3940 894 3971 en
914 3927 1121 3971 calidad
1141 3929 1204 3970 de
1220 3928 1522 3983 embaJador
1553 3927 1966 3971 estraordinario
1988 3939 2119 3982 para
2150 3929 2297 3984 pedit
2317 3940 2380 3973 en
2410 3932 2622 3975 nombre
2653 3932 2717 3975 de
2745 3933 2897 3987 aquel
2928 3944 3031 3977 mo·

555 4011 716 4045 narca
737 4012 770 4056 y
793 4010 924 4055 para
943 4011 1004 4043 su
1025 4000 1131 4055 hilo
1153 3998 1215 4044 D.
1238 3998 1432 4053 Felipe,
1454 4010 1550 4053 que
1570 4001 1724 4053 luego
1743 3998 1829 4041 fue
1849 3996 2028 4054 Felipe
2049 3998 2181 4051 11.1a
2198 4012 2349 4046 mano
2369 4003 2504 4047 dela
2526 4001 2727 4047 infanta
2748 4002 2839 4047 D.⁸
2858 4002 3027 4049 Maria

555 4070 728 4118 Isebel
742 4104 753 4125 ,
775 4074 806 4114 a
828 4072 977 4125 quien
1001 4074 1286 4125 acompafio
1307 4082 1369 4113 en
1389 4082 1450 4115 su
1473 4070 1626 4124 viage
1646 4070 1806 4114 hasta
1824 4072 1878 4113 la
1897 4073 2042 4114 corte
2063 4071 2125 4115 de
2148 4072 2384 4126 Castllla,
2401 4084 2433 4127 y
2455 4074 2622 4117 murlo
2643 4085 2705 4117 en
2726 4074 2831 4118 San
2852 4074 3029 4119 Lucar

551 4142 616 4187 de
636 4142 983 4195 Bari-amede,
1007 4143 1219 4197 querido
1255 4155 1288 4197 y
1307 4142 1586 4196 respetado
1609 4141 1669 4184 de
1701 4142 1879 4190 todos.
1901 4143 1949 4185 el
1972 4143 2058 4187 dia
2078 4144 2133 4187 26
2160 4146 2223 4188 de
2254 4146 2553 4189 noviembre
2576 4146 2637 4189 de
2662 4147 2781 4189 1559.
2804 4146 2937 4191 Caso
2964 4160 3028 4190 en

557 4212 680 4268 1518,
700 4226 794 4257 con
815 4225 874 4257 su
895 4214 1078 4269 propia
1099 4214 1300 4257 cunada
1321 4213 1470 4258 Dona
1493 4215 1611 4257 Ana
1633 4215 1694 4257 de
1718 4214 1936 4269 Aragon
1956 4227 1991 4271 y
2012 4215 2263 4269 G-urrea.„
2294 4217 2498 4261 Euneos
2512 4250 2524 4271 ,
2544 4216 2749 4261 Blason
2770 4218 2837 4261 de
2858 4218 3033 4273 Espa·

559 4287 650 4337 aa,
671 4292 708 4329 t.
733 4296 806 4339 xv,
828 4297 948 4339 pag.
975 4285 1070 4329 100.

636 4356 659 4388 ὅ
715 4357 974 4401 Eleonora
995 4358 1058 4401 de
1080 4357 1298 4411 zuniga.
1319 4357 1394 4401 In.
1421 4357 1552 4401 ibid.

638 4429 664 4461 ⁴
717 4426 818 4471 PP.
839 4428 1191 4473 Gundisalvus
1211 4427 1470 4472 Gonzalez
1489 4438 1542 4472 et
1568 4428 1790 4474 Basilius
1810 4432 1950 4483 (olim
1974 4432 2292 4485 Alphonsus)
2314 4433 2377 4476 de
2402 4434 2581 4477 Avila.

639 4498 663 4531 ⁵
724 4498 896 4544 Patris
916 4499 1096 4545 Basilii
1118 4500 1180 4543 de
1201 4500 1362 4544 Avila
1384 4506 1629 4555 parentes
1649 4507 1800 4545 erant
1825 4502 2137 4547 Franciscus
2158 4502 2461 4548 Fernandez
2484 4506 2545 4549 de
2562 4506 2759 4550 Pineda
2778 4513 2832 4549 et
2853 4506 3034 4559 Agnes

567 4570 869 4616 Hernandez
891 4570 954 4614 de
975 4571 1153 4615 Avila.
1177 4570 1528 4626 Surxvnmtz,
1551 4573 1584 4615 l.
1606 4583 1668 4625 c.,
1691 4584 1808 4628 cap.
1831 4584 1923 4616 xv1
1940 4607 1951 4627 ,
1974 4586 2023 4617 n.
2046 4576 2089 4617 4.

639 4641 664 4674 ⁸
719 4642 812 4687 Dr.
834 4641 1042 4697 Gaspar
1062 4641 1353 4687 Cervautes
1372 4643 1434 4686 de
1457 4642 1691 4697 salazar,
1715 4646 1800 4699 qui
1834 4654 1950 4700 post
1985 4648 2160 4701 plures
2196 4658 2357 4692 annos
2390 4648 2535 4702 (1595)
2568 4649 2697 4694 obiit
2733 4649 3033 4695 cardinalis

559 4720 616 4757 et
636 4714 1079 4768 Archiepiscopus
1101 4713 1532 4759 Tarraconensis.

858 4801 934 4861 Τ.
967 4820 1045 4859 ιν.
2686 4826 2759 4881 30
