3742 5392
729 538 840 598 232
884 562 889 567 ·
1652 540 1906 599 Cnaox.
1951 540 2102 599 Soc.
2145 542 2285 614 Jps.

732 686 1138 768 Superioris
1178 686 1567 765 habebant,
1616 686 1765 751 sere
1818 690 2054 752 omnia
2101 710 2138 751 a
2184 664 2538 767 religiosis
2585 699 2788 751 erant
2839 687 3198 751 destituta.

734 794 911 858 Cum
945 803 1183 857 autem
1212 795 1719 858 monasterium
1750 795 1918 859 illud
1948 794 2356 859 Viennense
2385 808 2461 857 ut
2493 796 2850 857 desertum
2881 795 3192 867 duceret,

734 902 1322 982 supplicationem
1365 912 1788 982 porrexerat
1830 900 2305 966 Provincialis
2355 904 2638 965 excelso
2684 900 3037 979 Regimini
3087 904 3203 963 vel

734 1008 1049 1072 Consilio
1106 1006 1475 1086 Austriae,
1531 1020 1605 1071 ut
1652 1009 1942 1072 mobilia
1991 1027 2083 1072 ex
2122 1026 2208 1071 eo
2259 1010 2690 1072 monasterio
2743 1009 2872 1071 sibi
2924 1008 3204 1071 auferre

735 1117 1012 1196 liceret,
1056 1116 1628 1197 quandoquidem
1667 1116 1784 1179 illa
1824 1134 1966 1179 non
2007 1134 2048 1179 a
2086 1116 2405 1180 Ducibus
2457 1115 2790 1179 Austriae
2840 1115 3200 1195 provenis-

739 1233 926 1300 sent,
960 1223 1085 1286 sed
1116 1240 1157 1284 a
1187 1224 1324 1303 piis
1362 1224 1761 1287 hominibus
1800 1223 2065 1287 donata
2109 1223 2429 1287 fuissent.
2467 1220 2605 1285 Sed
2645 1220 2785 1285 ali'a
2829 1220 3204 1285 videbatur

737 1347 894 1393 esse
927 1347 1125 1393 mens
1156 1343 1443 1393 senatus
1474 1331 1682 1409 illius;
1717 1332 1954 1408 imm0,
1989 1340 2373 1411 antequam
2401 1329 2608 1393 Prior
2638 1331 2728 1392 ad
2760 1348 2961 1392 suam
3003 1347 3200 1409 paro-

736 1437 971 1500 chiam
1004 1437 1432 1513 discederet,
1467 1435 1859 1516 injunctum
1887 1438 2020 1516 ipsi
2052 1437 2183 1499 fuit
2213 1448 2287 1499 ut
2327 1438 2561 1500 omnia
2596 1436 2915 1499 clenodia
2948 1453 3032 1498 ac
3062 1454 3202 1498 mo-

735 1545 904 1607 bilia
956 1544 1023 1606 in
1072 1544 1474 1608 inventario
1517 1544 2111 1615 describerentur,
2156 1562 2323 1607 nam
2365 1545 2456 1606 ad
2499 1545 2764 1607 cultum
2807 1542 2942 1605 Dei
2981 1544 3047 1605 in
3082 1544 3200 1604 ille»

738 1654 896 1714 loco
927 1650 1190 1714 donata
1234 1652 1674 1714 videbantur.

858 1756 1000 1821 520.
1091 1756 1437 1838 Cupiebat
1467 1768 1703 1820 autem
1732 1756 2207 1820 Provincialis
2237 1768 2313 1819 ut
2343 1756 2498 1820 Rex
2521 1758 2630 1819 sui
2665 1756 2953 1819 Ordinis
2984 1753 3206 1818 Gene-

740 1865 872 1927 rali
904 1876 972 1927 et
1002 1864 1289 1927 Summo
1320 1864 1643 1927 Pontifici
1672 1865 2035 1927 scriberet.
2072 1862 2145 1925 P.
2181 1866 2398 1927 etiam
2425 1863 2747 1943 Ignatius
2781 1864 2912 1925 hoc
2944 1863 3207 1924 nostris

746 1970 1299 2049 significaverat,
1339 1990 1425 2035 ne
1458 1990 1533 2035 se
1565 1972 2043 2035 immiscerent
2074 1989 2234 2035 cum
2277 1971 2630 2049 religiosis
2663 1971 2828 2045 iuis,
2875 1969 3000 2032 sed
3028 1966 3211 2047 Regi

746 2058 1103 2140 fundatori
1134 2095 1380 2141 curam
1411 2079 1497 2142 de
1528 2079 1739 2142 domo
1770 2081 2034 2143 nostris
2056 2078 2379 2159 paranda
2403 2078 2901 2157 relinquerent;
2930 2076 3208 2139 interim

742 2185 970 2247 nostri
1000 2186 1070 2247 in
1102 2186 1382 2247 deserto
1413 2186 1844 2250 monasterio
1877 2203 2086 2249 sacra
2117 2185 2474 2248 faciebant
2505 2195 2761 2263 rogatu
2807 2182 3075 2247 Prioris
3106 2202 3208 2247 re-

746 2290 1096 2367 cedentis;
1130 2303 1199 2354 et
1229 2309 1389 2355 cum
1421 2293 1825 2357 adverteret
1852 2292 2288 2357 Labacensis
2317 2290 2720 2372 Episcopus
2751 2291 2940 2371 quod
2976 2292 3210 2372 potius

748 2398 976 2461 nostri
1020 2398 1395 2462 haererent
1432 2400 1505 2462 in
1543 2400 1848 2480 hospitio
1889 2417 2015 2463 suo
2061 2399 2248 2479 apud
2285 2396 2821 2474 Dominicanos‚
2865 2415 3081 2478 quam
3120 2400 3212 2460 ad

747 2503 1292 2567 Carmelitarum
1321 2507 1826 2570 monasterium
1860 2523 2022 2569 cum
2062 2506 2444 2586 propositis
2475 2505 2612 2567 illis
2653 2505 2988 2567 oneribus
3027 2515 3212 2567 tran-

746 2611 991 2689 sirent,
1025 2611 1498 2691 significatum
1528 2623 1635 2675 est
1666 2613 1927 2677 nostris
1951 2622 2025 2676 ut
2048 2614 2200 2675 sine
2223 2613 2365 2674 ulla
2392 2613 2822 2689 obligatione
2847 2629 2930 2673 eo
2956 2628 3030 2674 se
3055 2629 3214 2673 con·

750 2717 1049 2792 ferrent,
1084 2728 1151 2781 et
1182 2719 1279 2781 ita
1310 2720 1441 2782 sub
1473 2719 1746 2782 initium
1776 2720 2040 2782 mensis
2069 2716 2240 2797 Maji
2268 2720 2338 2781 in
2382 2718 2894 2781 monasterium
2935 2718 3215 2781 Carme-

751 2824 1047 2888 litanum
1086 2826 1485 2904 migrarunt
1535 2827 1575 2899 ¹;
1618 2828 1806 2906 quod
1844 2828 1978 2890 soli
2008 2826 2324 2906 quidem,
2358 2826 2484 2888 sed
2525 2843 2668 2887 non
2710 2836 2784 2888 ut
2824 2827 3211 2905 proprium,

754 2931 1193 3010 habitabant;
1227 2933 1555 3013 quamvis
1587 2932 1767 3013 Regi
1796 2944 1867 2996 et
1896 2932 2046 3013 ejus
2077 2932 2388 2996 Consilio
2419 2932 2652 2994 visum
2678 2942 2864 2994 esset
2892 2931 3218 2995 fortassis

752 3038 941 3117 quod
970 3037 1257 3102 domum
1286 3040 1651 3119 propriam
1682 3051 1750 3102 et
1779 3039 2107 3102 stabilem
2136 3038 2399 3101 nostris
2431 3038 2814 3101 dedissent.

870 3144 1011 3207 521.
1101 3144 1304 3223 Quod
1354 3145 1445 3208 ad
1486 3146 1755 3209 reditus
1797 3148 2082 3218 attinet,
2127 3145 2562 3208 Labacensis
2601 3144 2996 3225 Episcopus
3040 3142 3220 3221 Regi

751 3248 1235 3313 Romanorum
1264 3263 1727 3331 suggesserat
1755 3266 1829 3315 ut
1860 3270 1984 3315 eos
2015 3252 2316 3331 collegio
2347 3252 2714 3327 stabiliret,
2747 3251 2862 3312 vel
2885 3268 2974 3314 ex
3002 3252 3220 3313 eccle-

752 3356 1061 3419 siasticis
1107 3358 1451 3422 reditibus
1490 3360 1606 3421 vel
1646 3360 1837 3437 aliis;
1893 3368 1960 3421 et
2005 3358 2158 3422 Rex
2198 3368 2528 3437 paratum
2570 3376 2645 3420 se
2685 3358 2971 3421 omnino
3015 3355 3105 3419 ad
3147 3357 3220 3419 id

752 3464 1154 3527 faciendum
1197 3466 1544 3544 exhibuit,
1600 3467 1930 3546 quamvis
1980 3467 2248 3529 reditus
2291 3468 2362 3528 in
2403 3465 2818 3545 particulari
2869 3480 3222 3527 common-

754 3570 969 3633 strari
1000 3571 1131 3634 sibi
1164 3573 1411 3649 voluit,
1448 3574 1566 3652 qui
1596 3584 1890 3653 possent
1920 3572 2289 3635 commode
2322 3590 2406 3634 eo
2437 3573 2739 3651 collegio
2771 3572 3137 3652 applicari.

874 3677 1017 3739 522.
1106 3677 1309 3757 Quod
1351 3678 1441 3741 ad
1488 3679 1723 3743 studia
1764 3680 2047 3755 attinet,
2091 3680 2450 3759 frigebant
2489 3680 2607 3741 illa
2661 3670 3114 3741 vehementer
3153 3678 3222 3739 in

754 3782 1151 3847 Academia
1180 3784 1595 3865 Viennensi,
1626 3798 1692 3847 et
1724 3803 1885 3848 curn
1915 3786 2003 3849 D.
2039 3786 2377 3848 Nicolaus
2408 3784 2801 3848 Gaudanus
2832 3784 3221 3848 Sententia-

756 3906 916 3952 rum
938 3890 1362 3969 Magistrum
1389 3892 1747 3971 perdocte‚
1775 3910 1906 3955 nec
1931 3894 2164 3955 minus
2189 3891 2586 3971 diligenter,
2615 3892 3220 3971 interpretaretur.

756 4010 908 4060 tam
930 3998 1139 4077 pauci
1164 4008 1388 4073 erant,
1423 3999 1542 4079 qui
1564 4000 1875 4062 animum
1907 3999 1997 4061 ad
2027 3998 2531 4062 scholasticam
2561 3998 3026 4076 Theologiam
3057 3996 3226 4074 adji-

844 4274 855 4304 ¹
916 4274 1043 4317 “Per
1064 4276 1231 4328 quelle
1253 4276 1301 4318 di
1318 4275 1345 4317 4
1366 4276 1427 4319 de
1450 4276 1659 4329 maggio
1678 4284 1918 4329 presente
1941 4275 2219 4318 habbiamo
2239 4276 2406 4317 inteso
2427 4284 2570 4316 come
2593 4274 2630 4315 s'
2656 4284 2813 4316 erano
2833 4274 3034 4327 passati
3055 4274 3107 4317 al
3128 4284 3226 4316 mo-

756 4345 986 4388 nasterio
1010 4346 1087 4389 de·
1111 4346 1449 4391 Carmelitani
1466 4381 1476 4397 .
1500 4348 1545 4389 cl’
1566 4348 1599 4390 il
1622 4348 1717 4389 che
1745 4348 1789 4390 ci
1822 4347 2160 4400 rallegriamo
2182 4347 2233 4389 in
2255 4344 2488 4397 Domino.
2512 4354 2564 4387 et
2593 4354 2940 4398 quantumque
2965 4356 3062 4387 non
3083 4345 3161 4387 sia
3193 4346 3228 4386 il

758 4427 1007 4461 consenso
1028 4418 1147 4461 delli
1164 4418 1290 4462 frati
1306 4420 1477 4473 (quale
1496 4422 1622 4473 pero
1642 4419 1864 4473 potendo
1886 4419 2052 4461 havet·
2070 4417 2212 4460 saria
2235 4419 2420 4465 buono)
2449 4418 2676 4465 basterit.
2710 4416 2804 4459 che
2825 4416 2861 4459 il
2889 4415 3079 4459 Nuntio
3103 4417 3230 4470 pigli

758 4490 808 4531 lo
831 4498 1098 4543 assumpto
1121 4490 1169 4533 di
1192 4490 1273 4533 sar
1296 4491 1346 4533 la
1387 4491 1673 4533 mutatione
1695 4502 1723 4533 o
1758 4491 2129 4537 translatione.
2149 4490 2330 4543 poiche
2353 4500 2475 4531 sono
2499 4496 2646 4530 tante
2669 4492 2802 4530 iuste
2824 4498 2978 4530 cause
2999 4500 3008 4540 ;
3043 4494 3095 4531 et
3130 4498 3230 4529 non

760 4560 999 4603 havendo
1021 4561 1253 4604 autorita
1280 4560 1560 4604 sufficiente
1582 4562 1720 4605 della
1742 4560 1871 4605 Sede
1897 4561 2201 4615 Apostolica
2221 4571 2316 4614 per
2334 4561 2438 4602 tale
2461 4560 2656 4609 effetto,
2677 4560 2720 4601 si
2743 4560 2897 4611 potrn
2918 4571 3011 4602 con
3032 4559 3229 4613 grande

758 4630 962 4674 facilit&
990 4632 1158 4682 (come
1190 4632 1532 4683 intendiamo)
1561 4634 1726 4675 havet
1756 4632 1806 4675 in
1828 4631 1993 4675 Roma
2023 4640 2210 4685 questa
2245 4629 2589 4685 espeditione‚
2625 4628 2900 4671 scrivendo
2921 4629 2958 4671 il
2989 4628 3178 4672 Nuntio
3199 4642 3228 4671 a

762 4701 869 4745 Sua
908 4701 1118 4746 Santita
1160 4708 1211 4745 et
1252 4703 1417 4747 anche
1449 4706 1499 4747 la
1528 4703 1732 4747 Maesta
1766 4703 1933 4757 Regia
1954 4710 2004 4747 et
2039 4701 2484 4746 raccomandando
2519 4702 2570 4743 al
2601 4712 2692 4742 suo
2725 4707 2952 4753 oratore,
2987 4702 3080 4743 che
3125 4704 3152 4743 e
3194 4702 3228 4742 il

762 4772 843 4815 ὅτ.
866 4772 929 4817 D.
952 4773 1117 4827 Diego
1138 4772 1317 4821 Lasso.
1343 4782 1523 4828 questo
1554 4776 1811 4829 negozio.„
1836 4774 1978 4818 Patri
1999 4774 2215 4817 Nicolao
2235 4774 2297 4816 de
2318 4770 2513 4828 Lanoy,
2533 4771 2560 4813 3
2580 4770 2700 4825 Maji
2726 4771 2848 4814 155³.
