3742 5392
1703 477 1832 534 AN.
1878 436 2019 535 1554
2986 478 3099 539 475

746 625 930 691 1007.
977 626 1192 692 Cum
1222 626 1444 691 etiam
1482 624 1574 688 D.
1618 623 1939 689 Didacus
1980 623 2068 687 de
2108 623 2472 703 Corduba,
2505 624 2629 705 qui
2663 623 2752 688 de
2794 626 3097 691 consilio

623 733 1114 816 Inquisitionis
1139 743 1318 811 erat,
1365 730 1442 797 P.
1487 732 1818 797 Natalem
1857 732 2264 811 alloquutus
2308 741 2519 809 esset,
2553 730 2987 811 significavit
3028 734 3094 797 ei

621 843 816 925 quod
841 842 936 906 ad
965 841 1276 906 tribunal
1319 839 1799 920 Inquisitionis
1835 838 2155 902 nonnihil
2194 840 2262 902 ei
2290 838 2603 902 delatum
2632 838 2919 919 fuisset3
2966 840 3094 904 sed

624 968 741 1014 res
771 966 928 1013 esse
957 949 1200 1028 exigui
1229 948 1597 1026 momenti,
1631 956 1710 1011 ut
1737 946 1949 1010 facile
1978 945 2175 1009 cerni
2212 956 2455 1025 posset
2487 946 2673 1026 quod
2704 964 2795 1009 ex
2822 947 3095 1013 invidia

624 1057 796 1122 talia
823 1065 1280 1120 notarentur:
1331 1055 1720 1137 postulavit
1761 1062 2001 1118 autem
2041 1055 2249 1117 enixe
2288 1052 2811 1119 Exercitiorum
2840 1055 3095 1119 librum

623 1173 701 1229 ut
728 1182 890 1228 eum
921 1163 1217 1241 videret,
1251 1172 1322 1227 et
1349 1173 1636 1227 nostros
1662 1162 1913 1226 faciles
1940 1180 2097 1227 esse
2143 1162 2158 1194 ¹
2190 1163 2449 1228 debere
2478 1164 2553 1227 in
2582 1164 2687 1227 eis
2726 1162 3095 1227 ostenden·

626 1272 738 1337 dis
760 1271 1154 1353 jndicabat;
1188 1271 1314 1335 sed
1339 1270 1708 1358 respondit
1735 1271 1802 1334 ei
1830 1270 1911 1333 P.
1944 1270 2221 1335 Natalis
2249 1289 2381 1335 nos
2410 1272 2631 1335 etiam
2656 1270 2865 1334 facile
2896 1271 3091 1349 dare,

626 1380 882 1461 quibus
908 1379 1076 1443 utile
1105 1378 1258 1442 fore
1287 1394 1741 1458 speraremus
1767 1426 1781 1457 ,
1815 1394 1947 1441 nec
1977 1378 2255 1442 moveri
2285 1396 2419 1442 nos
2462 1379 2607 1441 ulla
2636 1378 2911 1441 ratione
2955 1377 3095 1456 his,

625 1502 808 1567 quae
837 1494 1088 1550 contra
1116 1483 1480 1549 Exercitia
1509 1484 1931 1549 circumlata
1958 1483 2276 1559 fuerant:
2320 1483 2447 1547 sed
2478 1484 2567 1549 ab
2600 1502 2685 1547 eo
2708 1532 2723 1562 ,
2756 1493 2834 1547 ut
2864 1484 3097 1548 amico

627 1592 1004 1658 Societatis
1035 1593 1272 1671 (talem
1301 1594 1491 1656 enim
1521 1610 1600 1655 se
1643 1599 1714 1655 et
1751 1593 1824 1656 in
1873 1591 2115 1657 Sicilia
2144 1592 2318 1656 etin
2353 1591 2703 1673 Hispania
2747 1591 2837 1655 D.
2883 1589 3099 1654 Dida-

628 1717 755 1765 cus
805 1700 892 1764 de
942 1698 1277 1764 Corduba
1327 1700 1748 1763 exhibuerat
1785 1698 1866 1778 ²),
1903 1699 2279 1763 consilium
2308 1700 2511 1781 petiit
2560 1698 2916 1780 quomodo
2946 1698 3101 1762 sine

627 1807 746 1873 S.ti
781 1799 1013 1872 Offic'ii
1043 1806 1432 1870 offensione
1460 1822 1833 1887 possemus
1875 1806 2256 1886 providere
2285 1824 2375 1870 ne
2405 1806 2565 1887 quis
2596 1806 2905 1886 amplius
2935 1822 3099 1869 con-

626 1928 738 1980 tra
765 1913 1289 1979 Exercitiorum
1318 1913 1572 1977 librum
1602 1913 2136 1993 obloqueretur:
2168 1912 2465 1993 subjecit
2495 1913 2610 1977 ille
2650 1922 2728 1976 ut
2757 1929 3096 1993 praesen-

627 2032 941 2087 taremus
969 2020 1330 2086 Exercitia
1361 2018 1613 2085 Officio
1641 2019 2155 2100 Inquisitionis;
2202 2030 2275 2083 at
2304 2019 2381 2083 P.
2426 2018 2702 2084 Natalis
2730 2020 2912 2084 dixit
2952 2036 3098 2083 non

627 2146 840 2211 egere
867 2146 1001 2193 nos
1028 2129 1454 2194 auctoritate
1484 2126 1602 2192 S.t¹
1635 2126 1905 2207 Officii,
1938 2144 2103 2191 cum
2132 2128 2605 2209 superiorem,
2638 2126 2911 2192 scilicet
2928 2176 2943 2203 ,
2976 2126 3099 2192 Se-

628 2236 737 2301 dis
789 2236 1287 2317 Apostolicae,
1349 2236 1937 2316 approbationem
1993 2235 2517 2299 Exercitiorum
2574 2234 3093 2299 habuissemus.

629 2343 827 2407 Tunc
849 2343 940 2407 D.
969 2342 1284 2406 Didacus
1306 2344 1404 2406 ait
1425 2359 1680 2406 verum
1703 2342 1774 2405 id
1797 2360 1978 2420 esse,
2002 2342 2129 2407 sed
2151 2342 2309 2406 dari
2323 2343 2576 2407 saltem
2598 2358 2809 2423 posse
2837 2342 3092 2405 librum

627 2450 762 2528 his,
788 2451 906 2530 qui
936 2451 1025 2514 de
1057 2449 1521 2531 Inquisitione
1557 2459 1744 2526 sunt,
1779 2459 1858 2513 ut
1880 2466 2043 2513 eum
2072 2450 2415 2528 legerent:
2452 2449 2579 2513 sed
2606 2466 2697 2513 ne
2720 2449 2793 2512 id
2816 2450 3099 2529 quidem

627 2558 705 2621 P.
739 2556 978 2621 Natali
1005 2555 1342 2638 expedire
1369 2556 1774 2635 videbatur,
1807 2556 1975 2636 quia
2004 2572 2298 2620 necesse
2328 2565 2482 2620 erat
2510 2556 2941 2636 respondere
2970 2556 3099 2635 eiS,

629 2681 811 2744 quae
841 2664 1117 2745 publice
1146 2672 1270 2727 aut
1300 2664 1638 2744 privatim
1666 2663 2016 2728 contrarii
2044 2662 2476 2744 objecerant,
2508 2672 2580 2726 et
2608 2662 2743 2727 hoc
2764 2681 2907 2726 non
2937 2681 3099 2727 con-

634 2772 880 2835 venire
902 2771 1314 2835 auctoritati
1335 2768 1540 2835 Sedis
1564 2768 2049 2851 Apostolicae,
2076 2787 2209 2834 nec
2234 2770 2637 2834 Cardinalis
2666 2769 3100 2850 Compostel-

632 2878 800 2957 lani,
833 2878 952 2958 qui
981 2895 1164 2942 unus
1192 2887 1348 2941 erat
1391 2895 1484 2941 ex
1524 2877 2050 2941 universalibus
2072 2876 2613 2958 Inquisitoribus
2634 2875 2682 2956 ⁸,
2716 2894 2848 2941 nec
2876 2876 3104 2957 ipsius

631 2985 848 3049 etiam
878 2982 1276 3049 SocietatiS.
1309 2984 1470 3064 Ipse
1507 3000 1681 3047 vero
1712 2981 2034 3048 Didacus
2072 2984 2264 3048 aliud
2295 3002 2438 3049 non
2479 2984 2850 3064 respondit
2884 3001 3101 3065 quam

635 3101 712 3156 ut
739 3091 1148 3157 videremus
1177 3108 1309 3156 nos
1336 3090 1505 3170 quid
1533 3090 1770 3170 magis
1797 3092 2239 3155 conveniret:
2272 3092 2372 3154 illi
2403 3100 2663 3171 autem,
2691 3101 2767 3155 ut
2790 3093 3099 3173 privam,

631 3200 812 3262 liber
836 3197 1361 3263 Exercitiorum
1387 3197 1732 3277 legendus
1760 3198 1971 3262 datus
2000 3208 2130 3261 est.

758 3304 935 3369 1008.
1022 3304 1227 3385 Quod
1273 3304 1524 3369 attinet
1568 3304 1662 3369 ad
1699 3304 2091 3369 subsidium
2117 3354 2132 3384 ,
2174 3306 2363 3386 quod
2408 3305 2730 3371 Romano
2784 3306 3105 3385 Collegio

633 3432 725 3477 ex
752 3412 1102 3494 Hispania
1131 3412 1526 3477 curandum
1545 3421 1726 3489 erat,
1749 3411 2147 3476 ferventem
2168 3430 2245 3476 se
2274 3412 2351 3477 P.
2386 3412 2815 3478 Franciscus
2837 3413 3105 3493 Borgia

633 3519 1035 3600 exhibebat,
1069 3528 1140 3582 et
1168 3518 1352 3583 inter
1381 3518 1522 3583 alia
1550 3536 1712 3583 cum
1743 3518 1889 3583 filio
1922 3520 2204 3583 curavit
2234 3528 2313 3583 ut
2342 3522 2771 3600 quingentos
2793 3521 2954 3585 illos
2982 3539 3101 3585 au·

633 3646 820 3703 reos,
852 3644 1030 3708 quos
1060 3626 1506 3706 promiserat,
1537 3626 1883 3704 solveret;
1914 3626 2104 3706 quod
2134 3627 2249 3690 ille
2280 3628 2604 3707 promisit
2634 3646 2710 3692 se
2739 3628 3101 3692 facturum

634 3743 704 3798 et
746 3736 844 3798 ita
899 3732 975 3799 P.
1027 3732 1305 3814 Ignatio
1355 3733 1662 3814 scripsit.
1713 3730 2189 3798 Nihilominus
2239 3735 2634 3813 assignatio
2682 3736 2833 3810 illa.
2889 3753 3103 3816 quam

635 3839 803 3906 Dux
830 3841 1020 3919 fecit,
1054 3858 1244 3904 vana
1273 3841 1565 3905 inventa
1594 3849 1730 3920 est,
1777 3850 1855 3904 ut
1881 3841 2251 3905 videretur
2287 3842 2525 3922 potius
2567 3843 2881 3907 voluisse
2918 3844 3106 3924 patri

635 3965 765 4013 suo
803 3948 1240 4027 satisfacere,
1277 3965 1489 4030 quam
1517 3950 1753 4027 reipsa
1786 3956 2154 4026 praestare
2196 3949 2382 4029 quod
2430 3950 2889 4030 promittebat
2918 3960 2989 4014 et
3028 3968 3108 4015 se

636 4054 896 4120 debere
923 4055 1299 4120 fatebatur.
1333 4055 1446 4119 Ex
1475 4054 1613 4118 illis
1643 4064 1885 4119 tamen
1913 4055 2261 4120 reditibus
2288 4056 2365 4120 P.
2394 4056 2787 4135 Francisci,
2812 4076 2992 4140 quos
3016 4060 3107 4123 ab

634 4162 1072 4243 Imperatore
1093 4162 1402 4225 diximus
1423 4163 1841 4242 impetratos
1866 4161 1959 4225 ad
1981 4163 2559 4244 quinquennium,
2577 4174 2646 4228 et
2664 4182 2754 4229 ex
2778 4166 2937 4229 aliis
2958 4168 3104 4245 qui-

635 4270 968 4347 busdam,
1001 4268 1141 4332 duo
1181 4270 1400 4333 millia
1438 4269 1866 4333 ducatorum
1904 4279 1973 4334 et
2014 4272 2321 4351 amplius
2368 4270 2668 4336 Romam
2708 4273 2927 4336 missa
2962 4273 3115 4337 fue-'

635 4387 825 4456 runt;
859 4386 930 4440 et
953 4384 1243 4457 praeter
1271 4376 1452 4439 haec
1483 4394 1572 4439 ex
1595 4372 1888 4440 Baetica
1918 4384 1988 4439 et
2015 4377 2221 4441 bonis
2249 4377 2695 4458 quibusdam,
2727 4380 2845 4443 vel
2874 4380 3111 4459 potius

717 4584 736 4617 ¹
797 4580 984 4629 Facile
1003 4583 1196 4627 debere
1217 4584 1376 4627 habet
1391 4594 1491 4627 ma.

715 4655 740 4688 ¹
794 4653 930 4699 'Vide
949 4666 1126 4709 snpra,
1147 4660 1184 4700 t.
1205 4666 1240 4707 ι,
1259 4656 1347 4699 ubi
1367 4655 1429 4699 de
1451 4659 1606 4700 rebus
1627 4654 1838 4699 Siciliae
1859 4658 2059 4709 agitur.

719 4726 743 4757 3
800 4726 936 4770 Vide
957 4738 1116 4781 supra
1136 4758 1148 4781 ,
1171 4732 1208 4770 t.
1230 4738 1284 4781 u,
1308 4738 1428 4781 pag.
1449 4726 1520 4783 23,
1541 4738 1592 4771 n.
1610 4727 1682 4781 ⁴2,
1703 4732 1756 4771 et
1777 4731 1815 4772 t.
1833 4738 1911 4779 111,
1932 4738 2052 4783 pag.
2082 4728 2179 4773 559.
