3742 5392
1605 479 1733 535 ΑΝ.
1778 476 1915 535 1554
2895 477 3004 537 209

536 626 882 688 interesse
898 623 1347 704 jubebantur,
1375 623 1637 703 partim
1658 623 1890 687 edicto
1912 622 2299 703 Pro-regiS,
2328 624 2415 687 de
2441 641 2578 703 quo
2601 625 2814 703 paulo
2839 632 3002 687 ante

540 731 963 794 mentionem
994 730 1128 793 feci
1162 729 1203 809 ¹,
1236 748 1377 811 quo
1408 731 1923 794 concubinatus
1959 730 2488 809 prohibebatur.

658 837 801 900 464.
890 836 1095 917 Quod
1125 837 1490 917 attigimus
1527 839 1615 900 de
1643 836 2042 916 virginibus
2081 838 2153 900 in
2193 838 2700 902 monasterium
2739 856 3003 903 novum

541 943 1009 1021 deducendiS‚
1063 946 1167 1008 sic
1206 945 1534 1008 habebat.
1580 944 2019 1008 Coenobium
2059 943 2412 1024 quoddam
2452 955 2606 1008 erat
2646 945 3002 1025 Panormi,

544 1052 731 1133 quod
762 1050 1069 1132 Roglion
1106 1050 1129 1081 ³
1159 1053 1549 1129 vocabant,
1583 1052 1701 1116 ubi
1745 1052 2091 1114 moniales
2130 1070 2290 1115 eam
2327 1053 2617 1116 vivendi
2658 1054 3004 1117 rationem

538 1159 1042 1240 sequebantur,
1074 1170 1150 1222 ut
1180 1176 1341 1221 cum
1370 1158 1569 1221 multi
1597 1159 1921 1235 graviter
1952 1158 2040 1221 ob
2069 1158 2600 1223 dissolutionem
2631 1176 2879 1223 earum
2909 1159 3006 1221 of·
3105 1222 3111 1227 .

540 1263 1021 1345 fenderentur,
1054 1264 1677 1345 ArchiepiscopuS,
1714 1263 2054 1345 Pro-rege
2084 1274 2394 1345 petente,
2430 1265 2817 1331 monachas
2847 1267 3009 1330 inde

546 1372 841 1436 eductas
857 1374 929 1435 in
948 1372 1105 1436 aliis
1120 1372 1573 1436 monasteriis
1591 1370 1781 1451 (sic),
1798 1371 1918 1435 ubi
1934 1372 2155 1437 multo
2174 1372 2575 1452 religiosius
2589 1374 2836 1435 vivere
2854 1391 3009 1453 pos-

546 1489 738 1559 sent,
772 1479 1110 1543 traduxit.
1144 1479 1652 1543 Monasterium
1684 1488 1958 1557 autern,
1994 1480 2183 1559 quod
2211 1479 2372 1541 illae
2401 1480 2857 1560 reliquerunt,
2891 1498 3010 1543 no·
3048 1486 3054 1493 ‘

549 1588 715 1651 stris
744 1588 837 1650 ad
865 1588 937 1651 id
974 1586 1546 1650 commendatum
1576 1596 1715 1664 est,
1749 1595 1856 1660 ut,
1891 1584 2484 1666 quemadmodum
2521 1584 2896 1651 Messanae
2940 1588 3011 1650 in

551 1695 982 1758 monasterio
1012 1693 1475 1757 Ascensionis
1512 1692 1781 1756 factum
1808 1692 2073 1769 fuerat,
2108 1692 2205 1757 ita
2235 1701 2305 1756 et
2334 1692 2431 1756 ibi
2460 1692 2731 1756 meliori
2759 1694 3012 1774 spiritu

552 1820 639 1865 ac
694 1804 959 1865 virtute
1012 1801 1379 1881 praeditae
1433 1800 1751 1878 virgines
1802 1801 1874 1863 in
1931 1800 2102 1863 illud
2159 1800 2660 1864 inducerentur
2689 1850 2702 1879 ,
2763 1802 3013 1881 quibus

556 1911 795 1974 omnia
826 1908 1227 1972 communia
1256 1916 1521 1984 essent,
1567 1917 1636 1970 et
1674 1909 2085 1985 regularum
2127 1908 2735 1987 praescriptarum
2781 1908 3014 1971 obser-

554 2018 864 2081 vatrices
892 2026 1131 2079 essent
1152 2015 1357 2096 juxta
1387 2015 1689 2077 instituti
1718 2014 1827 2077 sui
1856 2014 2239 2077 rationem:
2275 2012 2423 2093 Jam
2454 2024 2692 2078 autem
2721 2025 3015 2095 paratae

556 2134 761 2187 erant
789 2141 930 2187 non
958 2140 1229 2203 paucae
1256 2121 1799 2186 honestissimae
1828 2121 2171 2201 virgineS,
2207 2131 2275 2184 et
2296 2122 2479 2185 inter
2510 2138 2634 2185 eas
2666 2122 3016 2202 quaedam

550 2232 855 2311 nobileS,
892 2247 1073 2311 quae
1110 2230 1285 2293 nihil
1315 2229 1681 2292 ardentius
1727 2228 2068 2309 optabant
2100 2246 2312 2309 quam
2349 2238 2425 2292 ut
2455 2228 2626 2292 illud
2665 2240 3016 2293 monaste-

555 2338 741 2403 rium
770 2339 1170 2403 absolutum
1200 2346 1270 2401 et
1299 2338 1802 2401 concinnatum
1834 2336 2113 2415 ingredi
2141 2346 2454 2416 possent,
2490 2336 2678 2415 quod
2707 2334 3016 2417 Septem-

557 2446 667 2511 bri
694 2464 934 2510 mense
964 2444 1169 2526 hujus
1193 2445 1361 2507 anni
1383 2444 1534 2507 fore
1564 2444 1969 2523 sperabant.
1999 2441 2475 2523 Susceperunt
2499 2451 2738 2507 autem
2758 2444 3018 2508 instau-

560 2553 827 2617 randae
856 2550 1063 2631 huJus
1093 2552 1343 2615 domus
1374 2568 1619 2614 curam
1660 2550 1797 2613 viri
1824 2550 1992 2613 boni
2030 2566 2116 2612 ac
2160 2549 2463 2629 nobiles,
2498 2567 2796 2630 quorum
2834 2550 3020 2614 filiae

556 2660 915 2741 quaedam
935 2676 1202 2722 novum
1228 2658 1737 2722 monasterium
1759 2656 2038 2736 ingredi
2069 2657 2304 2719 animo
2329 2656 2884 2721 destinaverant.
2918 2638 3017 2721 In-

558 2767 766 2831 terim
795 2776 1032 2830 autem
1061 2764 1519 2829 concionibus
1556 2772 1625 2827 et
1654 2772 2269 2857 sacramentorum
2304 2764 2741 2843 perceptioni
2771 2763 3021 2828 crebro

564 2874 942 2949 vacabant,
976 2882 1047 2935 et
1074 2870 1556 2953 spiritualibus
1586 2869 1944 2933 exercitiis
1975 2870 2508 2933 excolebantur.

681 2979 823 3043 465.
910 2978 1170 3043 Rector
1198 2979 1497 3058 Collegii
1526 2976 2034 3056 panormitani,
2061 2975 2137 3045 P.
2164 2976 2448 3055 Paulus,
2477 2977 2685 3041 simul
2714 2995 2880 3042 cum
2901 2978 3022 3042 Vi-

562 3089 759 3153 cario
793 3085 1233 3166 Gregentino
1271 3084 1294 3117 ⁵
1323 3087 1544 3149 multa
1584 3084 1789 3165 regni
1817 3083 2102 3147 Siciliae
2131 3085 2312 3161 loca,
2347 3082 2633 3147 hortatu
2664 3084 3026 3166 Pro-regis

563 3204 633 3260 et
660 3214 751 3259 ex
780 3194 1178 3257 obedientia
1207 3191 1708 3269 ProvincialiS,
1753 3190 2215 3271 perlustravit
2239 3239 2254 3269 ‚
2288 3191 2362 3253 in
2408 3192 2665 3270 quibus
2702 3192 3026 3257 homines

562 3310 976 3384 repererunt
1015 3280 1453 3364 densissimis
1480 3308 1941 3379 peccatorum
1969 3298 2282 3361 tenebris
2311 3300 2749 3379 excaecatis3
2792 3311 3024 3379 pasto·

562 3426 679 3475 res
708 3409 917 3473 simul
946 3425 1107 3471 cum
1139 3407 1389 3471 ovibus
1418 3404 1756 3469 errabant
1800 3405 1874 3468 in
1913 3405 2184 3483 usuriS,
2220 3404 2583 3469 adulteriis
2623 3414 2691 3469 et
2730 3408 2890 3470 aliis
2925 3409 3025 3471 vi-

564 3517 704 3596 tiis,
738 3532 919 3596 quae
946 3530 1211 3593 magna
1242 3532 1332 3577 ex
1358 3524 1584 3592 parte,
1617 3511 1771 3575 Deo
1803 3510 2221 3591 adJ'uvante,
2257 3522 2753 3593 correxerunt;
2790 3532 3024 3577 mona·

549 3623 783 3687 steria
831 3622 1047 3686 etiam
1086 3620 1323 3700 aliqua
1362 3618 1932 3682 reformaverunt
1981 3629 2051 3681 et
2093 3618 2184 3681 ad
2221 3619 2599 3699 pristinam
2647 3620 3027 3701 religiosae

566 3728 1029 3793 institutionis
1062 3728 1367 3791 formam
1396 3734 1957 3803 revocaverunt;
1994 3734 2063 3787 et
2103 3742 2263 3788 cum
2304 3724 2631 3789 viderent
2659 3744 2750 3791 ex
2795 3726 3024 3809 hujus·

562 3837 756 3901 modi
800 3838 1119 3899 locorum
1162 3833 1569 3897 visitatione
1612 3842 1733 3896 aut
1774 3833 2189 3896 lustratione
2237 3832 2548 3897 fructum
2597 3834 2886 3899 uberem
2937 3836 3028 3899 ad

642 4080 662 4113 ¹
718 4078 943 4123 Videtur
961 4078 1046 4122 hic
1069 4078 1324 4122 Polaticus
1353 4074 1633 4131 indigitare
1666 4088 1797 4130 quae
1830 4086 2005 4130 snpra,
2037 4076 2132 4119 sub
2167 4074 2320 4120 finem
2349 4088 2399 4119 n.
2428 4078 2521 4125 461.
2555 4078 2685 4122 dixit
2718 4078 2781 4122 de
2799 4080 2977 4134 poenis
2997 4090 3028 4123 a

558 4154 793 4207 Pron-ege
818 4152 871 4195 in
892 4151 1146 4206 quaedam
1167 4149 1368 4204 flagitia
1387 4148 1603 4193 statutis
1620 4161 1632 4203 3
1652 4149 1744 4192 sed
1765 4159 1830 4192 ea
1848 4148 2012 4193 fusius
2033 4148 2245 4201 exponit
2267 4148 2420 4203 infra,
2443 4162 2491 4193 n.
2513 4150 2611 4193 486.

644 4226 667 4257 ί
722 4224 807 4267 Sic
828 4238 839 4277 ;
862 4225 952 4267 vix
974 4229 1148 4267 tamen
1167 4234 1280 4265 esse
1301 4221 1509 4265 dubium
1537 4227 1708 4275 potest
1730 4231 2016 4264 sermonem
2036 4218 2148 4263 fieri
2170 4220 2232 4264 de
2253 4222 2514 4273 coenobio,
2533 4224 2666 4277 qnod
2686 4225 2762 4268 sic
2784 4226 3030 4283 describit

564 4296 800 4341 Roccnus
832 4296 1047 4339 Pmnus:
1079 4294 1165 4338 “S-
1189 4294 1425 4349 Ioannis
1456 4292 1746 4347 Baptistae
1779 4293 1846 4336 de
1877 4292 2155 4345 Ruchono,
2179 4293 2368 4347 vulgus
2401 4296 2634 4349 appellnt
2664 4297 2730 4340 de
2765 4298 3032 4351 leignon,

562 4368 828 4413 conditum
848 4374 929 4412 est
958 4374 1081 4412 ante
1115 4378 1306 4412 annum
1338 4365 1459 4409 1800.
1480 4364 1676 4409 Fuerat
1708 4366 1777 4409 ibi
1808 4364 1955 4412 olim.
1976 4372 2034 4408 ut
2068 4365 2210 4409 fama
2230 4372 2336 4415 est.
2360 4368 2515 4411 aedes
2547 4368 2796 4423 Equitum
2827 4369 3032 4416 Ordinis

565 4440 1074 4493 Hierosolymitam·.
1097 4438 1327 4486 Meminit
1345 4438 1497 4493 hujus
1527 4437 1758 4481 coenobii
1782 4434 2028 4480 Clemens
2053 4436 2164 4481 Vin
2183 4438 2439 4494 rescripto
2458 4440 2784 4495 praecipiens
2804 4442 3030 4489 Bartho-

562 4514 775 4557 lomaeo
794 4511 1199 4566 ,archiepiscopo
1226 4516 1285 4554 ut
1318 4509 1564 4553 Sororem
1594 4508 1821 4553 Luciam
1850 4508 1910 4551 in
1932 4508 2264 4553 Priort'ssam
2299 4510 2489 4555 Sancti
2503 4512 2738 4567 Joanm's
2760 4516 3032 4561 Ruchom's

566 4584 879 4638 confirmet.„
900 4582 1177 4628 Ecclesiae
1196 4580 1628 4626 Panormitanae
1647 4580 1855 4625 Notitia
1875 4580 1917 4633 1.
1933 4581 2022 4625 lib.
2043 4592 2078 4637 ι,
2099 4580 2142 4635 §-
2161 4582 2238 4626 De
2256 4580 2552 4629 Moninlium
2569 4588 2847 4641 coenobiis,
2869 4600 2922 4643 n,
2935 4589 2979 4635 4.

644 4657 669 4689 ⁸
726 4656 1073 4713 Agrigentino
1093 4656 1180 4711 (de
1203 4655 1485 4710 Girgentt),
1506 4653 1823 4711 Hieronymo
1844 4654 1908 4697 de
1927 4652 2240 4699 Valentinis.
2261 4654 2396 4701 Vide
2429 4656 2622 4701 Carras
2649 4659 2714 4703 de
2737 4660 2848 4705 San
2879 4660 3036 4716 Igna-

568 4730 670 4781 cio,
690 4736 727 4773 t.
746 4740 819 4784 η’,
840 4740 960 4783 pag.
983 4728 1077 4773 115.
2559 4728 2566 4731 “

860 4819 937 4879 Τ.
970 4836 1047 4877 ιν.
2693 4840 2758 4894 ¹4
