3742 5392
697 448 808 506 672
1621 445 1879 506 Cimon.
1922 445 2075 505 Soc.
2116 447 2258 519 Jsss.

699 593 879 656 bene
918 592 1449 672 intelligendam
1479 592 1810 671 vacabat,
1857 609 1991 655 nec
2035 593 2265 656 solum
2314 590 2743 655 christianos
2780 591 3170 666 animabat,

699 700 830 764 sed
879 709 946 762 et
996 699 1298 778 gentiles
1349 699 1440 762 ad
1479 699 1747 764 Christi
1795 699 2214 779 religionem
2266 699 2712 777 sectandam,
2767 709 2837 763 et
2884 707 3177 779 praeter

705 807 884 870 alios
927 808 1500 886 consanguineos
1539 816 1608 870 et
1649 814 1892 871 notos:
1924 806 2219 870 fratrem
2258 805 2495 882 etiam,
2540 803 2708 888 [qui]
2755 824 2897 870 non
2942 806 3177 869 minus

703 931 916 994 quam
947 909 1146 994 [ipse]
1189 914 1603 993 ingeniosus
1645 923 1822 992 erat,
1869 913 2253 992 convertit;
2302 931 2454 977 rem
2484 913 2915 977 autem-Deo
2965 913 3175 977 valde

702 1030 986 1098 gratam
1016 1030 1084 1083 et
1113 1021 1356 1084 utilem
1383 1021 1622 1084 multis
1651 1019 1817 1085 fecit
1849 1021 2019 1084 dum
2060 1003 2311 1084 melius
2341 1029 2411 1084 et
2441 1020 2862 1084 concinnius
2892 1021 3167 1098 scribit,

704 1145 918 1207 quam
945 1127 1142 1207 prius
1173 1128 1440 1208 scripta
1471 1137 1700 1203 erant,
1734 1145 1917 1208 quae
1969 1126 2042 1190 in
2088 1124 2207 1191 illo
2241 1126 2390 1206 jam
2420 1128 2609 1191 dicto
2655 1128 2834 1192 libro
2866 1127 3177 1190 contine-

705 1235 987 1297 bantur.
1958 1248 1961 1251 ’
2118 1297 2125 1304 .

833 1339 1007 1404 1453.
1094 1341 1228 1406 Vir
1258 1341 1471 1404 etiam
1498 1341 1755 1405 nobilis
1787 1342 2157 1422 octoginta
2186 1341 2335 1405 fere
2366 1358 2590 1404 annos
2618 1350 2827 1404 natus
2858 1340 2948 1404 ad
2970 1339 3179 1403 fidem

707 1464 1101 1510 conversus
1141 1457 1272 1522 est,
1326 1449 1442 1528 qui
1483 1465 1738 1512 manus
1777 1448 2089 1511 habebat
2118 1449 2318 1512 callis
2360 1448 2703 1511 obductas
2733 1465 2825 1510 ex
2852 1463 2984 1511 usu
3017 1445 3179 1509 ado·

710 1553 1008 1618 rationis
1050 1569 1342 1617 suorum
1394 1554 1766 1634 idolorum,
1814 1572 1982 1618 nam
2026 1555 2132 1618 sic
2174 1555 2403 1618 solent
2449 1555 2549 1617 illi
2590 1572 2842 1617 manus
2885 1551 3173 1634 ter[rae]

712 1662 1094 1725 admovere
1145 1662 1218 1724 in
1267 1679 1394 1724 suo
1442 1661 1623 1724 falso
1665 1663 1882 1741 cultu;
1930 1661 2078 1739 sed,
2122 1660 2410 1739 cognita
2448 1662 2765 1724 vanitate
2804 1660 3181 1737 idolorum,

711 1767 1164 1831 Conditorem
1195 1785 1435 1832 rerum
1463 1769 1778 1832 omnium
1807 1779 1874 1831 et
1906 1778 2394 1848 reparatorem
2426 1769 2613 1832 serio
2644 1770 2875 1834 colere
2914 1769 3176 1847 coepit,

713 1883 782 1938 et
821 1874 892 1936 in
933 1875 1242 1954 quodam
1273 1892 1401 1938 suo
1431 1892 1620 1955 pago
1652 1875 1993 1938 sacellum
2024 1875 2399 1940 aedificare
2447 1876 2756 1952 volebat,
2792 1883 2870 1938 ut
2912 1875 2985 1937 in
3014 1873 3184 1937 illud

714 1982 1084 2045 christiani
1103 1982 1566 2045 convenirent
1591 1983 1682 2046 ad
1705 1981 1842 2046 Dei
1861 1983 2301 2064 obsequium,
2329 1999 2508 2063 quos
2525 1992 2593 2047 et
2610 1983 2908 2062 ipsemet
2930 1981 3186 2046 docere

717 2088 1033 2167 volebat,
1067 2097 1135 2150 et
1166 2087 1255 2151 ad
1297 2089 1367 2151 id
1418 2106 1632 2152 manu
1681 2107 1812 2152 sua
1862 2088 2238 2169 descripsit
2290 2089 2547 2153 librum
2596 2090 2822 2166 illum,
2876 2104 3085 2168 quem
3114 2088 3187 2149 in

709 2195 1084 2276 japonensi
1113 2196 1357 2274 lingua
1387 2197 1730 2276 scriptum
1752 2195 2081 2276 diximuS,
2108 2205 2177 2260 et
2194 2197 2361 2260 totis
2390 2199 2662 2260 viribus
2686 2195 2951 2260 Christi
2976 2194 3185 2259 fidem

715 2301 874 2365 aliis
915 2302 1344 2382 persuadere
1387 2303 1692 2366 volebat.
1748 2302 1920 2382 EJ‘us
1972 2303 2261 2383 quidam
2311 2303 2494 2367 filius
2537 2305 2735 2383 prius
2788 2319 3002 2385 quam
3031 2302 3185 2382 ipse

723 2409 1155 2473 christianus
1184 2408 1476 2473 effectus
1513 2410 1769 2474 fuerat.

843 2515 1017 2580 1454.
1105 2515 1184 2579 In
1221 2517 1380 2579 loco
1431 2515 1760 2598 quodam,
1815 2519 1930 2581 cui
1980 2517 2239 2581 Aliano
2270 2535 2529 2582 nornen
2567 2529 2756 2594 erat,
2785 2534 2945 2581 una
2983 2517 3185 2580 leuca

719 2621 1169 2703 Amangucio
1229 2623 1570 2702 distante,
1620 2625 1852 2687 hieme
1895 2642 2036 2688 una
2076 2625 2244 2687 anni
2264 2625 2759 2705 praecedentis
2798 2624 2945 2686 fere
2986 2639 3187 2686 sexa-

716 2731 914 2810 ginta
947 2730 1192 2793 rustici
1222 2731 1587 2794 christiani
1617 2730 1791 2795 facti
1821 2743 2015 2809 sunt,
2046 2733 2166 2814 qui
2208 2733 2373 2795 licet
2414 2749 2545 2796 nec
2585 2731 2897 2795 scribere
2927 2747 3057 2793 nec
3099 2730 3190 2793 le-

717 2855 888 2918 gere
918 2837 1208 2915 scirent,
1243 2848 1390 2901 tam
1421 2838 1777 2902 ferventer
1807 2840 1894 2902 de
1927 2840 2135 2903 rebus
2166 2840 2427 2904 divinis
2451 2839 2955 2920 loquebantur,
2989 2846 3067 2900 ut
3102 2854 3190 2899 ne

719 2944 976 3008 eruditi
1005 2945 1288 3025 quidem
1317 2945 1664 3025 infideleS,
1699 2964 1861 3010 cum
1891 2963 2013 3010 eos
2044 2947 2459 3025 audiebant,
2508 2947 2893 3026 quidquam
2936 2945 3039 3007 eis
3072 2961 3195 3024 op·

721 3069 984 3132 ponere
1013 3062 1324 3131 possent,
1358 3062 1426 3115 et
1464 3055 1730 3116 bonzus
1782 3053 2103 3134 quidam,
2149 3055 2269 3134 qui
2310 3055 2499 3118 eoin
2548 3056 2704 3116 loco
2737 3052 3189 3130 versabatur,

725 3159 815 3222 ab
844 3159 948 3222 eis
978 3159 1211 3222 victus
1239 3157 1401 3222 inde
1431 3159 1680 3240 fugere
1710 3159 1973 3234 debuit,
2007 3169 2075 3224 et
2105 3161 2179 3223 in
2206 3163 2441 3223 locum
2472 3160 2847 3266 quemdam
2874 3157 3009 3238 ipsi
3030 3175 3191 3220 con·

725 3267 1095 3330 venientes
1125 3266 1304 3329 alius
1335 3267 1554 3330 alium
1583 3267 1976 3331 instruebat
2007 3277 2075 3330 et
2106 3267 2548 3332 hortabatur.

853 3371 1028 3435 1455.
1115 3371 1375 3435 Missus
1404 3390 1488 3436 eo
1541 3392 1582 3437 a
1633 3373 1709 3437 P.
1765 3373 2026 3438 Cosmo
2078 3391 2260 3437 unus
2310 3391 2399 3436 ex
2450 3374 2859 3437 domesticis
2910 3373 3193 3436 nomine

731 3478 1185 3558 LaurentiuS,
1213 3480 1334 3560 qui
1363 3480 1681 3559 linguam
1699 3478 2165 3560 japonensem
2188 3479 2567 3558 didicerat,
2588 3498 2732 3543 non
2756 3482 2983 3544 solum
3013 3479 3195 3542 chri-

732 3586 1126 3649 stianorum
1174 3587 1373 3649 auxit
1422 3586 1818 3666 fervorem,
1876 3588 2000 3650 sed
2050 3605 2292 3651 seeum
2323 3587 2695 3651 duodecim
2727 3587 2903 3650 alios
2931 3586 3195 3650 Aman-

732 3691 1024 3772 gucium
1061 3691 1356 3756 deduxit
1395 3703 1470 3756 ut
1508 3693 1603 3756 ibi
1634 3693 1898 3757 Christi
1926 3693 2135 3758 fidem
2175 3695 2638 3775 susciperent.
2686 3693 2833 3758 Nec
2865 3694 3197 3758 obstabat

735 3798 992 3878 friguS,
1035 3799 1224 3879 quod
1264 3817 1348 3863 eo
1389 3808 1708 3880 tempore
1747 3801 2057 3863 maxime
2104 3800 2427 3880 vigebat:
2472 3801 2863 3864 orationem
2902 3801 3195 3865 domini·

735 3923 894 3968 cam
923 3905 1057 3967 viri
1089 3915 1157 3968 et
1187 3907 1403 3969 etiam
1433 3908 1736 3983 vetulae,
1757 3924 1938 3987 quae
1960 3907 2208 3971 dentes
2231 3907 2640 3986 amiserant,
2668 3917 2815 3970 tam
2840 3908 3019 3971 bene
3042 3925 3201 3988 pro—

733 4012 1152 4076 nuntiabant
1184 4030 1398 4093 quam
1425 4014 1686 4092 nostri,
1720 4022 1790 4076 et
1841 4015 2181 4094 paulatim
2214 4031 2437 4095 usque
2482 4015 2572 4078 ad
2612 4022 2968 4078 trecentos
3009 4015 3080 4078 in
3111 4032 3196 4077 eo

737 4135 926 4200 pago
955 4129 1453 4182 excreverunt.

861 4225 1035 4290 1456.
1123 4226 1201 4289 In
1249 4226 1496 4306 vigilia
1547 4225 1820 4292 Natalis
1881 4226 2201 4308 Domini,
2267 4246 2429 4292 cum
2486 4229 2769 4309 plurimi
2829 4227 3199 4292 christiani

739 4335 1103 4414 utriusque
1133 4351 1350 4396 sexus
1391 4343 1459 4396 et
1499 4333 1783 4413 quidem
1820 4335 2093 4398 nobiles
2144 4335 2237 4399 ad
2285 4337 2661 4400 ecclesiam
2690 4336 2882 4400 domi
2912 4342 3200 4398 nostrae

738 4441 1268 4519 convenissent,
1303 4457 1526 4521 usque
1566 4441 1658 4504 ad
1696 4441 2001 4505 mediam
2050 4451 2334 4505 noctem
2372 4460 2531 4506 cum
2577 4459 2837 4521 magna
2883 4443 3201 4505 consola-

739 4547 930 4610 tione
953 4547 1291 4611 historias
1315 4546 1581 4610 veteris
1604 4545 2044 4610 Testamenti
2074 4549 2215 4628 legi
2240 4549 2644 4627 audierunt,
2672 4558 2742 4611 et
2765 4565 2929 4612 cum
2950 4547 3202 4627 maj0ri

741 4653 956 4717 etiam
1006 4653 1266 4717 Missae
1321 4651 1895 4734 [interfuissent],
1950 4672 2165 4736 quam
2212 4654 2289 4718 P.
2354 4653 2653 4719 Cosmus
2712 4655 2945 4719 media
2994 4664 3201 4718 nocte
