3742 5392
1595 474 1721 531 Am.
1768 474 1907 533 1554
2876 472 2987 531 315

515 618 667 681 triS.
702 617 990 682 Interim
1020 620 1402 682 multorum
1432 619 1696 682 civium
1727 621 1911 683 inter
1941 636 2017 682 se
2040 619 2531 684 dissidentium
2554 619 2981 683 concordiae

515 742 560 786 a
589 726 854 789 nostris
884 726 1341 802 curabantur,
1388 735 1456 789 et
1496 734 1904 789 nostrorum
1934 727 2231 790 consilio
2261 735 2471 807 atque
2516 744 2738 807 opera
2779 728 2979 791 multi

514 833 590 895 in
615 832 763 896 suis
794 833 1145 912 scrupulis
1175 842 1244 896 et
1277 832 1776 895 afflictionibus
1821 842 2123 909 utentes,
2160 850 2322 897 cum
2352 850 2529 913 pace
2560 843 2632 897 et
2660 836 2979 897 consola·

515 940 707 1003 tione
747 938 1038 1019 spiritus
1067 958 1107 1001 a
1139 938 1350 1003 domo
1381 949 1628 1004 nostra
1671 940 2123 1018 recedebant3
2156 948 2225 1003 et
2256 942 2360 1003 sic
2390 957 2506 1004 res
2534 958 2611 1005 se
2649 941 2975 1013 habebat,

517 1055 593 1109 ut
619 1046 837 1110 etiam
863 1046 986 1123 illi,
1021 1047 1140 1127 qui
1169 1045 1598 1111 Societatem
1627 1047 2051 1130 mordebant
2082 1066 2168 1111 ac
2197 1048 2724 1128 vituperabant,
2757 1050 2979 1112 multa

516 1154 700 1217 bona
733 1154 822 1215 ab
851 1171 939 1217 ea
969 1152 1124 1216 fieri
1153 1154 1268 1217 vel
1298 1154 1502 1216 inviti
1532 1154 1925 1218 faterentur
1958 1154 2001 1213 ¹.

633 1259 776 1322 673.
862 1258 1222 1324 Sentiebat
1266 1271 1502 1324 autem
1546 1259 1618 1323 P.
1665 1260 2094 1339 BernarduS,
2140 1263 2357 1326 etiam
2394 1264 2457 1326 si
2497 1262 2860 1327 videretur
2898 1264 2973 1327 P.

517 1367 792 1447 Ignatio
822 1367 912 1430 ab
943 1368 1082 1430 illis
1111 1368 1284 1430 locis
1313 1376 1598 1431 nostros
1627 1368 2045 1431 avocandos
2076 1386 2257 1448 esse,
2285 1387 2427 1433 non
2450 1369 2784 1451 expedire
2812 1380 2889 1433 ut
2910 1371 2981 1434 id

515 1472 716 1536 fieret
756 1474 982 1537 donec
1024 1473 1222 1554 prius
1259 1484 1496 1538 essent
1535 1475 1960 1552 concionati,
2004 1492 2095 1538 ne
2142 1495 2231 1539 ex
2284 1476 2405 1541 illa
2443 1477 2815 1556 provincia
2864 1496 2975 1541 ex-

515 1581 700 1660 pulsi
729 1580 976 1660 sugere
1003 1582 1228 1644 nostri
1257 1580 1691 1645 viderentur.
1727 1581 1957 1645 Aliter
1986 1592 2224 1646 tamen
2254 1582 2341 1646 de
2365 1584 2476 1647 his
2498 1584 2709 1649 rebus
2730 1584 2981 1649 sentie-

513 1688 634 1751 bat
664 1687 738 1750 P.
773 1687 1113 1766 IgnatiuS,
1146 1704 1356 1768 quem
1387 1688 1993 1752 contradictiones
2021 1688 2422 1769 hujusmodi
2450 1690 2736 1755 minime
2766 1700 2977 1755 terre-

515 1794 712 1873 bant,
745 1811 906 1857 cum
937 1794 1444 1874 consequuturi
1479 1794 1751 1859 fructus
1780 1794 2043 1857 indicia
2086 1805 2345 1871 essent,
2392 1806 2467 1860 ut
2496 1815 2666 1861 vere
2696 1798 2976 1871 accidit,

517 1902 733 1966 immo
757 1910 824 1964 et
849 1900 1190 1980 Collegia,
1219 1912 1368 1965 tam
1389 1900 1763 1965 Cameraci
1783 1918 2001 1981 quam
2024 1902 2355 1982 Tornaci,
2382 1905 2703 1969 instituta
2732 1915 2979 1985 postea

515 2008 807 2071 fuerunt
835 2006 880 2068 ².

635 2112 777 2178 674.
863 2113 1206 2195 Religiosi
1234 2113 1522 2193 quidam
1549 2132 1688 2178 non
1732 2114 2113 2179 admodum
2158 2116 2321 2179 huic
2366 2119 2677 2197 compati
2707 2128 2981 2183 contra·

511 2221 810 2285 dictioni
838 2222 1288 2299 videbantur;
1321 2222 1537 2286 immo
1568 2239 1728 2285 cum
1758 2222 1833 2286 P.
1869 2221 2277 2287 Bernardus
2305 2223 2379 2287 in
2409 2224 2716 2305 quodam
2744 2242 2981 2288 mona·

514 2327 734 2391 sterio
778 2328 1190 2392 monialium
1230 2327 1518 2393 Ordinis
1556 2328 1681 2394 Sti.
1727 2329 2097 2394 Francisci
2139 2330 2227 2394 de
2272 2331 2727 2395 observantia
2768 2348 2981 2414 saepe
3075 2380 3079 2387 .

517 2434 984 2498 concionatus
1005 2445 1216 2515 esset,
1244 2434 1718 2500 Provincialis
1737 2435 1889 2516 eJus
1912 2436 2206 2501 Ordinis
2222 2437 2488 2501 eisdem
2515 2438 2872 2519 prohibuit
2895 2458 2983 2503 ne

521 2542 824 2621 amplius
854 2558 1015 2606 eum
1057 2543 1150 2606 ad
1186 2543 1792 2622 praedicationem
1830 2543 2312 2622 admitterent,
2357 2562 2518 2609 eum
2557 2557 2798 2609 tamen
2835 2546 2981 2610 fere

516 2666 904 2729 numquam
925 2649 1226 2712 verbum
1251 2647 1388 2713 Dei
1417 2650 1664 2713 audire
1695 2650 1947 2714 solitae
1976 2660 2237 2731 essent;
2271 2661 2339 2714 et
2369 2669 2533 2715 cum
2563 2652 2725 2716 illae
2763 2670 2983 2733 aegre

515 2755 1062 2835 prohibitionem
1111 2756 1296 2819 hanc
1347 2756 1639 2834 ferrent,
1692 2766 2037 2821 evocatus
2079 2776 2122 2821 a
2166 2758 2581 2822 monasterii
2626 2768 2855 2824 matre
2901 2760 2977 2823 P.

516 2862 946 2941 BernarduS,
978 2862 1247 2926 eisdem
1282 2863 1636 2943 persuasit
1677 2874 1753 2927 ut
1793 2864 2235 2929 obedientiae
2274 2866 2386 2930 sui
2424 2864 2827 2947 Superioris
2870 2885 2979 2929 ac·

515 2970 963 3049 quiescerent
985 2971 1138 3032 sine
1160 2971 1742 3049 murmuratione;
1769 2980 1838 3034 et
1861 2981 2245 3051 antequam
2266 2974 2370 3035 eis
2391 2973 2683 3037 concion
2693 2973 2801 3037 ari
2824 2990 2979 3037 coe·

516 3076 736 3155 pisset
764 3075 949 3139 idem
988 3075 1220 3155 Pater,
1254 3094 1396 3140 non
1437 3078 1666 3140 solum
1711 3096 1751 3139 a
1790 3078 2216 3141 monialibus
2260 3096 2472 3160 saepe
2504 3091 2799 3159 rogatus
2845 3080 2985 3144 fue·

514 3192 651 3261 rat,
685 3183 812 3246 sed
841 3182 1234 3247 affirmabat
1274 3184 1488 3248 etiam
1527 3201 1707 3264 quae
1747 3185 2180 3248 monasterio
2219 3196 2549 3267 praeerat
2576 3187 2982 3252 Provincia-

516 3292 656 3353 lem
686 3298 1095 3354 contentum
1123 3307 1304 3369 esse,
1330 3300 1398 3353 et
1417 3290 1552 3353 hoc
1573 3290 1807 3371 ipsum
1833 3306 2116 3371 rogare;
2144 3292 2270 3355 sed
2291 3302 2539 3373 postea
2566 3296 2985 3360 sententiam

521 3398 828 3459 mutavit
857 3394 902 3459 ⁸.
937 3396 1320 3460 Crescebat
1362 3396 1817 3461 nihilominus
1855 3398 2171 3479 quotidie
2213 3397 2589 3463 Societatis
2628 3402 2880 3465 notitia
2920 3414 2989 3465 et

515 3503 767 3567 messis
816 3512 1100 3567 nostros
1150 3505 1591 3582 adeuntium,
1635 3513 1705 3566 et
1744 3504 1864 3584 qui
1906 3506 2072 3567 alibi
2114 3506 2455 3570 auxilium
2497 3527 2639 3572 non
2678 3510 2983 3574 invenie-

516 3611 711 3687 bant,
743 3609 1018 3691 publice
1049 3611 1138 3673 ad
1167 3620 1452 3674 nostros
1495 3611 1955 3674 mittebantur
1994 3621 2360 3692 tamquam
2400 3615 2489 3677 ad
2532 3616 2850 3679 ultimum
2882 3634 2982 3679 re-

517 3718 815 3797 fugium.

635 3824 777 3888 675.
863 3824 942 3887 P.
988 3824 1335 3904 IgnatiuS,
1379 3826 1490 3888 his
1530 3826 1742 3890 rebus
1785 3827 2184 3905 intellectiS‚
2230 3828 2405 3892 nihil
2446 3839 2687 3892 tamen
2736 3846 2986 3911 aspere

519 3930 876 4010 agendum
920 3949 1052 3995 nec
1092 3932 1420 3996 absoluta
1457 3932 1820 3997 Pontificis
1859 3935 2285 3997 auctoritate
2316 3936 2613 4013 censuit,
2647 3936 2772 3999 sed
2810 3936 2983 3999 litte-

519 4056 640 4102 ras
680 4056 721 4102 a
763 4037 1142 4103 Cardinale
1187 4037 1569 4119 Carpensi,
1611 4038 1987 4105 Societatis
2030 4052 2319 4105 nostrae
2359 4052 2763 4122 protectore
2805 4041 2852 4119 ⁴,
2896 4044 2989 4107 ad

519 4234 944 4242 —————-

608 4352 624 4383 ¹
684 4351 819 4396 Vide
837 4362 1016 4408 supra,
1036 4364 1157 4408 pag.
1177 4352 1273 4407 282,
1291 4354 1386 4397 sub
1407 4352 1560 4398 finem
1584 4365 1630 4397 n.
1651 4354 1749 4399 608.

595 4422 622 4455 ⁸
679 4422 1057 4469 cameracense
1079 4424 1368 4479 Collegium
1387 4426 1683 4470 institutum
1717 4434 1798 4472 est
1831 4439 1966 4471 anno
1999 4427 2119 4481 1563,
2141 4426 2467 4475 Tornacense
2490 4439 2622 4473 anno
2666 4428 2785 4473 1569.
2810 4428 2986 4483 Ηιικγ,

514 4495 849 4540 Documents
863 4502 1004 4549 pour
1021 4497 1205 4541 servir
1222 4497 1255 4540 a
1277 4495 1544 4541 l'histoa're
1563 4498 1662 4541 des
1683 4498 1967 4543 domiciles
1986 4499 2052 4543 de
2072 4498 2127 4542 la
2150 4498 2475 4552 Compagnie
2495 4499 2563 4542 de
2591 4500 2759 4555 jesus
2778 4499 2920 4543 dans
2940 4500 2991 4542 le

519 4568 715 4612 monde
736 4571 914 4612 entner
931 4568 998 4611 de
1021 4567 1155 4612 1540
1169 4570 1203 4611 a
1224 4567 1377 4619 1773,
1392 4578 1513 4624 pag.
1531 4569 1590 4612 ³0
1608 4576 1661 4613 et
1682 4570 1753 4613 53,

596 4640 620 4669 ³
675 4639 1044 4684 provincialis.

599 4712 622 4743 ⁴
677 4711 894 4755 Rodolfo
919 4710 1008 4755 Pio
1027 4712 1090 4755 de
1109 4710 1284 4767 Carpi.
