3742 5392
573 533 578 540 .
683 457 758 514 ⁸0
1603 441 1858 523 szo‘n.
1900 460 2051 520 Soc.
2092 460 2231 534 Jsss.

681 601 798 682 jus
847 605 1200 685 collegioli
1247 607 1550 686 initium,
1603 616 1907 688 quatuor
1947 618 2186 672 tamen
2232 608 2697 672 scholasticos
2744 606 3159 673 Ferrariam

691 709 1056 794 {IgnatiuSJ
1087 713 1301 790 misit,
1329 722 1425 792 ut,
1459 713 1554 777 ibi
1583 716 1698 778 vel
1726 713 2042 779 Mutinae
2070 732 2316 779 eorum
2344 732 2560 795 opera
2585 713 2886 795 adjutuS,
2923 713 2999 777 P.
3026 714 3147 780 Pe·

688 820 1004 882 lletarius
1031 819 1308 884 facilius
1336 820 1439 885 eis
1468 829 1766 901 careret,
1800 822 1921 902 qui
1948 819 2348 902 Argentam
2378 822 2857 886 mittebantur.

814 925 948 990 156.
1035 925 1240 991 Prius
1269 936 1508 991 tamen
1536 945 1750 1009 quam
1777 929 2005 992 nostri
2025 945 2112 991 eo
2136 929 2602 1008 mitterentur,
2630 928 2703 992 P.
2731 929 3158 994 Pelletarius

689 1034 1087 1114 Argentam
1123 1035 1321 1099 venit
1358 1044 1434 1099 ut
1478 1037 1887 1099 necessaria
1928 1038 2350 1117 praeparari
2384 1046 2699 1118 curaret;
2741 1048 2811 1101 et
2848 1047 2995 1100 tam
3034 1037 3153 1101 do-

688 1157 844 1204 mus
875 1158 1088 1221 quam
1117 1143 1454 1206 sacellum
1484 1142 1578 1207 ad
1603 1142 1899 1207 Missam
1937 1143 2311 1207 dicendam
2348 1151 2417 1206 et
2464 1145 2555 1207 ad
2596 1143 3153 1224 praedicandum

687 1247 791 1310 eis
829 1247 1270 1327 assignatum
1309 1257 1449 1328 est;
1489 1250 1816 1328 quamvis
1855 1267 2209 1313 summum
2246 1251 2584 1332 templum
2620 1251 2936 1314 vicinum
2975 1260 3151 1330 erat,

687 1354 757 1416 in
789 1371 930 1435 quo
957 1356 1186 1420 nostri
1215 1355 1656 1419 commodius
1685 1356 2100 1420 concionari
2120 1367 2471 1437 poterant;
2498 1367 2568 1420 et
2598 1357 3010 1421 observavit
3037 1375 3155 1437 op·

686 1462 929 1542 pidum
957 1461 1128 1525 illud
1157 1478 1591 1542 magnopere
1620 1462 1941 1543 indigere
1971 1463 2157 1527 bona
2195 1464 2659 1528 instructione
2699 1465 2773 1527 in
2810 1463 3023 1527 rebus
3061 1464 3155 1528 ad

687 1567 1102 1648 religionem
1131 1568 1669 1649 pertinentibus,
1705 1586 1866 1632 cum
1895 1571 2132 1633 locum
2160 1569 2535 1650 quemdam
2556 1571 2837 1634 haeresi
2859 1587 3157 1652 prorsus

689 1673 1026 1739 infectum
1054 1675 1367 1739 vicinum
1395 1676 1688 1739 haberet
1721 1673 1738 1706 ¹
1758 1725 1772 1753 ,
1805 1685 1877 1740 et
1905 1676 2347 1740 familiariter
2378 1676 2759 1742 admodum
2802 1695 2965 1740 curn
2996 1677 3165 1740 hae-

690 1781 929 1845 reticis
970 1791 1297 1862 agerent;
1341 1791 1410 1845 et
1448 1782 1656 1846 facile
1697 1783 2053 1864 praevidit
2104 1783 2742 1848 contradictionum
2786 1793 3155 1865 tempesta·

689 1897 832 1951 tem
881 1899 1130 1953 contra
1168 1897 1454 1952 nostros
1493 1891 1953 1954 exorituram.
1998 1889 2158 1956 Non
2200 1901 2308 1954 est
2347 1900 2585 1954 autem
2620 1892 2821 1955 visus
2859 1892 3169 1954 idoneus

689 1997 886 2058 locus
915 1996 998 2076 is,
1032 2011 1240 2077 quem
1270 1996 1464 2076 prius
1495 1997 1969 2061 communitas
1998 1998 2071 2061 in
2100 2014 2307 2060 usum
2335 1998 2617 2078 collegii
2645 1998 3156 2074 destinaverat,

691 2111 760 2166 et
789 2088 948 2166 ideo
977 2103 1177 2166 locus
1209 2103 1391 2166 alius
1420 2104 1816 2167 conductus
1845 2113 2182 2184 acceptus
2210 2113 2340 2168 est.

819 2209 954 2275 157.
1042 2209 1303 2274 Missus
1332 2220 1441 2274 est
1470 2227 1642 2290 ergo
1673 2227 1902 2274 novus
1931 2210 2006 2274 Ρ.
2042 2211 2369 2276 Andreas
2398 2228 2561 2276 cum
2588 2211 2863 2276 Lazaro
2888 2222 2958 2275 et
2986 2228 3151 2292 quo-

693 2320 858 2382 dam
887 2319 1026 2382 alio
1049 2317 1331 2398 Juvene,
1363 2319 1482 2398 qui
1512 2318 1603 2383 ad
1635 2315 2066 2382 Societatem
2094 2319 2460 2399 aspirabat
2486 2329 2558 2384 et
2596 2321 2669 2383 in
2711 2319 2964 2383 litteris
3000 2319 3150 2381 lati-

692 2427 804 2490 nis
854 2435 925 2490 et
972 2425 1256 2505 graecis
1297 2435 1629 2490 versatus
1675 2436 1852 2490 erat.
1889 2425 2067 2489 Cum
2103 2427 2204 2490 illi
2246 2436 2483 2490 autem
2522 2425 2750 2490 officio
2790 2443 2918 2489 suo
2955 2425 3159 2505 fungi

695 2533 1094 2613 coepissent
1123 2541 1194 2595 et
1222 2513 1503 2596 scliolas
1533 2533 1963 2613 aperuisent,
1997 2533 2117 2613 qui
2146 2533 2234 2596 de
2271 2533 2549 2596 haeresi
2578 2533 2891 2614 suspecti
2925 2542 3155 2611 erant,

696 2640 1039 2721 impedire
1067 2640 1411 2704 curabant
1433 2656 1522 2702 ne
1553 2640 1879 2721 discipuli
1909 2640 1997 2703 ad
2028 2650 2315 2704 nostras
2342 2640 2629 2704 scholas
2658 2640 3004 2718 venirent,
3031 2639 3158 2702 sed

695 2746 931 2829 potius
962 2747 1055 2811 ad
1082 2746 1461 2828 quemdam
1490 2747 1706 2810 alium
1731 2757 2265 2829 praeceptorem
2290 2745 2537 2810 eodem
2559 2746 2928 2822 fermentO,
2962 2757 3039 2809 ut
3064 2744 3173 2808 fe—

696 2854 1016 2933 rebatur,
1049 2863 1494 2935 corruptum;
1526 2862 1596 2917 et
1624 2854 1805 2918 haec
1835 2855 2119 2918 occasio
2150 2854 2526 2918 videbatur
2555 2853 2630 2918 P.
2660 2853 2992 2918 Andreae
3020 2850 3167 2916 suf·-

697 2961 908 3024 ficere
936 2969 1014 3024 ut
1039 2961 1272 3024 nostri
1299 2960 1622 3040 Argenta
1663 2970 2202 3024 removerentur
2262 2965 2306 3039 ⁸,
2348 2978 2515 3024 nam
2550 2969 2698 3024 tam
2726 2958 3159 3036 scholastici,

701 3084 915 3148 quam
943 3068 1064 3147 qui
1092 3067 1289 3147 prius
1317 3076 1473 3130 erat
1509 3067 1847 3146 magister
1908 3085 2188 3148 eorum,
2244 3085 2406 3132 cum
2455 3067 2867 3149 parentibus
2909 3081 3159 3146 puero-

698 3190 856 3237 rum
887 3183 1403 3254 convenerunt,
1446 3190 1536 3237 ne
1579 3191 1746 3238 suos
1775 3173 1960 3238 filios
1989 3174 2251 3237 nostris
2278 3173 2541 3238 scholis
2571 3173 2950 3237 mitterent.
2981 3173 3163 3237 Evo-

700 3288 904 3344 catus
942 3278 1018 3344 P.
1062 3280 1392 3345 Andreas
1429 3279 1836 3344 Ferrariam
1874 3299 1917 3344 a
1954 3280 2031 3345 P.
2079 3280 2487 3357 Pelletario,
2536 3281 2743 3345 simul
2783 3297 2946 3344 cum
3004 3281 3159 3358 ipso

701 3385 791 3450 D.
835 3387 1324 3452 Alexandrum
1369 3387 1654 3451 Fiaschi
1695 3389 1983 3452 allocuti
2027 3389 2113 3451 de
2157 3404 2446 3451 recessu
2483 3404 2700 3468 agere
2750 3395 3162 3466 coeperunt;

703 3495 828 3559 sed
857 3495 1006 3575 ille,
1040 3505 1292 3558 contra
1321 3494 1544 3558 Ducis
1574 3495 1921 3558 honorem
1949 3495 2123 3559 illud
2151 3495 2303 3559 fore
2330 3504 2561 3574 ratUS,
2596 3495 2824 3559 eidem
2860 3512 2938 3558 se
2983 3494 3164 3557 velle

702 3603 895 3683 loqui
923 3603 1320 3682 respondit;
1352 3611 1423 3666 et
1451 3602 1790 3683 postridie
1817 3602 1956 3666 hoc
1988 3619 2407 3683 responsum
2436 3603 2697 3666 nostris
2720 3601 2910 3665 dedit
2932 3649 2947 3680 ,
2979 3601 3167 3681 quod

703 3709 872 3772 Dux
918 3709 1255 3789 progredi
1291 3718 1576 3773 nostros
1617 3709 1906 3796 omnino
1943 3709 2231 3772 volebat
2268 3709 2341 3772 in
2380 3708 2681 3773 docendi
2720 3725 3042 3785 munere,
3097 3715 3168 3768 et

708 4124 887 4163 actum
910 4123 1009 4174 est,
1029 4130 1146 4163 cum
1166 4119 1231 4163 ad
1253 4118 1598 4163 inchoandum
1629 4118 1838 4162 tandem
1867 4117 2217 4174 Argentinum
2249 4117 2534 4172 Collegium
2566 4117 2867 4171 designatus
2898 4123 2995 4162 est.
3026 4115 3171 4161 Haec

711 4197 886 4236 autem
907 4189 1206 4246 designatio
1224 4195 1350 4234 ante
1368 4200 1596 4234 mensem
1616 4189 1806 4243 Julium
1825 4189 1937 4233 fieri
1959 4199 2059 4232 non
2089 4188 2284 4244 potuit,
2316 4201 2431 4234 cum
2458 4193 2581 4233 ante
2612 4189 2661 4232 id
2694 4195 2895 4243 tempus
2926 4195 3173 4234 constans

708 4261 946 4318 Ignatiuo
966 4261 1197 4307 fueritin
1216 4261 1516 4316 denegando
1546 4261 1853 4316 Argentinis
1885 4259 2130 4315 collegio,
2162 4261 2247 4305 vel
2276 4261 2458 4305 melius
2478 4260 2529 4305 in
2550 4260 2813 4305 dilationis
2834 4260 3005 4306 causis
3024 4265 3077 4304 et
3090 4271 3175 4304 oe·

707 4334 1000 4380 canonibus
1023 4333 1348 4388 quaerendis.
1369 4331 1634 4378 Renuerat
1657 4335 1818 4378 etiam
1837 4344 1995 4389 saepe
2014 4334 2168 4389 huius
2188 4332 2309 4377 anni
2328 4333 2509 4388 primis
2526 4333 2786 4377 mensibus
2807 4333 3048 4377 Andreas
3062 4332 3171 4387 ipse

707 4408 774 4452 ad
794 4405 1148 4451 sacerdotium
1171 4405 1483 4460 promoveri,
1506 4412 1561 4449 ut
1583 4405 1761 4450 videre
1785 4410 1863 4449 est
1887 4406 1938 4449 in
1961 4406 2153 4450 litteris
2182 4417 2213 4449 a
2244 4405 2495 4458 Polaneo,
2528 4415 2595 4449 ex
2622 4415 2782 4457 com„
2811 4404 2908 4459 ipsi
2940 4411 2993 4448 et
3024 4403 3179 4448 Patri*

708 4477 947 4532 Philippo
967 4475 1172 4522 Leerno
1193 4475 1346 4521 datia.

791 4550 806 4582 ¹
867 4547 1152 4592 cantellum
1177 4547 1518 4600 Consandoio‚
1542 4548 1625 4591 ubi
1649 4547 1819 4591 fuerat
1839 4547 2062 4591 Ducissa
2082 4545 2381 4593 Fert-ariae.
2403 4547 2537 4593 Vide
2558 4558 2716 4603 supra
2730 4580 2741 4600 .
2760 4558 2883 4602 pag.
2900 4547 2970 4601 69,
2994 4557 3041 4590 n.
3076 4546 3179 4591 125.

785 4621 808 4652 ¹
862 4618 997 4663 Vide
1020 4618 1232 4662 Poianci
1251 4619 1402 4664 binas
1425 4620 1468 4662 11
1497 4618 1694 4672 Aprilis
1715 4619 1869 4663 datas
1890 4619 2115 4674 littera-⁰„
2136 4621 2271 4664 alias
2291 4619 2438 4665 Patri
2458 4619 2756 4672 Pelletario,
2778 4619 2913 4664 alias
2931 4618 3175 4663 Andreae

713 4691 1094 4746 Bonaimegna.
