3742 5392
1525 480 1531 485 ’
1594 478 1719 535 ΑΝ.
1766 476 1904 535 1554
2873 472 2981 531 147

510 622 651 685 bat.
692 622 898 685 Pater
930 630 1167 685 autem
1194 622 1507 704 Joannes
1536 621 1754 701 Niger
1786 622 2245 685 concionibus
2278 621 2490 683 etiam
2523 636 2784 699 magno
2821 636 2982 683 cum

508 731 661 793 zelo
692 728 908 793 dabat
937 746 1229 810 operam
1258 738 1329 793 et
1370 740 1709 809 acceptus
1739 728 2063 793 omnibus
2091 728 2308 792 etiam
2350 728 2421 792 in
2463 728 2596 791 hoc
2626 726 2828 790 verbi
2859 727 2984 789 mi-

509 836 804 899 nisterio
832 848 986 899 erat
1009 853 1023 917 ;
1050 836 1297 900 diebus
1328 846 1563 900 autem
1598 836 1876 899 veneris
1907 836 2370 899 christianam
2393 834 2794 899 doctrinam
2823 850 2987 897 cum

508 942 746 1007 multis
795 944 1163 1024 utriusque
1210 960 1429 1009 sexus
1476 942 1876 1007 hominibus
1921 942 2391 1020 declarasset,
2425 942 2674 1005 eodem
2722 941 2822 1003 illi
2872 941 2983 1004 die

512 1050 1164 1129 communicabant;
1222 1051 1663 1113 tantumdem
1686 1049 2061 1113 dominicis
2109 1050 2356 1113 diebus
2416 1048 2649 1113 fiebat.
2704 1046 2990 1111 Tertius

510 1156 882 1236 sacerdOS,
913 1157 1225 1239 Joannes
1257 1157 1732 1232 CastellanuS,
1767 1157 1839 1219 in
1883 1157 2094 1220 domo
2133 1166 2503 1235 separata,
2535 1155 2810 1219 scilicet
2849 1155 2984 1217 cle-

514 1280 860 1341 ricorum,
897 1282 1075 1345 quos
1118 1263 1518 1329 Cardinalis
1563 1264 1947 1328 Perusinus
1990 1264 2262 1327 institui
2305 1264 2622 1341 volebat,
2654 1263 2986 1325 versaba-

512 1382 657 1448 tur;
692 1371 819 1434 sed
848 1380 920 1433 et
949 1371 1513 1435 confessionibus
1543 1372 1693 1451 ipse
1726 1370 1942 1433 dabat
1973 1387 2301 1451 operam;
2335 1371 2664 1451 quamvis
2692 1388 2734 1432 a
2768 1368 2992 1434 turcis

512 1486 799 1556 captum
840 1475 916 1540 P.
951 1477 1342 1542 Guttanum
1397 1479 1409 1508 ¹
1464 1478 1896 1556 intelligens,
1941 1487 2009 1540 et
2051 1478 2573 1557 quodammodo
2622 1477 2983 1549 invidenS,

514 1584 729 1647 etiam
760 1584 849 1647 ad
893 1593 1447 1649 transmarinam
1492 1585 1805 1664 aliquam
1844 1584 2253 1647 missionem
2298 1583 2684 1663 aspirabat.
2718 1582 2987 1663 Quater

514 1700 583 1752 et
614 1690 989 1771 quinquies
1026 1690 1329 1770 singulis
1366 1689 1834 1754 hebdomadis
1874 1690 2254 1753 conciones
2291 1689 2756 1767 habebantur,
2789 1698 2860 1751 et
2893 1688 2990 1751 bi-

518 1813 657 1859 nae
686 1797 986 1876 singulis
1013 1797 1237 1861 festis,

636 1902 777 1967 296.
866 1904 1049 1967 Cum
1093 1913 1330 1967 autem
1372 1903 1501 1967 sub
1542 1905 1731 1968 diem
1774 1904 2210 1967 Parasceves
2254 1904 2728 1983 quadraginta
2780 1905 2983 1967 hora·

520 2026 677 2073 rum
708 2011 937 2075 oratio
968 2008 1241 2074 Perusii
1278 2010 1507 2089 fieret,
1540 2011 1841 2090 singulis
1885 2011 2084 2075 horis
2122 2009 2400 2090 aliquae
2442 2011 2821 2073 conciones
2867 2020 2992 2073 aut

516 2118 1054 2182 exhortationes
1081 2130 1286 2181 erant
1310 2118 1401 2181 ad
1432 2120 1799 2198 populum,
1827 2134 2128 2197 quorum
2158 2117 2278 2180 alii
2301 2117 2458 2179 aliis
2483 2117 2982 2193 succedebant,

516 2223 907 2288 habendae.
934 2225 1097 2288 Duo
1129 2241 1303 2304 ergo
1334 2242 1423 2287 ex
1452 2225 1716 2289 nostris
1744 2224 2083 2287 fratribus
2106 2224 2197 2286 ad
2229 2223 2297 2287 id
2329 2225 2657 2288 accersiti
2679 2224 2987 2303 fuerunt,

520 2332 639 2411 qui
672 2332 809 2393 hoc
838 2348 1129 2395 munere
1156 2349 1317 2395 cum
1344 2348 1487 2395 non
1511 2332 1767 2411 exiguo
1800 2343 2151 2411 proventu
2179 2331 2402 2395 functi
2433 2341 2596 2394 sunt
2613 2381 2627 2407 ,
2656 2342 2730 2394 ut
2761 2333 2984 2411 lacry-

524 2454 683 2501 mae
712 2450 781 2501 et
810 2439 1120 2516 gemitus
1160 2437 1598 2502 audientium
1629 2438 2104 2515 testabantur;
2140 2448 2208 2501 et
2252 2456 2396 2517 pax
2440 2439 2622 2501 inter
2652 2438 2990 2501 dissiden-

517 2555 627 2609 tes
669 2546 1095 2625 composita,
1128 2546 1249 2626 qui
1280 2546 1565 2609 veniam
1592 2564 1635 2609 a
1679 2562 1757 2607 se
1798 2554 2042 2608 mutuo
2075 2554 2391 2625 petentes
2432 2546 2502 2608 in
2531 2545 2841 2624 gratiam
2886 2563 2991 2608 re·

519 2652 785 2715 dibant.
838 2651 1000 2716 Hoc
1054 2664 1426 2733 praeterea
1477 2652 1857 2728 serebatur,
1913 2652 2156 2715 nullibi
2209 2661 2658 2715 sacramenta
2707 2653 2812 2715 sic
2855 2651 2989 2715 fre·

521 2761 847 2839 quentari
876 2770 953 2823 ut
990 2760 1063 2822 in
1094 2769 1339 2823 nostra
1370 2760 1705 2837 ecclesia,
1736 2760 1902 2823 licet
1931 2760 2196 2837 exigua
2225 2768 2294 2823 et
2334 2776 2585 2838 parum
2615 2760 2990 2823 commoda

523 2884 607 2928 ea
640 2877 850 2929 esset.

634 2972 777 3035 297.
867 2972 1044 3037 Cum
1086 2982 1322 3037 autem
1366 2972 1441 3037 P.
1473 2972 1785 3055 Jacobus
1818 2972 2141 3053 Laynez,
2187 2974 2305 3053 qui
2349 2972 2651 3037 Romam
2693 2973 2824 3035 sub
2867 2990 2982 3035 au-

516 3096 835 3143 tumnum
864 3090 1161 3143 venerat
1198 3091 1267 3143 et
1294 3079 1729 3143 Florentiam
1768 3079 2042 3143 redibat
2075 3090 2150 3144 ut
2182 3080 2344 3143 inde
2376 3078 2704 3143 Genuam
2732 3096 2977 3159 perge-

520 3197 661 3262 ret,
690 3186 985 3253 Perusio
1016 3187 1385 3265 transiret,
1416 3204 1459 3251 a
1488 3188 1857 3266 prolegato
1889 3204 2166 3251 summo
2197 3204 2360 3251 cum
2388 3186 2658 3250 honore
2688 3196 2758 3249 et
2785 3186 2992 3249 bene·

518 3295 871 3357 volentiae
914 3292 1433 3373 significatione
1474 3303 1818 3373 exceptus
1846 3303 1986 3371 est,
2022 3302 2091 3357 et
2135 3311 2414 3359 omnem
2460 3311 2754 3373 operam
2783 3310 2986 3357 suam

518 3400 608 3463 ad
664 3400 1045 3478 collegium
1100 3400 1663 3479 promovendum
1731 3409 1839 3463 est
1893 3400 2270 3481 pollicitus.
2334 3400 2813 3463 Concionatus
2881 3410 2988 3463 est

516 3516 755 3570 autem
798 3507 869 3569 in
897 3506 1307 3571 Cathedrali
1346 3508 1649 3571 ecclesia
1678 3522 1841 3571 cum
1882 3525 2025 3569 non
2065 3506 2321 3571 minori
2361 3507 2828 3571 admiratione
2865 3507 2986 3569 ho-

519 3613 793 3705 minum,
812 3630 1027 3693 quam
1068 3613 1330 3688 fructu;
1368 3625 1437 3677 et
1470 3614 1634 3695 quia
1675 3615 2138 3694 properabat,
2172 3614 2363 3677 aliud
2403 3613 2730 3677 conferre
2760 3613 2976 3677 Colle-

515 3721 636 3800 gio
666 3719 1007 3783 Perusino
1038 3738 1181 3783 non
1224 3721 1471 3801 potuit,
1504 3720 1641 3783 nisi
1672 3719 1859 3800 quod
1892 3721 2144 3785 amicis
2190 3721 2361 3784 illud
2409 3721 2596 3784 serio
2641 3737 2988 3785 commen·

518 3827 738 3891 davit.

636 3933 777 3997 298.
865 3934 1068 3997 Multi
1096 3934 1314 4012 cives,
1344 3934 1583 3996 tamin
1618 3936 1825 3997 rebus
1846 3934 2328 4014 spiritualibus
2352 3952 2564 4014 quam
2595 3934 2669 3997 in
2698 3932 2991 4013 disposi-

518 4043 709 4105 tione
738 4058 975 4105 rerum
1005 4040 1534 4119 temporalium,
1570 4041 1864 4104 consilio
1910 4051 2316 4104 nostrorum
2347 4042 2746 4119 utebantur;
2782 4056 2997 4120 paces

517 4149 731 4211 etiam
770 4160 839 4211 et
880 4148 1018 4212 alia
1059 4156 1399 4210 consueta
1443 4147 1729 4227 pietatis
1767 4164 1987 4227 opera
2033 4165 2163 4227 pro
2207 4164 2402 4211 more
2432 4157 2840 4211 nostrorum
2879 4164 2995 4209 cu-

522 4256 887 4318 rabantur.

638 4360 778 4425 299.
868 4360 1073 4440 Quod
1122 4342 1228 4423 ad'
1254 4361 1542 4424 scholas
1586 4362 1871 4439 attinet,
1921 4362 2181 4425 multas
2223 4371 2294 4424 et
2337 4378 2601 4441 graves
2641 4348 2994 4424 contradi-

623 4542 929 4551 ——-——-—-·-u-—-

611 4642 623 4671 ¹
683 4640 739 4683 P.
760 4640 1009 4694 joannem
1033 4640 1321 4686 Guttanum
1342 4652 1433 4685 seu
1453 4640 1519 4683 de
1539 4640 1593 4683 la
1615 4638 1816 4685 Goutte.
1846 4639 1974 4684 Vide
1995 4652 2173 4695 supra,
2192 4648 2228 4685 t.
2251 4652 2328 4697 111,
2349 4652 2472 4696 pag.
2489 4639 2568 4685 183
2588 4646 2640 4685 et
2662 4640 2756 4694 184,
2772 4648 2824 4685 et
2843 4641 2892 4685 in
2904 4642 3001 4685 hoc

528 4714 651 4761 vol..
671 4713 807 4757 infra
824 4746 833 4759 .
853 4724 937 4757 nn.
958 4712 1041 4756 436
1059 4721 1112 4757 et
1132 4713 1227 4759 ⁴83.
