3742 5392
685 412 805 529 (1⁵2)
1616 470 1876 529 Canon.
1917 470 2072 529 Soc.
2109 470 2252 542 Jns.

694 614 1071 679 videbatur
1095 616 1312 679 etiam
1350 614 1427 679 P.
1459 616 1840 679 Baithasar
1885 615 2066 679 Diaz
2099 617 2208 679 eis
2241 615 2452 679 donis
2477 613 2616 677 Dei
2659 612 3048 693 praeditus,
3079 620 3164 676 ut

692 738 1027 803 praeesse
1052 723 1319 785 nostris
1348 721 1633 787 inludia
1660 734 1928 803 posset;
1961 724 2084 787 alii
2111 723 2330 785 etiam
2357 723 2642 786 venturi
2673 738 2764 784 ex
2793 720 3162 800 Portugal·

702 832 795 892 lia
822 830 1411 909 expectabantur.

820 934 995 999 1389.
1082 934 1189 999 Re
1214 946 1453 999 autem
1488 937 1755 1001 nostris
1790 936 1993 1000 Goae
2029 936 2420 1016 proposita.
2459 946 2532 997 et
2569 936 2786 998 etiam
2813 935 2974 997 aliis
3002 935 3160 997 reli-

690 1044 989 1123 gionum
1016 1042 1145 1107 Sti.
1178 1043 1539 1108 Dominici
1568 1054 1637 1107 et
1678 1042 1807 1107 Sti.
1846 1044 2216 1107 Francisci
2255 1042 2628 1121 PraelatiS,
2659 1052 2732 1106 et
2759 1044 2850 1121 ei,
2881 1042 3000 1123 qni
3029 1042 3158 1106 Ca-

686 1150 1035 1214 thedralis
1062 1152 1409 1215 ecclesiae
1436 1151 1807 1215 canonicis
1832 1164 2188 1232 praeerat,
2221 1169 2470 1215 omnes
2511 1159 2940 1213 censuerunt
2967 1149 3158 1213 hanc

694 1257 1213 1338 prosectionem
1268 1260 1340 1322 in
1388 1259 1739 1341 Japonem
1786 1260 2298 1322 instituendam
2358 1274 2542 1335 esse;
2603 1258 2952 1338 reliquum
3005 1267 3162 1319 erat

692 1375 771 1427 ut
828 1362 1126 1429 Pro-rex
1168 1382 1541 1429 assensum
1590 1376 1992 1445 praestaret
2011 1412 2028 1442 ,
2081 1365 2173 1428 ad
2219 1383 2436 1446 quem
2484 1365 2948 1428 obtinendum
2995 1353 3158 1427 cum

690 1471 771 1535 P.
811 1470 1151 1537 Melchior
1188 1472 1458 1550 ivisset,
1500 1473 1683 1536 forte
1722 1484 1894 1535 tunc
1933 1474 2216 1549 legebat
2243 1473 2590 1553 quasdam
2619 1472 3032 1552 Principum
3051 1469 3158 1549 ja-

693 1580 1113 1659 ponensium
1142 1582 1439 1657 litteraS,
1474 1590 1545 1643 et
1586 1599 1748 1644 cum
1786 1582 2098 1661 primum
2135 1581 2211 1643 P.
2245 1580 2708 1643 Melchiorem
2731 1579 2936 1657 vidit,
2969 1582 3156 1654 “cur,

692 1686 945 1766 inquit,
978 1686 1211 1765 Pater,
1254 1704 1397 1751 non
1442 1688 1515 1751 in
1542 1688 1892 1770 Japonem
1926 1690 2234 1767 pergis?„
2271 1688 2430 1763 “At,
2477 1688 2704 1768 inquit
2742 1686 3154 1763 Melchior„:

696 1793 828 1856 “ad
858 1794 994 1857 hoc
1024 1794 1253 1874 ipsum
1296 1812 1665 1873 veneram,
1706 1805 1783 1858 ut
1818 1796 2008 1859 bona
2051 1812 2214 1858 cum
2242 1794 2454 1858 venia
2487 1806 2610 1857 tua
2635 1794 2708 1857 id
2737 1810 2956 1873 agere
3003 1809 3164 1873 pos·

691 1917 911 1976 sem.„
944 1899 1103 1963 Non
1138 1903 1368 1965 solum
1410 1912 1651 1966 autem
1688 1902 1989 1966 Pro-rex
2033 1904 2172 1964 hoc
2211 1901 2348 1964 iter
2389 1901 2746 1981 probavit,
2791 1900 2918 1964 sed
2959 1901 3150 1963 auxi-

702 2006 872 2071 lium
902 2007 1115 2071 etiam
1138 2010 1515 2088 praestitit.

820 2113 995 2177 1390.
1083 2113 1305 2178 Auxit
1332 2126 1571 2179 autem
1598 2116 1751 2196 ejus
1780 2117 2100 2179 animum
2127 2115 2317 2195 quod
2343 2115 2636 2195 quidam
2661 2113 3154 2178 Ferdinandus

694 2221 991 2285 Mendez
1022 2222 1067 2299 ¹,
1098 2223 1219 2303 qui
1248 2223 1417 2287 olim
1444 2223 1517 2287 in
1546 2222 1844 2304 Japone,
1877 2224 2068 2303 apud
2109 2221 2320 2286 Sinas
2357 2233 2426 2285 et
2459 2222 2652 2301 Pegu
2683 2230 3160 2285 mercaturam

697 2328 1157 2393 factitaverat
1178 2380 1193 2409 ,
1240 2340 1311 2394 et
1358 2330 1443 2393 P.
1498 2331 1968 2397 Franciscum
2017 2331 2288 2395 Xavier
2353 2346 2616 2409 magna
2663 2328 3041 2393 devotione
3087 2338 3160 2390 et

693 2437 1013 2500 amicitia
1040 2449 1515 2520 prosequutus
1544 2439 1799 2517 fuerat,
1842 2439 1934 2502 ad
1977 2440 2114 2501 hoc
2151 2438 2287 2501 iter
2329 2438 2660 2500 comitem
2688 2454 2766 2499 se
2793 2435 3154 2499 offerebat.

692 2542 1153 2624 Aequisierat
1182 2546 1333 2625 ipse
1363 2546 1645 2625 magnis
1672 2546 2036 2609 laboribus
2063 2554 2230 2608 octo
2256 2546 2374 2607 vel
2401 2543 2650 2607 decem
2675 2544 2894 2606 millia
2923 2552 3156 2605 scuto-

694 2666 877 2728 rum,
910 2663 981 2714 et
1010 2669 1171 2716 cum
1202 2652 1399 2715 Goae
1430 2652 1685 2715 crebro
1708 2652 1801 2715 ad
1822 2651 2217 2731 Collegium
2239 2651 2637 2728 accederet,
2663 2660 2734 2713 et
2755 2650 3014 2713 ibidem
3037 2666 3160 2727 ge·

694 2759 1012 2821 neralem
1040 2759 1257 2822 totius
1284 2760 1479 2822 vitae
1506 2758 2028 2822 confessionem
2057 2758 2366 2835 fecisset,
2398 2767 2558 2836 post
2589 2758 2858 2837 aliquot
2885 2756 3162 2819 dierum

698 2864 772 2927 in
794 2864 1005 2928 rebus
1026 2866 1511 2945 spiritualibus
1548 2865 2160 2944 exercitationem,
2195 2865 2496 2945 parabat
2517 2863 2665 2944 jam
2693 2880 2770 2927 se
2801 2863 2892 2926 ad
2922 2864 3058 2927 iter
3087 2864 3161 2927 in

700 2970 1241 3051 Portugalliam,
1274 2982 1351 3036 ut
1378 2974 1530 3037 suis
1557 2972 1920 3036 laboribus
1947 2972 2043 3035 ibi
2071 2973 2446 3035 frueretur.

824 3079 999 3143 1391.
1088 3080 1228 3144 Sed
1270 3098 1433 3143 cum
1470 3081 1898 3160 intelligeret
1935 3081 2058 3160 agi
2093 3079 2180 3142 de
2221 3077 2664 3160 profectione
2705 3078 2780 3140 Ρ.
2827 3077 3157 3141 Melchio-

700 3187 821 3265 τίς,
864 3186 1041 3250 dixit
1074 3204 1173 3265 se,
1216 3188 1277 3250 si
1316 3186 1392 3251 Ρ.
1436 3187 1780 3251 Melchior
1816 3205 1900 3251 eo
1941 3204 2017 3251 se
2056 3187 2442 3263 conferret,
2485 3204 2629 3249 non
2667 3186 2898 3250 solum
2935 3184 3162 3266 profe-

694 3294 1007 3357 ctionem
1039 3294 1111 3357 in
1141 3294 1653 3374 portugalliam
1693 3295 2126 3370 relicturum,
2167 3294 2294 3357 sed
2331 3303 2402 3357 et
2447 3294 2709 3371 omnia,
2741 3309 2924 3373 quae
2951 3293 3162 3356 habe·

698 3398 841 3479 bat,
872 3410 943 3464 et
972 3418 1049 3464 se
1078 3411 1305 3465 totum
1334 3401 1531 3481 operi
1560 3411 1707 3465 tam
1750 3401 1867 3482 pio
1901 3402 2408 3481 impensurum;
2443 3418 2622 3482 quae
2652 3417 2768 3463 res
2797 3408 2868 3463 et
2897 3400 3162 3463 nostris

701 3517 774 3569 et
794 3508 1108 3571 externis
1137 3525 1475 3588 magnam
1506 3509 2049 3573 admirationem
2078 3508 2424 3588 praebuit.

824 3613 998 3677 1392.
1086 3614 1224 3679 Ubi
1274 3626 1511 3679 autern
1562 3625 1755 3680 certe
1806 3616 2154 3679 intellexit
2205 3614 2292 3679 P.
2349 3614 2810 3679 Melchiorem
2869 3614 3160 3677 omnino

696 3928 791 3974 siis
814 3928 1013 3984 Aprilis
1026 3927 1281 3973 Malacam
1319 3929 1549 3983 naviget,
1594 3929 1711 3973 inde
1744 3928 1996 3983 Japonem
2027 3928 2304 3983 petiturus.
2347 3928 2642 3972 Gauderem
2677 3928 2930 3985 equidem,
2959 3940 3054 3983 Pro
3082 3940 3164 3981 ea,

694 4012 853 4057 quam
874 4007 1040 4055 teneo,
1061 4000 1249 4046 notitia
1284 4000 1479 4045 dotium
1508 4000 1804 4045 Melchioris
1843 4001 2246 4054 praestantium,
2277 4007 2330 4043 et
2360 4001 2454 4044 illa
2485 3999 2793 4044 Bazainensl
2825 4002 3162 4056 occupatione

693 4073 1049 4128 superiorum,
1084 4074 1247 4117 talem
1276 4072 1535 4117 hominem
1568 4072 1866 4126 expeditum
1901 4072 2068 4125 llllnc,
2106 4072 2392 4116 substituto
2423 4071 2606 4115 idoneo
2643 4082 2974 4124 successore,
3013 4083 3164 4127 posse

697 4146 991 4190 transferri.
1010 4144 1264 4190 Doctrina
1284 4145 1437 4198 enlm,
1468 4156 1571 4200 qua
1598 4150 1679 4188 est
1714 4144 1986 4197 insigniter
2015 4146 2272 4195 excultus,
2303 4142 2411 4187 illic
2445 4144 2609 4188 multo
2641 4150 2782 4188 esset
2815 4145 2992 4189 utilior
3011 4154 3164 4199 qnam

698 4216 911 4261 Bazalnl
934 4217 1083 4261 modo
1103 4224 1237 4269 εει,
1257 4216 1307 4259 S.
1333 4214 1612 4259 Fnanclscr
1633 4214 1865 4260 Xavnnn
1887 4227 1915 4257 e
1935 4214 1988 4257 S.
2008 4214 2058 4269 J.
2076 4214 2434 4269 epistolarum
2455 4216 2697 4258 omnium
2716 4216 2844 4259 libri
2864 4216 2901 4259 Ι
2909 4214 2962 4269 V,
2983 4227 3049 4260 ex
3069 4216 3166 4259 Pe·

691 4301 793 4334 ’τιο
812 4289 1068 4345 Mannum,
1090 4288 1321 4333 Bouario
1340 4288 1679 4341 Tuaesaumo,
1704 4288 1870 4331 Pareo
1893 4288 2114 4332 Possum
2135 4290 2188 4330 et
2203 4286 2494 4331 Fauctsco
2515 4288 2781 4341 Cui-ruam
2805 4288 2893 4334 lib.
2914 4298 2984 4341 tv,
3004 4289 3160 4343 epist.

696 4372 829 4415 xxxx,
850 4375 899 4408 n.
922 4362 989 4407 23.

784 4434 797 4464 ¹
855 4432 1275 4479 ...⁶⁴Ferdlnaudo
1296 4432 1505 4476 Mendez
1526 4433 1575 4476 dl
1598 4432 1769 4476 Monte
1793 4432 2082 4487 maggior-e.
2105 4430 2298 4484 Queeto
2319 4432 2489 4476 hauet
2517 4432 2600 4475 del
2635 4442 2728 4476 suo
2761 4432 2892 4475 dleci
2911 4432 3034 4476 mila
3053 4443 3166 4476 scu-

698 4506 767 4559 dl,
789 4512 841 4549 et
864 4508 918 4550 la
935 4506 1219 4550 Domenlca
1241 4506 1290 4549 dl
1314 4504 1509 4548 Pastor
1528 4506 1708 4554 bonus,
1730 4510 1842 4548 otto
1861 4504 2030 4558 glot-ni
2060 4502 2240 4547 auant!
2277 4504 2329 4547 la
2351 4508 2532 4547 nostra
2554 4508 2806 4557 partenza
2825 4504 2908 4558 pel
2941 4502 3164 4558 Giapan,

695 4577 987 4621 andnnd’lo
1021 4576 1089 4622 ad
1122 4588 1222 4621 uno
1254 4575 1569 4621 Eremitorlo
1604 4575 1741 4619 della
1776 4574 2034 4619 Madonna
2069 4574 2122 4618 di
2155 4575 2348 4629 gratia.
2388 4575 2485 4618 che
2517 4574 2858 4619 fabricammo
2887 4576 3005 4619 nell‘
3036 4576 3169 4619 isola

697 4647 941 4703 choram,
963 4656 1045 4693 tre
1064 4648 1246 4703 miglia
1268 4650 1481 4692 lontano
1518 4648 1585 4692 da
1620 4646 1752 4694 Goa.
1788 4646 1924 4691 ando
1953 4656 2086 4690 anco
2115 4656 2231 4690 esso
2263 4658 2406 4690 meco
2441 4657 2535 4699 per
2553 4646 2758 4689 offerire
2779 4646 2888 4691 atla
2909 4646 3172 4691 Madonna

686 4721 978 4776 cinquanta
998 4722 1142 4765 scudl
1158 4732 1251 4775 per
1270 4720 1413 4765 aluto
1436 4721 1570 4764 della
1591 4730 1762 4773 caum„
1782 4719 1864 4763 Ex
1885 4719 2034 4773 epist.
2055 4730 2168 4773 sup.
2190 4720 2280 4761 cit.
2304 4718 2357 4761 P.
2381 4717 2608 4771 Nugnez,
2629 4719 2716 4762 fol.
2735 4716 2834 4763 167.
