<?xml version="1.0" encoding="UTF-8"?>
<!DOCTYPE html PUBLIC "-//W3C//DTD XHTML 1.0 Transitional//EN"
    "http://www.w3.org/TR/xhtml1/DTD/xhtml1-transitional.dtd">
<html xmlns="http://www.w3.org/1999/xhtml" xml:lang="en" lang="en">
 <head>
  <title>
</title>
<meta http-equiv="Content-Type" content="text/html;charset=utf-8" />
  <meta name='ocr-system' content='tesseract 3.04.00' />
  <meta name='ocr-capabilities' content='ocr_page ocr_carea ocr_par ocr_line ocrx_word'/>
</head>
<body>
  <div class='ocr_page' id='page_1' title='image "./vitaignatiiloio02polagoog_0209.png"; bbox 0 0 3742 5392; ppageno 0'>
   <div class='ocr_carea' id='block_1_1' title="bbox 1617 466 3008 529">
    <p class='ocr_par' dir='ltr' id='par_1_1' title="bbox 1617 466 3008 529">
     <span class='ocr_line' id='line_1_1' title="bbox 1617 466 3008 529; baseline -0.001 -1"><span class='ocrx_word' id='word_1_1' title='bbox 1617 470 1742 529; x_wconf 64' lang='lat' dir='ltr'><strong>Au.</strong></span> <span class='ocrx_word' id='word_1_2' title='bbox 1792 470 1930 527; x_wconf 75' lang='lat'>1554</span> <span class='ocrx_word' id='word_1_3' title='bbox 2907 466 3008 527; x_wconf 84' lang='lat'><strong>201</strong></span> 
     </span>
    </p>
   </div>
   <div class='ocr_carea' id='block_1_2' title="bbox 540 613 3046 4446">
    <p class='ocr_par' dir='ltr' id='par_1_2' title="bbox 540 613 3016 1659">
     <span class='ocr_line' id='line_1_2' title="bbox 540 613 3010 697; baseline -0.001 -18"><span class='ocrx_word' id='word_1_4' title='bbox 540 616 905 697; x_wconf 83' lang='lat' dir='ltr'><strong>exemp10,</strong></span> <span class='ocrx_word' id='word_1_5' title='bbox 942 616 1263 697; x_wconf 85' lang='lat' dir='ltr'><strong>plurimis</strong></span> <span class='ocrx_word' id='word_1_6' title='bbox 1308 616 1379 679; x_wconf 90' lang='lat' dir='ltr'><strong>in</strong></span> <span class='ocrx_word' id='word_1_7' title='bbox 1412 616 1587 680; x_wconf 89' lang='lat' dir='ltr'><strong>locis</strong></span> <span class='ocrx_word' id='word_1_8' title='bbox 1628 615 1910 679; x_wconf 90' lang='lat' dir='ltr'><strong>habitas</strong></span> <span class='ocrx_word' id='word_1_9' title='bbox 1958 624 2512 696; x_wconf 88' lang='lat' dir='ltr'><strong>proponeretur;</strong></span> <span class='ocrx_word' id='word_1_10' title='bbox 2558 613 2787 677; x_wconf 88' lang='lat' dir='ltr'><strong>tribus</strong></span> <span class='ocrx_word' id='word_1_11' title='bbox 2825 614 3010 677; x_wconf 89' lang='lat' dir='ltr'><strong>enim</strong></span> 
     </span>
     <span class='ocr_line' id='line_1_3' title="bbox 540 721 3012 804; baseline -0.001 -18"><span class='ocrx_word' id='word_1_12' title='bbox 540 724 614 786; x_wconf 90' lang='lat' dir='ltr'><strong>in</strong></span> <span class='ocrx_word' id='word_1_13' title='bbox 642 723 818 786; x_wconf 91' lang='lat' dir='ltr'><strong>locis</strong></span> <span class='ocrx_word' id='word_1_14' title='bbox 847 724 1307 804; x_wconf 88' lang='lat' dir='ltr'><strong>epistolarum</strong></span> <span class='ocrx_word' id='word_1_15' title='bbox 1330 722 1529 787; x_wconf 88' lang='lat' dir='ltr'><strong>Pauli</strong></span> <span class='ocrx_word' id='word_1_16' title='bbox 1567 725 2044 803; x_wconf 86' lang='lat' dir='ltr'>praelectores</span> <span class='ocrx_word' id='word_1_17' title='bbox 2081 734 2317 802; x_wconf 89' lang='lat' dir='ltr'><strong>erant,</strong></span> <span class='ocrx_word' id='word_1_18' title='bbox 2352 724 2592 803; x_wconf 89' lang='lat' dir='ltr'><strong>plures</strong></span> <span class='ocrx_word' id='word_1_19' title='bbox 2631 721 3012 785; x_wconf 89' lang='lat' dir='ltr'><strong>conciona-</strong></span> 
     </span>
     <span class='ocr_line' id='line_1_4' title="bbox 542 828 3013 911; baseline -0.001 -19"><span class='ocrx_word' id='word_1_20' title='bbox 542 838 769 910; x_wconf 81' lang='lat' dir='ltr'><strong>toreS,</strong></span> <span class='ocrx_word' id='word_1_21' title='bbox 804 831 927 895; x_wconf 88' lang='lat' dir='ltr'><strong>alii</strong></span> <span class='ocrx_word' id='word_1_22' title='bbox 954 831 1172 895; x_wconf 88' lang='lat' dir='ltr'><strong>etiam</strong></span> <span class='ocrx_word' id='word_1_23' title='bbox 1204 832 1345 893; x_wconf 86' lang='lat' dir='ltr'><strong>alia</strong></span> <span class='ocrx_word' id='word_1_24' title='bbox 1386 828 1737 910; x_wconf 89' lang='lat' dir='ltr'><strong>legebant,</strong></span> <span class='ocrx_word' id='word_1_25' title='bbox 1773 847 1904 894; x_wconf 90' lang='lat' dir='ltr'><strong>nec</strong></span> <span class='ocrx_word' id='word_1_26' title='bbox 1935 830 2101 911; x_wconf 92' lang='lat' dir='ltr'><strong>quid</strong></span> <span class='ocrx_word' id='word_1_27' title='bbox 2131 829 2506 908; x_wconf 88' lang='lat' dir='ltr'><strong>inutiliter,</strong></span> <span class='ocrx_word' id='word_1_28' title='bbox 2549 845 2716 893; x_wconf 89' lang='lat' dir='ltr'><strong>cum</strong></span> <span class='ocrx_word' id='word_1_29' title='bbox 2749 844 3013 907; x_wconf 85' lang='lat' dir='ltr'><strong>magna</strong></span> 
     </span>
     <span class='ocr_line' id='line_1_5' title="bbox 546 935 3012 1015; baseline -0.001 -15"><span class='ocrx_word' id='word_1_30' title='bbox 546 937 911 1001; x_wconf 88' lang='lat' dir='ltr'><strong>hominum</strong></span> <span class='ocrx_word' id='word_1_31' title='bbox 960 938 1333 1001; x_wconf 87' lang='lat' dir='ltr'><strong>multitudo</strong></span> <span class='ocrx_word' id='word_1_32' title='bbox 1366 938 1459 1001; x_wconf 87' lang='lat' dir='ltr'><strong>ad</strong></span> <span class='ocrx_word' id='word_1_33' title='bbox 1500 948 1752 1001; x_wconf 89' lang='lat' dir='ltr'><strong>sancta</strong></span> <span class='ocrx_word' id='word_1_34' title='bbox 1791 946 2242 1001; x_wconf 86' lang='lat' dir='ltr'><strong>sacramenta</strong></span> <span class='ocrx_word' id='word_1_35' title='bbox 2293 936 2700 1015; x_wconf 89' lang='lat' dir='ltr'><strong>accederet;</strong></span> <span class='ocrx_word' id='word_1_36' title='bbox 2737 952 2905 999; x_wconf 92' lang='lat' dir='ltr'><strong>nam</strong></span> <span class='ocrx_word' id='word_1_37' title='bbox 2943 935 3012 997; x_wconf 89' lang='lat' dir='ltr'><strong>in</strong></span> 
     </span>
     <span class='ocr_line' id='line_1_6' title="bbox 545 1041 3014 1138; baseline -0.001 -30"><span class='ocrx_word' id='word_1_38' title='bbox 545 1045 727 1109; x_wconf 89' lang='lat' dir='ltr'><strong>festo</strong></span> <span class='ocrx_word' id='word_1_39' title='bbox 752 1044 1283 1126; x_wconf 88' lang='lat' dir='ltr'><strong>Assumptionis</strong></span> <span class='ocrx_word' id='word_1_40' title='bbox 1312 1044 1466 1107; x_wconf 45' lang='grc' dir='ltr'><strong>ΒΑΕ</strong></span> <span class='ocrx_word' id='word_1_41' title='bbox 1509 1044 1778 1108; x_wconf 90' lang='lat' dir='ltr'><strong>Mariae</strong></span> <span class='ocrx_word' id='word_1_42' title='bbox 1807 1061 1950 1107; x_wconf 91' lang='lat' dir='ltr'><strong>non</strong></span> <span class='ocrx_word' id='word_1_43' title='bbox 1979 1044 2211 1107; x_wconf 89' lang='lat' dir='ltr'><strong>minus</strong></span> <span class='ocrx_word' id='word_1_44' title='bbox 2239 1060 2452 1138; x_wconf 81' lang='lat' dir='ltr'><strong>quam</strong></span> <span class='ocrx_word' id='word_1_45' title='bbox 2483 1042 2620 1107; x_wconf 92' lang='lat' dir='ltr'><strong>duo</strong></span> <span class='ocrx_word' id='word_1_46' title='bbox 2651 1041 3014 1106; x_wconf 85' lang='lat' dir='ltr'><strong>hominum</strong></span> 
     </span>
     <span class='ocr_line' id='line_1_7' title="bbox 546 1148 3015 1231; baseline -0.002 -14"><span class='ocrx_word' id='word_1_47' title='bbox 546 1154 766 1217; x_wconf 90' lang='lat' dir='ltr'><strong>millia</strong></span> <span class='ocrx_word' id='word_1_48' title='bbox 794 1152 1321 1216; x_wconf 87' lang='lat' dir='ltr'><strong>sanctissimum</strong></span> <span class='ocrx_word' id='word_1_49' title='bbox 1354 1151 1849 1217; x_wconf 81' lang='lat' dir='ltr'><strong>Eucharistiae</strong></span> <span class='ocrx_word' id='word_1_50' title='bbox 1879 1160 2405 1216; x_wconf 88' lang='lat' dir='ltr'><strong>sacramentum</strong></span> <span class='ocrx_word' id='word_1_51' title='bbox 2436 1160 2798 1231; x_wconf 90' lang='lat' dir='ltr'><strong>ceperunt,</strong></span> <span class='ocrx_word' id='word_1_52' title='bbox 2825 1148 3015 1231; x_wconf 91' lang='lat' dir='ltr'><strong>quod</strong></span> 
     </span>
     <span class='ocr_line' id='line_1_8' title="bbox 548 1256 3015 1334; baseline -0.002 -11"><span class='ocrx_word' id='word_1_53' title='bbox 548 1268 619 1323; x_wconf 89' lang='lat' dir='ltr'><strong>et</strong></span> <span class='ocrx_word' id='word_1_54' title='bbox 646 1259 945 1323; x_wconf 83' lang='lat' dir='ltr'><strong>Pro-rex</strong></span> <span class='ocrx_word' id='word_1_55' title='bbox 983 1258 1235 1323; x_wconf 89' lang='lat' dir='ltr'><strong>eodem</strong></span> <span class='ocrx_word' id='word_1_56' title='bbox 1274 1260 1385 1322; x_wconf 90' lang='lat' dir='ltr'><strong>die</strong></span> <span class='ocrx_word' id='word_1_57' title='bbox 1424 1258 1625 1334; x_wconf 88' lang='lat' dir='ltr'><strong>fecit,</strong></span> <span class='ocrx_word' id='word_1_58' title='bbox 1669 1275 1832 1321; x_wconf 90' lang='lat' dir='ltr'><strong>cum</strong></span> <span class='ocrx_word' id='word_1_59' title='bbox 1853 1256 1932 1321; x_wconf 87' lang='lat' dir='ltr'><strong>P.</strong></span> <span class='ocrx_word' id='word_1_60' title='bbox 1965 1257 2277 1322; x_wconf 91' lang='lat' dir='ltr'><strong>Antonio</strong></span> <span class='ocrx_word' id='word_1_61' title='bbox 2305 1256 2616 1321; x_wconf 89' lang='lat' dir='ltr'><strong>Vinchio</strong></span> <span class='ocrx_word' id='word_1_62' title='bbox 2647 1256 3015 1320; x_wconf 88' lang='lat' dir='ltr'><strong>consessus</strong></span> 
     </span>
     <span class='ocr_line' id='line_1_9' title="bbox 546 1362 3016 1447; baseline -0.002 -16"><span class='ocrx_word' id='word_1_63' title='bbox 546 1376 765 1445; x_wconf 90' lang='lat' dir='ltr'><strong>esset,</strong></span> <span class='ocrx_word' id='word_1_64' title='bbox 815 1366 1003 1447; x_wconf 91' lang='lat' dir='ltr'><strong>quod</strong></span> <span class='ocrx_word' id='word_1_65' title='bbox 1041 1365 1117 1429; x_wconf 94' lang='grc' dir='ltr'><strong>Ρ.</strong></span> <span class='ocrx_word' id='word_1_66' title='bbox 1164 1364 1632 1429; x_wconf 77' lang='lat' dir='ltr'><strong>provincialis</strong></span> <span class='ocrx_word' id='word_1_67' title='bbox 1683 1366 1952 1429; x_wconf 88' lang='lat' dir='ltr'><strong>aberat.</strong></span> <span class='ocrx_word' id='word_1_68' title='bbox 1999 1364 2088 1428; x_wconf 89' lang='lat' dir='ltr'><strong>D.</strong></span> <span class='ocrx_word' id='word_1_69' title='bbox 2144 1365 2359 1429; x_wconf 89' lang='lat' dir='ltr'><strong>etiam</strong></span> <span class='ocrx_word' id='word_1_70' title='bbox 2406 1362 2900 1428; x_wconf 87' lang='lat' dir='ltr'><strong>Ferdinandus</strong></span> <span class='ocrx_word' id='word_1_71' title='bbox 2931 1362 3016 1425; x_wconf 88' lang='lat' dir='ltr'><strong>de</strong></span> 
     </span>
     <span class='ocr_line' id='line_1_10' title="bbox 549 1470 3016 1554; baseline -0.003 -15"><span class='ocrx_word' id='word_1_72' title='bbox 549 1474 793 1554; x_wconf 90' lang='lat' dir='ltr'><strong>Vega,</strong></span> <span class='ocrx_word' id='word_1_73' title='bbox 827 1472 1193 1551; x_wconf 88' lang='lat' dir='ltr'><strong>Pro-regis</strong></span> <span class='ocrx_word' id='word_1_74' title='bbox 1232 1472 1485 1549; x_wconf 87' lang='lat' dir='ltr'><strong>frater,</strong></span> <span class='ocrx_word' id='word_1_75' title='bbox 1520 1483 1846 1536; x_wconf 91' lang='lat' dir='ltr'><strong>nostrum</strong></span> <span class='ocrx_word' id='word_1_76' title='bbox 1877 1472 1968 1535; x_wconf 90' lang='lat' dir='ltr'><strong>ad</strong></span> <span class='ocrx_word' id='word_1_77' title='bbox 1997 1472 2378 1551; x_wconf 85' lang='lat' dir='ltr'>collegium</span> <span class='ocrx_word' id='word_1_78' title='bbox 2413 1470 2792 1535; x_wconf 87' lang='lat' dir='ltr'><strong>confitendi</strong></span> <span class='ocrx_word' id='word_1_79' title='bbox 2832 1485 3016 1533; x_wconf 91' lang='lat' dir='ltr'><strong>com-</strong></span> 
     </span>
     <span class='ocr_line' id='line_1_11' title="bbox 552 1580 1833 1659; baseline 0 -16"><span class='ocrx_word' id='word_1_80' title='bbox 552 1580 1103 1659; x_wconf 87' lang='lat' dir='ltr'><strong>municandique</strong></span> <span class='ocrx_word' id='word_1_81' title='bbox 1133 1581 1369 1659; x_wconf 85' lang='lat' dir='ltr'><strong>gratia</strong></span> <span class='ocrx_word' id='word_1_82' title='bbox 1402 1596 1479 1643; x_wconf 90' lang='lat' dir='ltr'><strong>se</strong></span> <span class='ocrx_word' id='word_1_83' title='bbox 1512 1580 1833 1643; x_wconf 89' lang='lat' dir='ltr'><strong>contulit.</strong></span> 
     </span>
    </p>

    <p class='ocr_par' dir='ltr' id='par_1_3' title="bbox 552 1684 3032 2946">
     <span class='ocr_line' id='line_1_12' title="bbox 675 1684 3015 1767; baseline -0.001 -18"><span class='ocrx_word' id='word_1_84' title='bbox 675 1685 815 1749; x_wconf 85' lang='lat'><strong>440.</strong></span> <span class='ocrx_word' id='word_1_85' title='bbox 905 1685 1052 1749; x_wconf 89' lang='lat' dir='ltr'><strong>Nec</strong></span> <span class='ocrx_word' id='word_1_86' title='bbox 1076 1704 1248 1749; x_wconf 81' lang='lat' dir='ltr'><strong>vero</strong></span> <span class='ocrx_word' id='word_1_87' title='bbox 1280 1703 1505 1767; x_wconf 89' lang='lat' dir='ltr'><strong>parva</strong></span> <span class='ocrx_word' id='word_1_88' title='bbox 1536 1686 1609 1749; x_wconf 90' lang='lat' dir='ltr'><strong>in</strong></span> <span class='ocrx_word' id='word_1_89' title='bbox 1632 1686 1986 1767; x_wconf 89' lang='lat' dir='ltr'><strong>plerisque</strong></span> <span class='ocrx_word' id='word_1_90' title='bbox 2009 1704 2275 1765; x_wconf 92' lang='lat' dir='ltr'><strong>eorum,</strong></span> <span class='ocrx_word' id='word_1_91' title='bbox 2303 1687 2426 1767; x_wconf 91' lang='lat' dir='ltr'><strong>qui</strong></span> <span class='ocrx_word' id='word_1_92' title='bbox 2449 1687 2713 1749; x_wconf 90' lang='lat' dir='ltr'><strong>nostris</strong></span> <span class='ocrx_word' id='word_1_93' title='bbox 2737 1684 3015 1749; x_wconf 88' lang='lat' dir='ltr'><strong>confite-</strong></span> 
     </span>
     <span class='ocr_line' id='line_1_13' title="bbox 554 1792 3020 1875; baseline -0.001 -18"><span class='ocrx_word' id='word_1_94' title='bbox 554 1794 842 1873; x_wconf 82' lang='lat' dir='ltr'><strong>bantur,</strong></span> <span class='ocrx_word' id='word_1_95' title='bbox 876 1792 1160 1857; x_wconf 86' lang='lat' dir='ltr'><strong>devotio</strong></span> <span class='ocrx_word' id='word_1_96' title='bbox 1197 1794 1647 1871; x_wconf 89' lang='lat' dir='ltr'><strong>cernebatur;</strong></span> <span class='ocrx_word' id='word_1_97' title='bbox 1680 1793 1866 1857; x_wconf 87' lang='lat' dir='ltr'><strong>hanc</strong></span> <span class='ocrx_word' id='word_1_98' title='bbox 1899 1794 2088 1858; x_wconf 91' lang='lat' dir='ltr'><strong>enim</strong></span> <span class='ocrx_word' id='word_1_99' title='bbox 2116 1804 2184 1858; x_wconf 94' lang='lat' dir='ltr'><strong>et</strong></span> <span class='ocrx_word' id='word_1_100' title='bbox 2221 1795 2589 1875; x_wconf 83' lang='lat' dir='ltr'><strong>lacrymae</strong></span> <span class='ocrx_word' id='word_1_101' title='bbox 2629 1804 2700 1856; x_wconf 89' lang='lat' dir='ltr'><strong>et</strong></span> <span class='ocrx_word' id='word_1_102' title='bbox 2736 1792 3020 1856; x_wconf 83' lang='lat' dir='ltr'><strong>habitus</strong></span> 
     </span>
     <span class='ocr_line' id='line_1_14' title="bbox 552 1898 3021 1981; baseline -0.001 -18"><span class='ocrx_word' id='word_1_103' title='bbox 552 1909 623 1964; x_wconf 91' lang='lat' dir='ltr'><strong>et</strong></span> <span class='ocrx_word' id='word_1_104' title='bbox 655 1918 891 1963; x_wconf 89' lang='lat' dir='ltr'><strong>mores</strong></span> <span class='ocrx_word' id='word_1_105' title='bbox 920 1901 1270 1963; x_wconf 91' lang='lat' dir='ltr'><strong>immutati</strong></span> <span class='ocrx_word' id='word_1_106' title='bbox 1302 1900 1789 1964; x_wconf 87' lang='lat' dir='ltr'><strong>ostendebant.</strong></span> <span class='ocrx_word' id='word_1_107' title='bbox 1823 1900 1959 1965; x_wconf 91' lang='lat' dir='ltr'><strong>Vir</strong></span> <span class='ocrx_word' id='word_1_108' title='bbox 1989 1898 2172 1965; x_wconf 88' lang='lat' dir='ltr'><strong>inter</strong></span> <span class='ocrx_word' id='word_1_109' title='bbox 2197 1902 2374 1965; x_wconf 89' lang='lat' dir='ltr'><strong>alios</strong></span> <span class='ocrx_word' id='word_1_110' title='bbox 2393 1900 2695 1981; x_wconf 88' lang='lat' dir='ltr'><strong>insignis</strong></span> <span class='ocrx_word' id='word_1_111' title='bbox 2717 1899 2906 1979; x_wconf 93' lang='lat' dir='ltr'><strong>quod</strong></span> <span class='ocrx_word' id='word_1_112' title='bbox 2931 1899 3021 1962; x_wconf 90' lang='lat' dir='ltr'><strong>ad</strong></span> 
     </span>
     <span class='ocr_line' id='line_1_15' title="bbox 554 2006 3020 2088; baseline -0 -19"><span class='ocrx_word' id='word_1_113' title='bbox 554 2024 760 2071; x_wconf 91' lang='lat' dir='ltr'><strong>arma</strong></span> <span class='ocrx_word' id='word_1_114' title='bbox 795 2008 1133 2087; x_wconf 88' lang='lat' dir='ltr'><strong>pertinet,</strong></span> <span class='ocrx_word' id='word_1_115' title='bbox 1186 2008 1309 2087; x_wconf 92' lang='lat' dir='ltr'><strong>qui</strong></span> <span class='ocrx_word' id='word_1_116' title='bbox 1354 2006 1688 2087; x_wconf 87' lang='lat' dir='ltr'><strong>quamdiu</strong></span> <span class='ocrx_word' id='word_1_117' title='bbox 1736 2008 2018 2071; x_wconf 85' lang='lat' dir='ltr'><strong>vixerat</strong></span> <span class='ocrx_word' id='word_1_118' title='bbox 2069 2019 2405 2088; x_wconf 87' lang='lat' dir='ltr'><strong>expertus</strong></span> <span class='ocrx_word' id='word_1_119' title='bbox 2457 2024 2602 2071; x_wconf 90' lang='lat' dir='ltr'><strong>non</strong></span> <span class='ocrx_word' id='word_1_120' title='bbox 2651 2016 2806 2070; x_wconf 90' lang='lat' dir='ltr'><strong>erat</strong></span> <span class='ocrx_word' id='word_1_121' title='bbox 2854 2006 3020 2086; x_wconf 90' lang='lat' dir='ltr'><strong>quid</strong></span> 
     </span>
     <span class='ocr_line' id='line_1_16' title="bbox 559 2113 3020 2196; baseline -0.001 -19"><span class='ocrx_word' id='word_1_122' title='bbox 559 2122 745 2177; x_wconf 88' lang='lat' dir='ltr'><strong>esset</strong></span> <span class='ocrx_word' id='word_1_123' title='bbox 774 2113 1095 2177; x_wconf 86' lang='lat' dir='ltr'><strong>confiteri</strong></span> <span class='ocrx_word' id='word_1_124' title='bbox 1124 2124 1192 2177; x_wconf 89' lang='lat' dir='ltr'><strong>et</strong></span> <span class='ocrx_word' id='word_1_125' title='bbox 1222 2114 1783 2193; x_wconf 88' lang='lat' dir='ltr'><strong>communicare,</strong></span> <span class='ocrx_word' id='word_1_126' title='bbox 1833 2124 2300 2196; x_wconf 89' lang='lat' dir='ltr'><strong>compunctus</strong></span> <span class='ocrx_word' id='word_1_127' title='bbox 2333 2114 2589 2178; x_wconf 89' lang='lat' dir='ltr'><strong>mirum</strong></span> <span class='ocrx_word' id='word_1_128' title='bbox 2621 2114 2694 2178; x_wconf 89' lang='lat' dir='ltr'><strong>in</strong></span> <span class='ocrx_word' id='word_1_129' title='bbox 2735 2113 3020 2176; x_wconf 90' lang='lat' dir='ltr'><strong>modum</strong></span> 
     </span>
     <span class='ocr_line' id='line_1_17' title="bbox 560 2219 3026 2302; baseline -0.001 -18"><span class='ocrx_word' id='word_1_130' title='bbox 560 2222 654 2284; x_wconf 91' lang='lat' dir='ltr'><strong>ad</strong></span> <span class='ocrx_word' id='word_1_131' title='bbox 685 2219 1201 2285; x_wconf 89' lang='lat' dir='ltr'><strong>confessionem</strong></span> <span class='ocrx_word' id='word_1_132' title='bbox 1234 2222 1569 2299; x_wconf 89' lang='lat' dir='ltr'><strong>accessit,</strong></span> <span class='ocrx_word' id='word_1_133' title='bbox 1602 2231 1672 2284; x_wconf 89' lang='lat' dir='ltr'><strong>et</strong></span> <span class='ocrx_word' id='word_1_134' title='bbox 1722 2238 1885 2285; x_wconf 89' lang='lat' dir='ltr'><strong>cum</strong></span> <span class='ocrx_word' id='word_1_135' title='bbox 1915 2233 2202 2301; x_wconf 87' lang='lat' dir='ltr'><strong>stupore</strong></span> <span class='ocrx_word' id='word_1_136' title='bbox 2233 2239 2498 2300; x_wconf 90' lang='lat' dir='ltr'><strong>eorum,</strong></span> <span class='ocrx_word' id='word_1_137' title='bbox 2533 2221 2784 2302; x_wconf 89' lang='lat' dir='ltr'><strong>quibus</strong></span> <span class='ocrx_word' id='word_1_138' title='bbox 2814 2230 3026 2283; x_wconf 88' lang='lat' dir='ltr'><strong>antea</strong></span> 
     </span>
     <span class='ocr_line' id='line_1_18' title="bbox 558 2327 3025 2409; baseline 0 -19"><span class='ocrx_word' id='word_1_139' title='bbox 558 2336 771 2391; x_wconf 87' lang='lat' dir='ltr'><strong>notus</strong></span> <span class='ocrx_word' id='word_1_140' title='bbox 798 2337 984 2407; x_wconf 89' lang='lat' dir='ltr'><strong>erat,</strong></span> <span class='ocrx_word' id='word_1_141' title='bbox 1018 2328 1243 2391; x_wconf 82' lang='lat' dir='ltr'><strong>vitam</strong></span> <span class='ocrx_word' id='word_1_142' title='bbox 1270 2345 1564 2409; x_wconf 88' lang='lat' dir='ltr'><strong>prorsus</strong></span> <span class='ocrx_word' id='word_1_143' title='bbox 1594 2330 1928 2408; x_wconf 90' lang='lat' dir='ltr'><strong>mutavit,</strong></span> <span class='ocrx_word' id='word_1_144' title='bbox 1961 2339 2029 2392; x_wconf 90' lang='lat' dir='ltr'><strong>et</strong></span> <span class='ocrx_word' id='word_1_145' title='bbox 2052 2328 2152 2392; x_wconf 90' lang='lat' dir='ltr'><strong>illi</strong></span> <span class='ocrx_word' id='word_1_146' title='bbox 2183 2338 2640 2393; x_wconf 88' lang='lat' dir='ltr'><strong>externorum</strong></span> <span class='ocrx_word' id='word_1_147' title='bbox 2662 2327 3025 2391; x_wconf 85' lang='lat' dir='ltr'><strong>hominurn</strong></span> 
     </span>
     <span class='ocr_line' id='line_1_19' title="bbox 566 2434 3026 2516; baseline 0 -19"><span class='ocrx_word' id='word_1_148' title='bbox 566 2436 1131 2515; x_wconf 84' lang='lat' dir='ltr'><strong>congregationi,</strong></span> <span class='ocrx_word' id='word_1_149' title='bbox 1165 2451 1346 2515; x_wconf 92' lang='lat' dir='ltr'><strong>quae</strong></span> <span class='ocrx_word' id='word_1_150' title='bbox 1384 2435 1519 2515; x_wconf 92' lang='lat' dir='ltr'><strong>piis</strong></span> <span class='ocrx_word' id='word_1_151' title='bbox 1561 2435 1898 2516; x_wconf 87' lang='lat' dir='ltr'><strong>operibus</strong></span> <span class='ocrx_word' id='word_1_152' title='bbox 1929 2434 1946 2466; x_wconf 82' lang='lat'><strong>¹</strong></span> <span class='ocrx_word' id='word_1_153' title='bbox 1989 2435 2202 2499; x_wconf 89' lang='lat' dir='ltr'><strong>dabat</strong></span> <span class='ocrx_word' id='word_1_154' title='bbox 2240 2451 2562 2516; x_wconf 89' lang='lat' dir='ltr'><strong>operam,</strong></span> <span class='ocrx_word' id='word_1_155' title='bbox 2598 2434 3026 2516; x_wconf 89' lang='lat' dir='ltr'><strong>inseparabi-</strong></span> 
     </span>
     <span class='ocr_line' id='line_1_20' title="bbox 565 2540 3029 2621; baseline -0.001 -16"><span class='ocrx_word' id='word_1_156' title='bbox 565 2543 725 2605; x_wconf 90' lang='lat' dir='ltr'><strong>liter</strong></span> <span class='ocrx_word' id='word_1_157' title='bbox 754 2558 832 2605; x_wconf 88' lang='lat' dir='ltr'><strong>se</strong></span> <span class='ocrx_word' id='word_1_158' title='bbox 862 2540 1367 2621; x_wconf 84' lang='lat' dir='ltr'><strong>conjungebat;</strong></span> <span class='ocrx_word' id='word_1_159' title='bbox 1400 2551 1469 2605; x_wconf 92' lang='lat' dir='ltr'><strong>et</strong></span> <span class='ocrx_word' id='word_1_160' title='bbox 1500 2560 1662 2606; x_wconf 92' lang='lat' dir='ltr'><strong>cum</strong></span> <span class='ocrx_word' id='word_1_161' title='bbox 1701 2543 1920 2606; x_wconf 91' lang='lat' dir='ltr'><strong>occisi</strong></span> <span class='ocrx_word' id='word_1_162' title='bbox 1960 2543 2266 2607; x_wconf 89' lang='lat' dir='ltr'><strong>hominis</strong></span> <span class='ocrx_word' id='word_1_163' title='bbox 2302 2543 2617 2606; x_wconf 87' lang='lat' dir='ltr'><strong>cadaver</strong></span> <span class='ocrx_word' id='word_1_164' title='bbox 2663 2543 3029 2606; x_wconf 89' lang='lat' dir='ltr'><strong>inventum</strong></span> 
     </span>
     <span class='ocr_line' id='line_1_21' title="bbox 560 2649 3032 2730; baseline -0.001 -17"><span class='ocrx_word' id='word_1_165' title='bbox 560 2666 727 2713; x_wconf 88' lang='lat' dir='ltr'><strong>cum</strong></span> <span class='ocrx_word' id='word_1_166' title='bbox 759 2650 896 2713; x_wconf 91' lang='lat' dir='ltr'><strong>illis</strong></span> <span class='ocrx_word' id='word_1_167' title='bbox 925 2649 1018 2712; x_wconf 88' lang='lat' dir='ltr'><strong>ad</strong></span> <span class='ocrx_word' id='word_1_168' title='bbox 1048 2651 1483 2730; x_wconf 89' lang='lat' dir='ltr'><strong>sepulturam</strong></span> <span class='ocrx_word' id='word_1_169' title='bbox 1513 2650 1839 2728; x_wconf 92' lang='lat' dir='ltr'><strong>duceret,</strong></span> <span class='ocrx_word' id='word_1_170' title='bbox 1875 2660 1944 2713; x_wconf 92' lang='lat' dir='ltr'><strong>et</strong></span> <span class='ocrx_word' id='word_1_171' title='bbox 1985 2650 2310 2714; x_wconf 87' lang='lat' dir='ltr'><strong>manibus</strong></span> <span class='ocrx_word' id='word_1_172' title='bbox 2340 2658 2682 2714; x_wconf 87' lang='lat' dir='ltr'><strong>tractaret</strong></span> <span class='ocrx_word' id='word_1_173' title='bbox 2720 2650 3032 2714; x_wconf 87' lang='lat' dir='ltr'><strong>cadaver</strong></span> 
     </span>
     <span class='ocr_line' id='line_1_22' title="bbox 567 2754 3032 2836; baseline 0 -17"><span class='ocrx_word' id='word_1_174' title='bbox 567 2758 639 2819; x_wconf 91' lang='lat' dir='ltr'><strong>in</strong></span> <span class='ocrx_word' id='word_1_175' title='bbox 689 2756 1064 2835; x_wconf 89' lang='lat' dir='ltr'><strong>sepulchro</strong></span> <span class='ocrx_word' id='word_1_176' title='bbox 1094 2754 1615 2833; x_wconf 89' lang='lat' dir='ltr'><strong>collocandum,</strong></span> <span class='ocrx_word' id='word_1_177' title='bbox 1666 2773 2006 2836; x_wconf 87' lang='lat' dir='ltr'><strong>magnam</strong></span> <span class='ocrx_word' id='word_1_178' title='bbox 2038 2775 2080 2820; x_wconf 90' lang='lat' dir='ltr'><strong>a</strong></span> <span class='ocrx_word' id='word_1_179' title='bbox 2119 2756 2253 2821; x_wconf 91' lang='lat' dir='ltr'><strong>Dei</strong></span> <span class='ocrx_word' id='word_1_180' title='bbox 2294 2758 2609 2821; x_wconf 88' lang='lat' dir='ltr'><strong>bonitate</strong></span> <span class='ocrx_word' id='word_1_181' title='bbox 2649 2758 2882 2822; x_wconf 90' lang='lat' dir='ltr'><strong>lucem</strong></span> <span class='ocrx_word' id='word_1_182' title='bbox 2920 2775 3032 2819; x_wconf 89' lang='lat' dir='ltr'><strong>co·</strong></span> 
     </span>
     <span class='ocr_line' id='line_1_23' title="bbox 562 2862 2592 2946; baseline 0.002 -21"><span class='ocrx_word' id='word_1_183' title='bbox 562 2863 903 2941; x_wconf 86' lang='lat' dir='ltr'><strong>gnitionis</strong></span> <span class='ocrx_word' id='word_1_184' title='bbox 931 2863 1431 2927; x_wconf 87' lang='lat' dir='ltr'><strong>beneficiorum</strong></span> <span class='ocrx_word' id='word_1_185' title='bbox 1461 2862 1613 2943; x_wconf 90' lang='lat' dir='ltr'><strong>ejus</strong></span> <span class='ocrx_word' id='word_1_186' title='bbox 1640 2880 1817 2943; x_wconf 90' lang='lat' dir='ltr'><strong>erga</strong></span> <span class='ocrx_word' id='word_1_187' title='bbox 1846 2882 1925 2928; x_wconf 92' lang='lat' dir='ltr'><strong>se</strong></span> <span class='ocrx_word' id='word_1_188' title='bbox 1956 2874 2434 2946; x_wconf 90' lang='lat' dir='ltr'><strong>consequutus</strong></span> <span class='ocrx_word' id='word_1_189' title='bbox 2464 2877 2592 2929; x_wconf 90' lang='lat' dir='ltr'><strong>est.</strong></span> 
     </span>
    </p>

    <p class='ocr_par' dir='ltr' id='par_1_4' title="bbox 564 2969 3046 4446">
     <span class='ocr_line' id='line_1_24' title="bbox 686 2969 3032 3054; baseline 0 -21"><span class='ocrx_word' id='word_1_190' title='bbox 686 2971 826 3033; x_wconf 90' lang='grc'><strong>441.</strong></span> <span class='ocrx_word' id='word_1_191' title='bbox 916 2969 1279 3034; x_wconf 86' lang='lat' dir='ltr'><strong>Efficiebat</strong></span> <span class='ocrx_word' id='word_1_192' title='bbox 1324 2979 1563 3034; x_wconf 90' lang='lat' dir='ltr'><strong>autem</strong></span> <span class='ocrx_word' id='word_1_193' title='bbox 1614 2971 1837 3035; x_wconf 90' lang='lat' dir='ltr'><strong>nostri</strong></span> <span class='ocrx_word' id='word_1_194' title='bbox 1890 2973 2130 3053; x_wconf 90' lang='lat' dir='ltr'><strong>templi</strong></span> <span class='ocrx_word' id='word_1_195' title='bbox 2182 2974 2514 3053; x_wconf 87' lang='lat' dir='ltr'><strong>angustia</strong></span> <span class='ocrx_word' id='word_1_196' title='bbox 2558 2982 2656 3051; x_wconf 91' lang='lat' dir='ltr'><strong>ut,</strong></span> <span class='ocrx_word' id='word_1_197' title='bbox 2703 2974 3032 3054; x_wconf 91' lang='lat' dir='ltr'><strong>quamvis</strong></span> 
     </span>
     <span class='ocr_line' id='line_1_25' title="bbox 564 3076 3030 3159; baseline 0 -18"><span class='ocrx_word' id='word_1_198' title='bbox 564 3077 766 3141; x_wconf 89' lang='lat' dir='ltr'><strong>multi</strong></span> <span class='ocrx_word' id='word_1_199' title='bbox 795 3078 867 3140; x_wconf 89' lang='lat' dir='ltr'><strong>in</strong></span> <span class='ocrx_word' id='word_1_200' title='bbox 888 3095 973 3140; x_wconf 94' lang='lat' dir='ltr'><strong>eo</strong></span> <span class='ocrx_word' id='word_1_201' title='bbox 995 3076 1627 3156; x_wconf 88' lang='lat' dir='ltr'><strong>communicarent,</strong></span> <span class='ocrx_word' id='word_1_202' title='bbox 1654 3078 1775 3141; x_wconf 91' lang='lat' dir='ltr'><strong>alii</strong></span> <span class='ocrx_word' id='word_1_203' title='bbox 1798 3079 1893 3143; x_wconf 89' lang='lat' dir='ltr'><strong>ad</strong></span> <span class='ocrx_word' id='word_1_204' title='bbox 1923 3079 2062 3143; x_wconf 88' lang='lat' dir='ltr'><strong>alia</strong></span> <span class='ocrx_word' id='word_1_205' title='bbox 2080 3080 2239 3143; x_wconf 90' lang='lat' dir='ltr'><strong>loca</strong></span> <span class='ocrx_word' id='word_1_206' title='bbox 2264 3080 2776 3144; x_wconf 90' lang='lat' dir='ltr'><strong>communionis</strong></span> <span class='ocrx_word' id='word_1_207' title='bbox 2797 3080 3030 3159; x_wconf 86' lang='lat' dir='ltr'><strong>gratia</strong></span> 
     </span>
     <span class='ocr_line' id='line_1_26' title="bbox 564 3181 3030 3265; baseline 0.001 -18"><span class='ocrx_word' id='word_1_208' title='bbox 564 3184 1020 3262; x_wconf 90' lang='lat' dir='ltr'><strong>accederent,</strong></span> <span class='ocrx_word' id='word_1_209' title='bbox 1055 3195 1131 3246; x_wconf 90' lang='lat' dir='ltr'><strong>ut</strong></span> <span class='ocrx_word' id='word_1_210' title='bbox 1170 3181 1541 3247; x_wconf 89' lang='lat' dir='ltr'><strong>multitudo</strong></span> <span class='ocrx_word' id='word_1_211' title='bbox 1587 3202 1857 3264; x_wconf 90' lang='lat' dir='ltr'><strong>eorum,</strong></span> <span class='ocrx_word' id='word_1_212' title='bbox 1903 3186 2021 3265; x_wconf 92' lang='lat' dir='ltr'><strong>qui</strong></span> <span class='ocrx_word' id='word_1_213' title='bbox 2070 3184 2160 3257; x_wconf 84' lang='lat' dir='ltr'><strong>ad</strong></span> <span class='ocrx_word' id='word_1_214' title='bbox 2207 3186 2585 3250; x_wconf 88' lang='lat' dir='ltr'><strong>conciones</strong></span> <span class='ocrx_word' id='word_1_215' title='bbox 2623 3187 3030 3263; x_wconf 90' lang='lat' dir='ltr'><strong>accedebat,</strong></span> 
     </span>
     <span class='ocr_line' id='line_1_27' title="bbox 574 3291 3034 3373; baseline 0.001 -20"><span class='ocrx_word' id='word_1_216' title='bbox 574 3291 703 3353; x_wconf 85' lang='lat' dir='ltr'><strong>vix</strong></span> <span class='ocrx_word' id='word_1_217' title='bbox 738 3292 1175 3371; x_wconf 87' lang='lat' dir='ltr'><strong>permitteret</strong></span> <span class='ocrx_word' id='word_1_218' title='bbox 1225 3301 1301 3355; x_wconf 95' lang='lat' dir='ltr'><strong>ut</strong></span> <span class='ocrx_word' id='word_1_219' title='bbox 1343 3292 1605 3356; x_wconf 89' lang='lat' dir='ltr'><strong>ibidem</strong></span> <span class='ocrx_word' id='word_1_220' title='bbox 1643 3293 1845 3356; x_wconf 91' lang='lat' dir='ltr'><strong>multi</strong></span> <span class='ocrx_word' id='word_1_221' title='bbox 1899 3293 2266 3356; x_wconf 90' lang='lat' dir='ltr'><strong>commode</strong></span> <span class='ocrx_word' id='word_1_222' title='bbox 2316 3293 2842 3357; x_wconf 88' lang='lat' dir='ltr'><strong>communicare</strong></span> <span class='ocrx_word' id='word_1_223' title='bbox 2881 3311 3034 3373; x_wconf 88' lang='lat' dir='ltr'><strong>pos-</strong></span> 
     </span>
     <span class='ocr_line' id='line_1_28' title="bbox 566 3398 3039 3481; baseline 0.001 -20"><span class='ocrx_word' id='word_1_224' title='bbox 566 3409 745 3462; x_wconf 90' lang='lat' dir='ltr'><strong>sent.</strong></span> <span class='ocrx_word' id='word_1_225' title='bbox 780 3398 1000 3461; x_wconf 87' lang='lat' dir='ltr'><strong>Erant</strong></span> <span class='ocrx_word' id='word_1_226' title='bbox 1030 3409 1271 3462; x_wconf 91' lang='lat' dir='ltr'><strong>autem</strong></span> <span class='ocrx_word' id='word_1_227' title='bbox 1310 3399 1557 3479; x_wconf 90' lang='lat' dir='ltr'><strong>aliqui,</strong></span> <span class='ocrx_word' id='word_1_228' title='bbox 1590 3399 1845 3480; x_wconf 93' lang='lat' dir='ltr'><strong>quibus</strong></span> <span class='ocrx_word' id='word_1_229' title='bbox 1875 3400 2289 3465; x_wconf 89' lang='lat' dir='ltr'><strong>discessisse</strong></span> <span class='ocrx_word' id='word_1_230' title='bbox 2328 3419 2371 3464; x_wconf 93' lang='lat' dir='ltr'><strong>a</strong></span> <span class='ocrx_word' id='word_1_231' title='bbox 2399 3402 2716 3481; x_wconf 87' lang='lat' dir='ltr'><strong>peccatis</strong></span> <span class='ocrx_word' id='word_1_232' title='bbox 2755 3401 3039 3480; x_wconf 85' lang='lat' dir='ltr'><strong>gravio-</strong></span> 
     </span>
     <span class='ocr_line' id='line_1_29' title="bbox 568 3504 3044 3588; baseline 0.001 -20"><span class='ocrx_word' id='word_1_233' title='bbox 568 3504 763 3567; x_wconf 90' lang='lat' dir='ltr'><strong>ribus</strong></span> <span class='ocrx_word' id='word_1_234' title='bbox 793 3522 933 3569; x_wconf 91' lang='lat' dir='ltr'><strong>non</strong></span> <span class='ocrx_word' id='word_1_235' title='bbox 965 3506 1139 3569; x_wconf 86' lang='lat' dir='ltr'><strong>satis</strong></span> <span class='ocrx_word' id='word_1_236' title='bbox 1170 3516 1345 3584; x_wconf 89' lang='lat' dir='ltr'><strong>erat,</strong></span> <span class='ocrx_word' id='word_1_237' title='bbox 1400 3506 1525 3569; x_wconf 88' lang='lat' dir='ltr'><strong>sed</strong></span> <span class='ocrx_word' id='word_1_238' title='bbox 1566 3506 1657 3569; x_wconf 90' lang='lat' dir='ltr'><strong>ad</strong></span> <span class='ocrx_word' id='word_1_239' title='bbox 1710 3506 2232 3588; x_wconf 89' lang='lat' dir='ltr'><strong>assequendum</strong></span> <span class='ocrx_word' id='word_1_240' title='bbox 2273 3506 2729 3588; x_wconf 89' lang='lat' dir='ltr'><strong>perfectionis</strong></span> <span class='ocrx_word' id='word_1_241' title='bbox 2769 3507 3044 3588; x_wconf 91' lang='lat' dir='ltr'><strong>apicem</strong></span> 
     </span>
     <span class='ocr_line' id='line_1_30' title="bbox 568 3613 3046 3696; baseline 0.002 -21"><span class='ocrx_word' id='word_1_242' title='bbox 568 3630 711 3676; x_wconf 88' lang='lat' dir='ltr'><strong>non</strong></span> <span class='ocrx_word' id='word_1_243' title='bbox 754 3613 1045 3693; x_wconf 89' lang='lat' dir='ltr'><strong>segnius</strong></span> <span class='ocrx_word' id='word_1_244' title='bbox 1074 3630 1286 3694; x_wconf 87' lang='lat' dir='ltr'><strong>quam</strong></span> <span class='ocrx_word' id='word_1_245' title='bbox 1330 3615 1451 3693; x_wconf 90' lang='lat' dir='ltr'><strong>qui</strong></span> <span class='ocrx_word' id='word_1_246' title='bbox 1504 3615 1575 3677; x_wconf 89' lang='lat' dir='ltr'><strong>in</strong></span> <span class='ocrx_word' id='word_1_247' title='bbox 1630 3615 2081 3678; x_wconf 90' lang='lat' dir='ltr'><strong>monasteriis</strong></span> <span class='ocrx_word' id='word_1_248' title='bbox 2118 3616 2450 3695; x_wconf 85' lang='lat' dir='ltr'><strong>religiose</strong></span> <span class='ocrx_word' id='word_1_249' title='bbox 2478 3616 2734 3679; x_wconf 82' lang='lat' dir='ltr'><strong>vivunt</strong></span> <span class='ocrx_word' id='word_1_250' title='bbox 2775 3615 3046 3696; x_wconf 89' lang='lat' dir='ltr'><strong>aspira-</strong></span> 
     </span>
     <span class='ocr_line' id='line_1_31' title="bbox 570 3718 3042 3802; baseline 0.002 -21"><span class='ocrx_word' id='word_1_251' title='bbox 570 3720 773 3798; x_wconf 88' lang='lat' dir='ltr'><strong>bant,</strong></span> <span class='ocrx_word' id='word_1_252' title='bbox 806 3728 877 3782; x_wconf 89' lang='lat' dir='ltr'><strong>et</strong></span> <span class='ocrx_word' id='word_1_253' title='bbox 906 3718 1247 3800; x_wconf 91' lang='lat' dir='ltr'><strong>quidquid</strong></span> <span class='ocrx_word' id='word_1_254' title='bbox 1275 3720 1431 3783; x_wconf 93' lang='lat' dir='ltr'><strong>Deo</strong></span> <span class='ocrx_word' id='word_1_255' title='bbox 1463 3731 1751 3801; x_wconf 88' lang='lat' dir='ltr'><strong>gratum</strong></span> <span class='ocrx_word' id='word_1_256' title='bbox 1780 3720 1934 3785; x_wconf 88' lang='lat' dir='ltr'><strong>sore</strong></span> <span class='ocrx_word' id='word_1_257' title='bbox 1963 3722 2474 3802; x_wconf 87' lang='lat' dir='ltr'><strong>intelligebant,</strong></span> <span class='ocrx_word' id='word_1_258' title='bbox 2508 3722 2601 3798; x_wconf 91' lang='lat' dir='ltr'><strong>id,</strong></span> <span class='ocrx_word' id='word_1_259' title='bbox 2647 3724 2858 3786; x_wconf 79' lang='lat' dir='ltr'><strong>vellet</strong></span> <span class='ocrx_word' id='word_1_260' title='bbox 2897 3724 3042 3785; x_wconf 88' lang='lat' dir='ltr'><strong>nol-</strong></span> 
     </span>
     <span class='ocr_line' id='line_1_32' title="bbox 570 3827 3038 3909; baseline 0.002 -20"><span class='ocrx_word' id='word_1_261' title='bbox 570 3828 665 3889; x_wconf 90' lang='lat' dir='ltr'><strong>let</strong></span> <span class='ocrx_word' id='word_1_262' title='bbox 694 3827 999 3891; x_wconf 90' lang='lat' dir='ltr'><strong>mundus</strong></span> <span class='ocrx_word' id='word_1_263' title='bbox 1032 3837 1153 3890; x_wconf 90' lang='lat' dir='ltr'><strong>aut</strong></span> <span class='ocrx_word' id='word_1_264' title='bbox 1186 3844 1376 3907; x_wconf 89' lang='lat' dir='ltr'><strong>caro,</strong></span> <span class='ocrx_word' id='word_1_265' title='bbox 1411 3846 1627 3908; x_wconf 90' lang='lat' dir='ltr'><strong>opere</strong></span> <span class='ocrx_word' id='word_1_266' title='bbox 1660 3829 1916 3909; x_wconf 88' lang='lat' dir='ltr'><strong>exequi</strong></span> <span class='ocrx_word' id='word_1_267' title='bbox 1948 3846 2088 3893; x_wconf 90' lang='lat' dir='ltr'><strong>non</strong></span> <span class='ocrx_word' id='word_1_268' title='bbox 2119 3830 2560 3895; x_wconf 86' lang='lat' dir='ltr'><strong>omittebant.</strong></span> <span class='ocrx_word' id='word_1_269' title='bbox 2597 3830 2744 3895; x_wconf 91' lang='lat' dir='ltr'><strong>Nec</strong></span> <span class='ocrx_word' id='word_1_270' title='bbox 2783 3830 2869 3895; x_wconf 89' lang='lat' dir='ltr'><strong>de</strong></span> <span class='ocrx_word' id='word_1_271' title='bbox 2899 3849 3038 3895; x_wconf 92' lang='lat' dir='ltr'><strong>uno</strong></span> 
     </span>
     <span class='ocr_line' id='line_1_33' title="bbox 570 3935 3040 4018; baseline 0.003 -23"><span class='ocrx_word' id='word_1_272' title='bbox 570 3942 695 3997; x_wconf 91' lang='lat' dir='ltr'><strong>aut</strong></span> <span class='ocrx_word' id='word_1_273' title='bbox 724 3935 949 3998; x_wconf 91' lang='lat' dir='ltr'><strong>altero</strong></span> <span class='ocrx_word' id='word_1_274' title='bbox 980 3935 1160 3998; x_wconf 89' lang='lat' dir='ltr'><strong>haec</strong></span> <span class='ocrx_word' id='word_1_275' title='bbox 1193 3935 1388 3998; x_wconf 89' lang='lat' dir='ltr'><strong>dicta</strong></span> <span class='ocrx_word' id='word_1_276' title='bbox 1418 3937 1932 4017; x_wconf 88' lang='lat' dir='ltr'><strong>intelligantur;</strong></span> <span class='ocrx_word' id='word_1_277' title='bbox 1959 3955 2101 4001; x_wconf 91' lang='lat' dir='ltr'><strong>non</strong></span> <span class='ocrx_word' id='word_1_278' title='bbox 2131 3940 2343 4018; x_wconf 84' lang='lat' dir='ltr'><strong>pauci</strong></span> <span class='ocrx_word' id='word_1_279' title='bbox 2371 3939 2557 4002; x_wconf 91' lang='lat' dir='ltr'><strong>enim</strong></span> <span class='ocrx_word' id='word_1_280' title='bbox 2585 3956 2719 4003; x_wconf 89' lang='lat' dir='ltr'><strong>nec</strong></span> <span class='ocrx_word' id='word_1_281' title='bbox 2756 3939 3040 4003; x_wconf 89' lang='lat' dir='ltr'><strong>infimae</strong></span> 
     </span>
     <span class='ocr_line' id='line_1_34' title="bbox 573 4040 3036 4126; baseline 0.002 -23"><span class='ocrx_word' id='word_1_282' title='bbox 573 4040 995 4106; x_wconf 91' lang='lat' dir='ltr'><strong>conditionis</strong></span> <span class='ocrx_word' id='word_1_283' title='bbox 1025 4051 1229 4105; x_wconf 87' lang='lat' dir='ltr'><strong>erant</strong></span> <span class='ocrx_word' id='word_1_284' title='bbox 1256 4042 1694 4122; x_wconf 88' lang='lat' dir='ltr'><strong>hujusmodi,</strong></span> <span class='ocrx_word' id='word_1_285' title='bbox 1729 4045 1986 4124; x_wconf 90' lang='lat' dir='ltr'><strong>quibus</strong></span> <span class='ocrx_word' id='word_1_286' title='bbox 2015 4046 2077 4108; x_wconf 92' lang='lat' dir='ltr'><strong>si</strong></span> <span class='ocrx_word' id='word_1_287' title='bbox 2107 4046 2276 4126; x_wconf 90' lang='lat' dir='ltr'><strong>quid</strong></span> <span class='ocrx_word' id='word_1_288' title='bbox 2307 4046 2596 4109; x_wconf 87' lang='lat' dir='ltr'><strong>adversi</strong></span> <span class='ocrx_word' id='word_1_289' title='bbox 2634 4046 3036 4121; x_wconf 87' lang='lat' dir='ltr'><strong>accidisset,</strong></span> 
     </span>
     <span class='ocr_line' id='line_1_35' title="bbox 568 4146 3042 4233; baseline 0.002 -22"><span class='ocrx_word' id='word_1_290' title='bbox 568 4146 820 4228; x_wconf 76' lang='lat' dir='ltr'><strong>maiori</strong></span> <span class='ocrx_word' id='word_1_291' title='bbox 850 4166 926 4212; x_wconf 90' lang='lat' dir='ltr'><strong>se</strong></span> <span class='ocrx_word' id='word_1_292' title='bbox 955 4150 1172 4211; x_wconf 91' lang='lat' dir='ltr'><strong>animi</strong></span> <span class='ocrx_word' id='word_1_293' title='bbox 1190 4149 1611 4213; x_wconf 88' lang='lat' dir='ltr'><strong>liberalitate</strong></span> <span class='ocrx_word' id='word_1_294' title='bbox 1642 4160 1711 4213; x_wconf 90' lang='lat' dir='ltr'><strong>et</strong></span> <span class='ocrx_word' id='word_1_295' title='bbox 1728 4151 2088 4215; x_wconf 86' lang='lat' dir='ltr'><strong>hilaritate</strong></span> <span class='ocrx_word' id='word_1_296' title='bbox 2102 4150 2255 4215; x_wconf 92' lang='lat' dir='ltr'><strong>Deo</strong></span> <span class='ocrx_word' id='word_1_297' title='bbox 2283 4151 2672 4217; x_wconf 78' lang='lat' dir='ltr'><strong>offerebant</strong></span> <span class='ocrx_word' id='word_1_298' title='bbox 2701 4170 2914 4233; x_wconf 89' lang='lat' dir='ltr'><strong>quam</strong></span> <span class='ocrx_word' id='word_1_299' title='bbox 2945 4153 3042 4215; x_wconf 88' lang='lat' dir='ltr'><strong>fa-</strong></span> 
     </span>
     <span class='ocr_line' id='line_1_36' title="bbox 571 4254 3041 4335; baseline 0.002 -18"><span class='ocrx_word' id='word_1_300' title='bbox 571 4255 705 4317; x_wconf 90' lang='lat' dir='ltr'><strong>cile</strong></span> <span class='ocrx_word' id='word_1_301' title='bbox 737 4255 879 4319; x_wconf 89' lang='lat' dir='ltr'><strong>dici</strong></span> <span class='ocrx_word' id='word_1_302' title='bbox 907 4256 1153 4335; x_wconf 89' lang='lat' dir='ltr'><strong>possit.</strong></span> <span class='ocrx_word' id='word_1_303' title='bbox 1198 4254 1571 4319; x_wconf 86' lang='lat' dir='ltr'><strong>Matronae</strong></span> <span class='ocrx_word' id='word_1_304' title='bbox 1606 4274 1899 4321; x_wconf 89' lang='lat' dir='ltr'><strong>suorum</strong></span> <span class='ocrx_word' id='word_1_305' title='bbox 1933 4270 2232 4323; x_wconf 90' lang='lat' dir='ltr'><strong>mortem</strong></span> <span class='ocrx_word' id='word_1_306' title='bbox 2273 4260 2634 4324; x_wconf 91' lang='lat' dir='ltr'><strong>moderate</strong></span> <span class='ocrx_word' id='word_1_307' title='bbox 2665 4260 2850 4323; x_wconf 87' lang='lat' dir='ltr'><strong>serre</strong></span> <span class='ocrx_word' id='word_1_308' title='bbox 2881 4277 3041 4323; x_wconf 90' lang='lat' dir='ltr'><strong>con·</strong></span> 
     </span>
     <span class='ocr_line' id='line_1_37' title="bbox 566 4362 3044 4446; baseline 0.001 -21"><span class='ocrx_word' id='word_1_309' title='bbox 566 4370 682 4425; x_wconf 86' lang='lat' dir='ltr'><strong>tra</strong></span> <span class='ocrx_word' id='word_1_310' title='bbox 708 4380 975 4426; x_wconf 88' lang='lat' dir='ltr'><strong>morem</strong></span> <span class='ocrx_word' id='word_1_311' title='bbox 1005 4362 1155 4444; x_wconf 88' lang='lat' dir='ltr'><strong>ejus</strong></span> <span class='ocrx_word' id='word_1_312' title='bbox 1185 4362 1380 4426; x_wconf 89' lang='lat' dir='ltr'><strong>urbis</strong></span> <span class='ocrx_word' id='word_1_313' title='bbox 1421 4362 1845 4443; x_wconf 90' lang='lat' dir='ltr'><strong>didicerant,</strong></span> <span class='ocrx_word' id='word_1_314' title='bbox 1875 4382 2042 4428; x_wconf 89' lang='lat' dir='ltr'><strong>narn</strong></span> <span class='ocrx_word' id='word_1_315' title='bbox 2070 4367 2270 4446; x_wconf 90' lang='lat' dir='ltr'><strong>prius</strong></span> <span class='ocrx_word' id='word_1_316' title='bbox 2301 4367 2774 4432; x_wconf 89' lang='lat' dir='ltr'><strong>miserabilem</strong></span> <span class='ocrx_word' id='word_1_317' title='bbox 2797 4367 2870 4430; x_wconf 89' lang='lat' dir='ltr'><strong>in</strong></span> <span class='ocrx_word' id='word_1_318' title='bbox 2901 4384 3044 4431; x_wconf 93' lang='lat' dir='ltr'><strong>mo·</strong></span> 
     </span>
    </p>
   </div>
   <div class='ocr_carea' id='block_1_3' title="bbox 576 4538 975 4549">
    <p class='ocr_par' dir='ltr' id='par_1_5' title="bbox 576 4538 975 4549">
     <span class='ocr_line' id='line_1_38' title="bbox 576 4538 975 4549; baseline 0 843"><span class='ocrx_word' id='word_1_319' title='bbox 576 4538 975 4549; x_wconf 95' lang='lat' dir='ltr'><strong> </strong></span> 
     </span>
    </p>
   </div>
   <div class='ocr_carea' id='block_1_4' title="bbox 573 4637 3046 4755">
    <p class='ocr_par' dir='ltr' id='par_1_6' title="bbox 573 4637 3046 4755">
     <span class='ocr_line' id='line_1_39' title="bbox 657 4637 3046 4699; baseline 0.004 -20"><span class='ocrx_word' id='word_1_320' title='bbox 657 4637 675 4670; x_wconf 81' lang='lat'>¹</span> <span class='ocrx_word' id='word_1_321' title='bbox 733 4638 1042 4683; x_wconf 74' lang='lat' dir='ltr'><strong>homimbus</strong></span> <span class='ocrx_word' id='word_1_322' title='bbox 1073 4639 1234 4682; x_wconf 82' lang='lat' dir='ltr'><strong>habet</strong></span> <span class='ocrx_word' id='word_1_323' title='bbox 1264 4650 1374 4691; x_wconf 65' lang='lat' dir='ltr'><strong>ms„</strong></span> <span class='ocrx_word' id='word_1_324' title='bbox 1396 4640 1486 4683; x_wconf 86' lang='lat' dir='ltr'><strong>sed</strong></span> <span class='ocrx_word' id='word_1_325' title='bbox 1522 4651 1669 4686; x_wconf 85' lang='lat' dir='ltr'><strong>error</strong></span> <span class='ocrx_word' id='word_1_326' title='bbox 1700 4640 2006 4685; x_wconf 73' lang='lat' dir='ltr'><strong>manirestus</strong></span> <span class='ocrx_word' id='word_1_327' title='bbox 2030 4642 2442 4687; x_wconf 53' lang='lat' dir='ltr'><strong>videtum-Vide</strong></span> <span class='ocrx_word' id='word_1_328' title='bbox 2461 4654 2648 4698; x_wconf 78' lang='lat' dir='ltr'><strong>supra,</strong></span> <span class='ocrx_word' id='word_1_329' title='bbox 2670 4650 2708 4687; x_wconf 87' lang='lat' dir='ltr'><strong>t.</strong></span> <span class='ocrx_word' id='word_1_330' title='bbox 2730 4654 2784 4695; x_wconf 86' lang='lat' dir='ltr'><strong>n,</strong></span> <span class='ocrx_word' id='word_1_331' title='bbox 2807 4652 2927 4699; x_wconf 72' lang='lat' dir='ltr'><strong>pag.</strong></span> <span class='ocrx_word' id='word_1_332' title='bbox 2945 4643 3046 4695; x_wconf 77' lang='lat'><strong>535,</strong></span> 
     </span>
     <span class='ocr_line' id='line_1_40' title="bbox 573 4710 952 4755; baseline -0.003 0"><span class='ocrx_word' id='word_1_333' title='bbox 573 4722 661 4755; x_wconf 84' lang='lat' dir='ltr'><strong>nn.</strong></span> <span class='ocrx_word' id='word_1_334' title='bbox 682 4710 762 4755; x_wconf 83' lang='grc'><strong>287</strong></span> <span class='ocrx_word' id='word_1_335' title='bbox 782 4718 834 4755; x_wconf 87' lang='lat' dir='ltr'><strong>et</strong></span> <span class='ocrx_word' id='word_1_336' title='bbox 852 4711 952 4755; x_wconf 76' lang='lat'><strong>289.</strong></span> 
     </span>
    </p>
   </div>
  </div>
 </body>
</html>
