3742 5392
728 464 846 521 224
1659 461 1913 522 Cimon.
1956 459 2110 519 Soc.
2151 460 2290 534 Jns.

852 606 993 672 500.
1083 608 1471 673 Admonuit
1518 609 1732 672 etiam
1773 606 1847 669 Ρ.
1903 604 2222 685 Ignatius
2270 605 2356 669 de
2408 606 2645 686 aliqua
2685 602 3204 685 significatione

734 716 1213 797 gratitudiniS,
1261 716 1464 796 Juxta
1511 714 1891 780 Societatis
1940 713 2510 790 constitutioneS,
2565 728 2740 792 erga
2787 711 3204 777 fundatores

736 826 1197 904 collegiorum
1225 823 1508 888 Siciliae
1540 822 1940 885 exhibenda
1963 870 1977 899 ,
2011 833 2082 884 et
2110 830 2525 900 pergratum
2563 820 2695 884 fuit
2725 820 2917 901 quod
2945 838 3200 901 sugge-

734 934 1041 1009 rebatur,
1068 932 1399 1013 quamvis
1429 931 1515 994 de
1543 931 1819 993 ratione
1843 927 2053 1009 hujus
2082 928 2540 1007 gratitudinis
2565 937 2711 990 tam
2741 944 2916 1007 erga
2947 926 3200 993 funda-

733 1052 923 1103 tores
962 1056 1175 1119 quam
1216 1038 1708 1102 benefactores
1750 1037 2200 1113 dubitabant,
2233 1044 2303 1099 et
2339 1052 2471 1098 suo
2499 1035 2658 1098 loco
2701 1035 2995 1099 inferius
3034 1036 3200 1117 quid

732 1148 1192 1210 constitutum
1220 1145 1432 1209 fuerit
1463 1145 1762 1209 dicetur.

847 1252 989 1316 501.
1076 1254 1153 1316 P.
1188 1252 1601 1316 Desiderius
1632 1251 2108 1329 GerardinUS,
2142 1250 2616 1329 lotharingius
2652 1248 2701 1328 ¹,
2737 1250 2921 1313 male
2962 1248 3200 1313 admo-

727 1362 894 1424 dum
926 1362 997 1424 in
1028 1360 1269 1425 Sicilia
1298 1360 1561 1423 habere
1594 1360 1851 1440 coepit,
1881 1370 1950 1422 et
1980 1359 2308 1422 eamdem
2338 1358 2535 1437 sequi
2564 1358 2782 1435 viam,
2814 1372 3029 1436 quam
3058 1355 3192 1419 Ro-

725 1470 969 1532 bertus
988 1470 1245 1547 galluS,
1270 1468 1405 1530 hoc
1430 1484 1617 1530 anno
1640 1466 2016 1530 Messanae
2041 1474 2362 1529 mortuus
2384 1463 2431 1540 ⁸,
2454 1464 2852 1527 videbatur.
2878 1462 2957 1527 P.
2985 1464 3197 1527 etiam

726 1576 1037 1639 Annibal
1064 1575 1152 1638 de
1182 1555 1566 1652 CoudretO,
1599 1574 1865 1636 Rector
1895 1573 2192 1652 Collegii
2231 1571 2712 1635 Messanensis
2749 1580 2818 1633 et
2858 1570 3067 1633 simul
3105 1572 3196 1634 le-

722 1661 881 1746 ctor
911 1682 1335 1757 ordinariuS,
1372 1680 1649 1744 difficile
1680 1698 1755 1744 se
1779 1682 2072 1762 putabat
2109 1681 2390 1761 utrique
2419 1679 2695 1743 muneri
2735 1694 2944 1759 posse
2984 1678 3186 1741 satis-

720 1790 977 1868 facere,
1015 1807 1173 1853 cum
1200 1789 1553 1852 interdum
1576 1789 1791 1851 etiam
1813 1786 2382 1851 concionandum
2404 1794 2614 1849 esset:
2647 1785 2884 1864 itaque
2913 1783 3000 1847 de
3025 1801 3196 1864 ope·-

701 1896 930 1959 -rariis
958 1896 1033 1959 in
1062 1894 1377 1959 Siciliam
1416 1895 1913 1959 submittendis
1953 1895 2045 1958 ad
2085 1893 2390 1973 collegia
2428 1902 2674 1955 vetera
2711 1888 3066 1953 fulcienda
3113 1900 3186 1953 et

722 2022 913 2066 nova
941 2002 1346 2065 inchoanda
1376 2002 1453 2065 P.
1488 2000 1960 2065 Provincialis
1989 2002 2178 2064 serio
2210 2000 2469 2080 agebat
2498 1998 2543 2061 ⁸.

839 2109 979 2173 502.
1068 2110 1159 2189 Is,
1191 2127 1353 2173 cum
1383 2127 1626 2172 mense
1668 2108 2054 2172 Novembri
2093 2108 2300 2172 simul
2341 2126 2504 2171 cum
2543 2107 2884 2189 Pro-rege
2925 2111 3192 2174 Panor-

723 2232 912 2280 mum
940 2216 1227 2295 rediret,
1259 2225 1407 2279 tam
1436 2216 1777 2293 Catanae‚
1805 2233 2021 2296 quam
2047 2216 2234 2295 apud
2256 2216 2641 2281 Leontinos
2664 2214 2708 2297 ⁴,
2740 2234 2954 2297 quam
2977 2219 3192 2282 etiam

720 2326 790 2388 in
821 2324 993 2388 urbe
1017 2324 1565 2403 Calatagironae
1598 2333 1667 2386 et
1696 2322 2024 2387 Alicatae
2055 2322 2078 2355 ¹⁵
2106 2324 2457 2402 quaedam
2485 2324 2767 2404 pietatis
2798 2343 3014 2406 opera
3046 2342 3188 2388 non

718 2431 958 2511 exigui
988 2432 1324 2495 momenti
1349 2431 1734 2509 inchoavit,
1771 2448 1977 2512 quae,
2005 2431 2172 2511 quia
2193 2431 2533 2495 Panormi
2557 2432 2878 2496 ultimam
2900 2450 3189 2495 manum

716 2548 921 2603 erant
960 2538 1323 2617 habitura,
1368 2556 1529 2602 cum
1574 2538 1644 2601 id
1682 2538 2006 2618 sequenti
2045 2555 2232 2600 anno
2273 2538 2541 2602 factum
2579 2538 2826 2619 fuerit,
2873 2539 2964 2602 ad
3013 2556 3179 2603 eum

716 2649 893 2709 haec
924 2646 1261 2715 tractatio
1292 2646 1671 2725 rejicietur.

832 2753 977 2817 503.
1063 2754 1416 2818 Intellexit
1446 2752 1763 2832 Pro-rex,
1798 2753 2112 2835 Joa-nnes
2143 2752 2230 2817 de
2270 2753 2504 2833 Vega,
2557 2752 2746 2834 quod
2789 2754 3176 2833 periculum

710 2870 869 2924 erat
904 2878 993 2923 ne
1033 2861 1109 2924 P.
1155 2860 1583 2924 Franciscus
1613 2860 1699 2923 de
1729 2860 1995 2939 Borgia
2025 2860 2426 2924 Cardinalis
2457 2872 2854 2941 crearetur,
2889 2872 2958 2925 et
2987 2863 3179 2924 nullo

714 2967 922 3031 modo
954 2986 1112 3030 eam
1151 2967 1571 3046 dignitatem
1617 2967 1707 3029 ab
1738 2983 1823 3029 eo
1865 2966 2376 3030 admittendam
2407 2984 2566 3031 esse
2605 2970 2962 3032 censebat.
2996 2968 3175 3031 Con-

708 3074 1075 3137 solabatur
1107 3085 1349 3137 tamen
1378 3092 1539 3137 eum
1568 3083 1640 3136 et
1668 3073 2198 3137 Provincialem
2219 3073 2408 3154 quod
2435 3075 2628 3138 nullo
2652 3075 2862 3138 modo
2891 3091 3050 3139 earn
3074 3076 3172 3138 vi-

710 3182 995 3245 deretur
1044 3181 1506 3259 admissurus;
1560 3190 1629 3243 et
1678 3190 1920 3243 tamen
1959 3181 2407 3243 intellexerat
2449 3181 2525 3245 P.
2578 3179 3048 3246 provincialis
3090 3202 3178 3247 ex

712 3287 970 3368 aliqu0,
998 3289 1118 3369 qui
1138 3287 1225 3351 de
1249 3305 1372 3351 ore
1389 3287 1749 3351 Pontificis
1775 3288 2124 3367 audierat,
2153 3288 2341 3367 quod
2359 3288 2420 3351 si
2443 3290 2662 3352 nollet
2680 3289 2831 3369 ipse
2854 3290 2929 3353 P.
2957 3290 3176 3354 Fran·

706 3396 965 3472 ciscuS,
998 3411 1363 3475 nunquam
1392 3394 1717 3458 Pontifex
1746 3395 1819 3457 in
1842 3394 2109 3458 virtute
2135 3394 2579 3460 obedientiae
2601 3395 2740 3459 hoc
2770 3396 2870 3459 illi
2897 3406 3053 3460 erat
3076 3397 3174 3460 in·

704 3637 946 3681 absoluto
962 3637 1072 3691 jnm
1092 3646 1264 3691 opere,
1287 3637 1462 3680 nescio
1482 3646 1583 3690 qua
1604 3635 1666 3678 de
1686 3646 1847 3679 causa
1862 3668 1873 3687 .
1895 3640 2213 3680 commutato
2232 3635 2448 3679 consilio
2463 3668 2475 3691 ,
2497 3637 2599 3680 aiio
2621 3648 2676 3680 se
2697 3644 3028 3691 receperunt.
3050 3636 3178 3682 Tum

710 3710 845 3753 alter
864 3707 1147 3752 censorum
1165 3707 1391 3761 joannes
1410 3706 1636 3751 Bezerra
1656 3705 1937 3751 Socletatis
1955 3706 2363 3751 studiosissimus
2379 3740 2390 3757 ,
2415 3708 2672 3751 Achillem
2701 3709 2966 3753 admonuit
2981 3742 2992 3763 ,
3013 3717 3071 3754 ut
3092 3720 3184 3754 va-

709 3792 860 3825 cuam
878 3780 1082 3824 domum
1104 3779 1335 3833 Collegio
1356 3780 1767 3834 conjungendam
1785 3790 1818 3823 a
1840 3778 1984 3833 Rege
2006 3784 2226 3833 peteret.
2250 3778 2490 3823 Polliceri
2510 3791 2567 3823 se
2583 3812 2594 3833 ,
2617 3792 2735 3825 eum
2755 3782 3171 3835 impetraturum.

707 3852 937 3895 Achilles
959 3851 1014 3894 P.
1035 3850 1284 3903 Joannem
1306 3850 1536 3905 Pegnam
1570 3852 1619 3895 in
1652 3850 1958 3905 Hispaniam
1994 3850 2184 3902 mittit,
2217 3852 2304 3905 qui
2339 3862 2453 3895 eam
2485 3862 2595 3895 rem
2615 3852 2984 3897 conficiendam
3005 3857 3174 3897 curet.

706 3922 929 3967 Bezerra
948 3922 1345 3973 officiosissimae
1365 3923 1432 3967 ad
1452 3923 1650 3966 Ducem
1671 3922 1859 3966 Feriae
1880 3922 2091 3967 litteras
2112 3923 2160 3966 ei
2181 3924 2346 3967 tradit
2359 3955 2371 3977 ,
2393 3924 2577 3977 quibus
2607 3924 2797 3968 merita
2817 3924 3093 3969 Societatis
3127 3925 3176 3969 in

702 3994 940 4049 Regnum
955 4027 967 4048 ,
988 4002 1041 4039 et
1062 3994 1257 4049 Regem
1278 3995 1489 4049 exponit
1504 4028 1516 4049 ,
1538 4002 1591 4039 et
1614 3994 1821 4049 Pegnae
1852 3994 2120 4047 negotium
2152 4004 2373 4049 mag-nae
2405 3995 2504 4039 sibi
2525 4006 2680 4038 curae
2716 4007 2846 4051 esse,
2869 3997 3036 4040 docet.
3060 3996 3176 4041 Dux

704 4065 908 4119 Feriae,
929 4066 1015 4121 qui
1035 4066 1310 4121 plurimum
1327 4068 1504 4121 gratia
1525 4066 1660 4121 apud
1682 4065 1880 4120 Regem
1909 4066 2138 4118 pollebat
2157 4098 2168 4113 .
2193 4065 2423 4120 Pegnam
2447 4077 2562 4111 cum
2593 4068 2754 4121 regiis
2785 4068 2978 4112 litteris
3011 4068 3176 4123 pridie

703 4137 962 4182 calendas
976 4137 1005 4191 J
1008 4138 1156 4182 unias
1178 4136 1419 4182 Mantuae
1436 4136 1852 4192 Carpetanorum
1867 4136 2024 4192 datis,
2041 4138 2228 4182 stetim
2245 4138 2480 4192 dimittit,
2503 4139 2686 4193 quibus
2709 4140 2817 4183 Rex
2839 4150 2956 4183 eam
2972 4141 3176 4185 domum

702 4210 992 4253 liberaliter
1013 4209 1242 4263 collegio
1264 4209 1631 4254 Panormitano
1654 4210 1846 4263 absque
1876 4210 1982 4253 ullo
2003 4220 2159 4253 onere
2191 4210 2361 4253 addici
2389 4210 2624 4265 jubebat.
2646 4210 2880 4255 Achilles
2909 4212 3018 4255 voti
3040 4222 3172 4255 com-

702 4292 797 4334 pos
824 4292 886 4324 eo
919 4281 1127 4326 scholas
1160 4281 1439 4335 transfert,
1470 4288 1522 4325 et
1556 4280 1774 4335 collegii
1806 4281 2077 4335 angustias
2111 4282 2316 4335 luzan„
2337 4282 2637 4335 Adoneus,
2662 4283 2695 4325 l.
2717 4293 2775 4336 c.‚
2805 4290 2956 4337 parte
2989 4284 3180 4338 prima,

698 4363 822 4406 «cap.
841 4362 933 4407 vn,
956 4365 1005 4397 n.
1024 4363 1103 4397 xx.

784 4422 802 4455 ¹
860 4422 994 4468 Vide
1012 4435 1189 4479 supra,
1211 4436 1331 4479 pag.
1355 4424 1449 4480 198,
1468 4436 1519 4468 n.
1540 4424 1638 4468 ⁴27.

783 4494 805 4525 ²
859 4494 994 4539 Vide
1013 4506 1191 4551 supra,
1212 4508 1334 4551 pag.
1360 4496 1453 4551 196,
1476 4508 1526 4540 n.
1546 4497 1644 4542 422.

782 4567 806 4596 ³
858 4566 985 4622 Egit
1004 4574 1181 4612 autem
1203 4568 1253 4611 id
1268 4600 1281 4620 ,
1302 4568 1366 4611 de
1386 4579 1484 4623 quo
1504 4580 1675 4613 sermo
1694 4568 1868 4613 factus
1887 4575 1968 4613 est
1987 4580 2168 4624 snpra,
2192 4580 2312 4624 pag.
2333 4572 2429 4625 212,
2451 4582 2502 4615 n.
2520 4570 2618 4615 472.

781 4639 804 4669 ⁴
856 4638 1112 4691 Leontini,
1133 4638 1407 4684 Leontium
1430 4640 1745 4695 Ptolomaeo,
1767 4640 2010 4694 Lentim,
2025 4644 2151 4686 urbs
2174 4641 2382 4686 Siciliae
2403 4643 2660 4698 quondam
2680 4644 2925 4689 maxima.

784 4712 807 4741 ³
865 4710 1094 4763 Alicata,
1116 4712 1237 4755 olim
1264 4710 1416 4755 Gela.
