3742 5392
1602 493 1726 552 ΑΝ.
1772 494 1914 552 1554
2897 494 3000 553 157

510 641 665 704 rius
692 638 977 721 quidem
1007 640 1371 705 Cardinali
1399 640 1831 720 suggerebat
1862 651 2148 704 nostros
2178 642 2253 704 in
2279 640 2705 704 necessitate
2729 640 2984 705 consti-

518 756 709 810 tutos
737 762 897 809 esse
916 796 931 825 ,
964 756 1034 809 et
1064 747 1377 811 creditur
1415 748 1607 828 quod
1644 749 1711 810 ei
1752 746 2186 811 commiserit
2216 764 2304 810 ne
2343 747 2592 810 deesse
2621 747 2725 811 eis
2755 764 2994 811 neces-

514 854 710 918 saria
739 864 1136 934 pateretur;
1173 854 1501 934 quamvis
1534 853 1603 915 id
1634 853 1918 917 interim
1947 871 2090 916 non
2121 853 2602 935 publicaretur
2640 871 2731 918 ne
2761 854 2882 917 alii
2921 855 2995 918 in

512 960 988 1041 eleemosynis
1043 961 1516 1041 suggerendis
1580 960 2136 1040 negligentiores
2189 960 2677 1025 redderentur.
2721 961 2996 1025 Civitas

518 1066 673 1148 ipsa
702 1068 990 1147 scripsit
1018 1067 1382 1131 Cardinali
1432 1077 1509 1131 ut
1556 1077 1847 1131 curaret
1899 1068 2174 1147 aliquos
2213 1066 2503 1130 stabiles
2547 1067 2816 1131 reditus
2855 1070 2993 1131 col·

518 1174 703 1254 legio
734 1174 1231 1255 applicandos;
1278 1175 1405 1238 sed
1444 1193 1531 1238 eo
1568 1185 1888 1256 tempore
1937 1174 2114 1237 nihil
2159 1184 2269 1237 est
2319 1173 2674 1237 effectum.
2707 1173 2990 1251 Postea,

514 1298 677 1345 cum
734 1282 1079 1361 paulatim
1130 1281 1542 1346 viderentur
1604 1299 1747 1345 non
1806 1298 1966 1345 esse
2030 1281 2290 1345 facturi
2342 1282 2529 1362 quod
2595 1281 2996 1345 Cardinalis

508 1402 967 1467 speraverat,
1002 1390 1328 1469 ipsemet,
1361 1398 1437 1453 ut
1470 1388 1820 1453 videbitur
1851 1406 1981 1451 suo
2026 1390 2216 1465 1000,
2259 1406 2506 1451 curam
2543 1390 2732 1453 hanc
2767 1399 2991 1453 totam

514 1497 848 1577 suscepit.
885 1495 1191 1576 Quidam
1217 1506 1454 1560 tamen
1483 1496 1663 1559 civis
1694 1498 2014 1576 locuples
2044 1511 2302 1574 agrum
2331 1495 2731 1576 quemdam,
2759 1497 2832 1560 in
2855 1514 2996 1577 quo

512 1620 655 1665 non
684 1604 947 1682 exigua
976 1604 1125 1666 vini
1168 1614 1236 1667 et
1284 1603 1620 1667 frumenti
1657 1604 1865 1684 copia
1909 1602 2414 1683 proveniebat,
2461 1604 2726 1666 nostris
2765 1602 2994 1667 fruen-

512 1708 683 1773 dum
714 1710 1005 1788 obtulit,
1040 1722 1111 1773 et
1142 1710 1421 1774 firmum
1476 1728 1585 1787 se,
1627 1710 1691 1773 si
1738 1709 2037 1788 viveret,
2082 1708 2497 1773 relicturum
2548 1709 2993 1789 affirmand0‚

514 1818 847 1895 quamvis
876 1816 1359 1881 familiaritate
1390 1834 1553 1881 cum
1584 1816 1848 1880 nostris
1880 1814 2304 1895 conjunctus
2332 1835 2479 1880 non
2511 1826 2722 1879 esset.

634 1923 779 1987 319.
864 1922 980 1986 Ab
1010 1924 1260 1987 amicis
1288 1925 1810 2004 suggerebatur
1833 1923 2287 1988 cardinalem
2333 1923 2830 2001 Armellinum‚
2875 1942 2994 2004 pa·

514 2030 659 2093 tria
680 2028 1133 2109 Perusinum,
1158 2030 1305 2112 jam
1331 2032 1479 2095 vita
1500 2030 1820 2095 functum
1848 2028 1892 2109 ¹,
1913 2048 2077 2094 cum
2106 2030 2586 2095 constituisset
2603 2031 2678 2094 in
2699 2048 2784 2095 eo
2811 2031 2990 2108 loc0,

518 2154 729 2217 quem
759 2139 983 2203 nostri
1014 2140 1381 2217 tenebant,
1416 2140 1796 2232 collegium
1838 2138 2118 2218 insigne
2153 2136 2530 2202 aedificare
2581 2138 2818 2220 (quus
2845 2138 2996 2202 sun·

518 2244 853 2307 damenta
883 2246 1328 2325 cernuntur),
1364 2246 1583 2310 multa
1613 2244 1830 2309 millia
1862 2245 2286 2309 ducatorum
2313 2245 2385 2309 in
2419 2254 2660 2309 monte
2683 2247 2992 2326 pietatiS,

517 2351 710 2432 quod
740 2350 866 2416 Sti.
902 2350 1197 2432 Georgii
1227 2352 1485 2417 dicitur
1502 2400 1517 2431 ,
1551 2352 1623 2416 in
1646 2352 1939 2415 civitate
1964 2352 2314 2431 genuensi
2350 2352 2672 2433 posuisse
2691 2402 2706 2431 ,
2733 2370 2822 2416 ex
2849 2353 2994 2433 qui-

518 2456 672 2538 bus,
704 2468 1081 2540 postquam
1111 2459 1304 2522 aucti
1332 2475 1553 2540 usque
1575 2459 1669 2522 ad
1690 2458 2076 2539 quamdam
2098 2466 2371 2521 certam
2393 2474 2802 2522 mensuram
2825 2458 2994 2522 fuis-

516 2575 704 2644 sent,
741 2582 917 2645 opus
940 2565 1132 2644 illud,
1168 2565 1358 2647 quod
1386 2566 1625 2630 animo
1650 2575 2142 2646 proposuerat,
2170 2563 2262 2627 ad
2285 2562 2617 2628 effectum
2639 2564 2992 2629 deducere

446 2752 459 2762 ·
518 2672 839 2751 volebat3
873 2683 941 2737 et
988 2674 1317 2754 quamvis
1366 2673 1521 2753 ipse
1567 2683 1870 2736 mortem
1923 2672 2126 2750 obiit,
2175 2690 2334 2735 eam
2381 2681 2620 2735 tamen
2651 2673 2994 2753 pecuniae

514 2796 867 2843 summam
897 2780 971 2842 in
1000 2790 1239 2843 monte
1269 2778 1397 2845 Sti.
1424 2778 1723 2859 Georgii
1744 2779 1978 2843 adbuc
2003 2795 2291 2842 manere
2313 2778 2706 2857 ferebatur;
2735 2790 2804 2842 et
2828 2796 2995 2842 cum

514 2895 1019 2950 testamentum
1047 2904 1189 2949 non
1221 2886 1618 2967 reliquisset
1648 2884 2054 2951 Cardinalis
2073 2886 2224 2964 ille,
2253 2902 2340 2949 ea
2361 2886 2667 2966 pecunia
2689 2885 2762 2949 in
2787 2903 2994 2949 usum

515 2992 817 3073 Collegii
831 2992 1177 3071 Perusini,
1204 2996 1320 3056 vel
1335 2991 1603 3057 reditus
1626 3010 1717 3056 ex
1740 3010 1825 3056 ea
1850 2992 2379 3072 provenientes,
2409 2992 2757 3072 applicari
2784 3010 2995 3073 posse

514 3099 914 3162 videbatur.
952 3098 1376 3163 Referebant
1407 3100 1625 3163 etiam
1663 3100 1990 3163 eumdem
2032 3098 2486 3163 Cardinalem
2524 3098 2998 3163 Armellinum

514 3194 559 3268 a
614 3204 906 3270 Summo
964 3203 1304 3269 Pontifice
1356 3204 1717 3270 Clemente
1785 3204 1920 3269 VII
1983 3205 2372 3269 obtinuisse
2441 3206 2993 3286 applicationem

512 3309 887 3392 cujusdam
917 3312 1300 3391 Abbatiae,
1356 3329 1571 3393 quam
1613 3311 1845 3376 Vallis
1899 3312 1985 3375 de
2014 3309 2236 3375 Ponte
2267 3322 2566 3389 vocant,
2615 3330 2838 3394 prope
2876 3312 2999 3375 Pe·

518 3420 785 3484 rusiam
814 3433 1088 3501 septem
1119 3422 1235 3483 vel
1279 3430 1441 3483 octo
1483 3420 1703 3484 millia
1744 3436 2086 3501 passuum
2109 3464 2124 3493 ‚
2179 3419 2254 3483 in
2304 3420 2653 3500 praedicti
2703 3419 3004 3499 Collegii

512 3544 753 3605 usum,
789 3526 991 3607 cujus
1023 3528 1227 3591 valor
1250 3527 1342 3590 ad
1372 3527 1563 3591 mille
1593 3526 2021 3590 ducatorum
2065 3541 2380 3589 annuum
2419 3526 2727 3589 reditum
2760 3543 3002 3589 ascen·

512 3634 761 3697 debat:
815 3634 1003 3697 hanc
1053 3631 1437 3697 Abbatiam
1488 3642 1738 3715 postea
1791 3650 1833 3696 a
1880 3632 2262 3697 Cardinale
2305 3631 2393 3695 de
2432 3632 2680 3697 Caesis
2723 3650 2810 3697 ac
2841 3632 3002 3714 Epi·

510 3759 731 3823 scopo
770 3740 1184 3819 Narniensi,
1227 3740 1378 3822 ejus
1420 3746 1711 3821 nepote,
1754 3738 1874 3819 qui
1906 3738 2056 3820 J'am
2103 3739 2507 3803 Cardinalis
2547 3751 2655 3803 est
2695 3739 2740 3820 ¹,
2786 3739 3004 3804 fuisse

595 3947 615 3980 ί
670 3946 964 3993 Cardinalis
982 3946 1295 3991 Franciscus
1319 3947 1636 3991 Armellinus
1656 3946 1883 3992 Medicen
1903 3947 2108 3992 obierat
2129 3956 2305 3990 meuse
2329 3944 2623 4001 Septembri
2647 3946 2768 3991 1527.
2788 3946 3005 3992 cneco·

510 4030 653 4075 mm,
687 4018 841 4063 Vitae
860 4021 914 4062 et
934 4030 1023 4063 res
1042 4022 1228 4072 gestae
1248 4018 1571 4073 Pontificum
1588 4050 1605 4073 ,
1624 4026 1663 4063 ι.
1682 4029 1723 4062 11
1740 4050 1753 4073 ,
1776 4017 2034 4063 not—De
2064 4028 2127 4061 eo
2157 4018 2234 4061 sic
2253 4016 2298 4060 N
2303 4028 2492 4061 ovans:
2516 4017 2844 4063 “Francesco
2863 4018 3004 4062 Pan-

514 4092 729 4141 ealasst.
759 4101 1007 4145 cognome
1040 4090 1139 4135 che
1174 4092 1335 4135 luscio
1357 4089 1405 4135 di
1428 4102 1519 4135 suo
1545 4091 1707 4145 padre
1724 4122 1735 4144 ,
1756 4096 2026 4135 mercante
2063 4090 2236 4135 fallite
2269 4088 2322 4133 di
2355 4088 2582 4145 Peracta
2598 4121 2611 4144 ,
2631 4098 2724 4146 per
2751 4088 3006 4146 prenuere

510 4164 685 4220 quello
704 4162 755 4208 dl
778 4163 1068 4207 armatum·
1085 4163 1135 4208 di
1165 4174 1233 4207 un
1272 4174 1365 4209 suo
1384 4163 1475 4207 Zlo
1508 4169 1759 4216 materno,
1778 4164 1828 4207 dl
1849 4163 1934 4207 eui
1961 4165 2106 4207 resto
2127 4160 2300 4217 erede,
2321 4174 2348 4205 e
2369 4173 2454 4217 pon
2483 4163 2656 4217 quello
2675 4163 2738 4207 de
2753 4163 2764 4185 ¹
2787 4162 3005 4217 Medici,

510 4246 607 4292 per
636 4236 670 4280 1·
688 4236 933 4279 adozlone
963 4235 1061 4280 che
1092 4236 1238 4280 dilui
1272 4236 1382 4279 fece
1417 4237 1454 4280 ll
1477 4235 1621 4290 Papa
1641 4235 1836 4289 (Leone
1860 4234 1936 4290 X)
1971 4236 2110 4279 nella
2143 4246 2238 4279 sua
2259 4234 2540 4288 ramicum„
2565 4233 2840 4281 Eumenen·
2859 4235 3004 4279 della

512 4308 685 4352 storia
706 4306 789 4351 ἀρ’
812 4309 1017 4351 sommi
1036 4307 1314 4363 Pontefici,
1334 4314 1373 4351 t.
1396 4316 1489 4361 vn,
1514 4318 1635 4361 pag.
1662 4309 1737 4352 191
1763 4314 1817 4352 et
1840 4307 1933 4351 192.
1969 4312 1990 4323 “

593 4379 619 4412 ⁸
670 4376 1025 4423 “Pa’erdonato
1058 4378 1391 4431 Cesi,noblle
1424 4378 1655 4423 Romano
1677 4380 1739 4423 de
1772 4378 1940 4423 Duchi
1973 4378 2020 4423 di
2045 4378 2441 4433 Aequasparta,
2475 4376 2546 4421 da.
2577 4376 2734 4424 Ptolo
2759 4378 2844 4431 ,111
2869 4380 3006 4423 fatto

512 4450 903 4505 Referendarlo,
924 4452 1007 4506 poi
1030 4450 1272 4495 vescovo
1299 4452 1351 4495 dl
1383 4450 1544 4495 Narni
1573 4452 1657 4495 nel
1680 4450 1813 4505 15⁸6,
1835 4451 1903 4496 da
1940 4449 2100 4494 Paolo
2131 4448 2207 4493 1v
2233 4448 2538 4493 Presidente
2559 4450 2610 4493 dl
2647 4448 2920 4503 Ravenna,
2939 4451 3007 4494 da

512 4522 609 4568 1³10
634 4521 713 4568 1v
742 4522 1051 4578 vicele-gato
1071 4524 1123 4568 di
1154 4522 1411 4577 Bologna,
1434 4522 1529 4567 che
1550 4523 1669 4567 dell·
1698 4533 1802 4567 una
1820 4534 1849 4566 e
1879 4522 2000 4567 dell’
2017 4522 2161 4567 altra
2188 4521 2323 4565 citt&
2352 4521 2396 4565 si
2427 4530 2544 4565 rese
2579 4522 2914 4575 benemerito,
2940 4523 3007 4567 da

512 4594 567 4641 S.
589 4596 681 4641 Plo
700 4594 753 4639 V
772 4595 979 4640 chet-ico
999 4595 1050 4640 dl
1072 4595 1296 4641 camera
1309 4628 1321 4647 ,
1342 4594 1388 4638 N
1392 4596 1541 4639 unzlo
1559 4594 1609 4639 a·
1632 4594 1861 4649 Principl
1883 4594 2116 4639 cattollci
2140 4604 2234 4648 per
2253 4595 2308 4637 la
2328 4592 2475 4647 Lege
2495 4598 2678 4637 contro
2699 4592 2714 4636 l
2738 4592 2950 4647 Tun-ehi,
2977 4606 3004 4637 e

506 4668 593 4723 pol
616 4678 649 4713 a
669 4665 826 4711 carlo
846 4664 919 4711 IX
941 4667 989 4711 di
1026 4666 1253 4712 Francia
1274 4678 1301 4710 e
1322 4666 1496 4721 qulndi
1532 4665 1688 4710 Prete
1723 4664 2002 4710 cardinale
2024 4664 2074 4710 dl
2097 4664 2149 4709 S.
2173 4665 2384 4719 Agnese
2415 4663 2468 4707 ln
2499 4663 2686 4709 Plana
2721 4662 2962 4709 Navona.
2983 4698 3006 4719 ,.

514 4738 751 4793 Novam,
770 4739 804 4783 l.
828 4750 891 4794 c.,
913 4744 952 4784 t.
976 4748 1066 4794 vn,
1087 4749 1208 4795 pag.
1230 4736 1612 4783 238.-Creatus
1636 4746 1717 4782 est
1741 4737 2040 4782 Cardinalis
2062 4736 2114 4781 17
2133 4736 2258 4791 Maii
2289 4735 2412 4781 1570.
