3742 5392
710 514 827 573 612
1633 517 1894 577 Canon.
1933 516 2092 577 Soc.
2131 516 2274 590 Jss.

712 664 1033 745 Collegio
1064 666 1357 729 admissi
1382 664 1669 743 fuerint,
1703 666 1962 745 viginti
1989 674 2268 728 tantum
2291 664 2360 728 in
2383 662 2740 728 Societate
2767 681 3176 744 persevera-

714 770 973 850 verint,
1006 772 1129 853 qui
1158 772 1419 853 partim
1446 770 1646 836 Goae
1664 821 1681 852 ,
1712 772 1974 852 partim
2011 772 2084 834 in
2117 772 2276 834 aliis
2304 772 2590 834 arcibus
2611 820 2626 849 ,
2657 771 2836 835 bene
2875 789 2952 834 se
2979 788 3183 851 gere-

714 879 909 959 bant;
942 880 1063 942 alii
1092 880 1183 943 ad
1213 880 1537 943 militiam
1566 881 2008 943 saecularem
2037 896 2116 942 se
2137 880 2614 957 contulerunt,
2639 880 2824 942 inter
2844 897 3024 959 quos
3055 880 3178 942 ali·

716 986 837 1065 qui
866 986 1055 1049 votis
1084 986 1365 1049 emissis
1385 1004 1463 1049 se
1484 985 1640 1050 Deo
1663 995 2290 1049 consecraverant.

843 1092 1019 1157 1424.
1104 1092 1295 1156 Inter
1319 1110 1579 1173 pueros
1598 1094 1780 1171 illos,
1806 1110 1990 1173 quos
2010 1094 2338 1173 superius
2357 1092 2691 1172 deimuS,
2710 1093 2948 1174 aliqua
2965 1095 3180 1157 valde

719 1200 1003 1264 subtilia
1018 1200 1307 1279 ingenia
1324 1200 1894 1277 instituebantur,
1919 1210 1990 1263 et
2015 1200 2232 1281 aliqui
2254 1200 2580 1263 fortassis
2603 1219 2694 1263 ex
2715 1202 2820 1263 eis
2839 1203 3182 1281 temporis

717 1323 1055 1370 successu
1078 1307 1497 1370 admittendi
1516 1306 1964 1370 videbantur.
1991 1305 2340 1386 Quamvis
2360 1317 2598 1371 autem
2622 1326 2710 1369 ex
2735 1307 2870 1385 his,
2897 1308 3018 1387 qui
3043 1308 3182 1370 hoc

718 1430 908 1477 anno
938 1414 1009 1475 in
1034 1412 1303 1476 Indiam
1326 1424 1825 1493 pervenerunt,
1852 1412 2272 1476 confirmata
2293 1412 2426 1477 suit
2450 1414 2920 1495 quorumdam
2941 1432 3034 1477 ex
3055 1432 3176 1477 no—

717 1521 887 1584 stris
928 1520 1243 1599 suspicio
1286 1520 1477 1601 quod
1516 1539 1607 1584 ex
1648 1519 2090 1601 Portugallia
2129 1538 2272 1583 non
2309 1521 2754 1583 mitterentur
2797 1522 2868 1583 in
2909 1521 3186 1584 Indiam

718 1628 855 1691 nisi
884 1628 1005 1709 qui
1032 1646 1287 1709 parum
1315 1628 1523 1692 utiles
1550 1646 1635 1691 eo
1666 1628 1737 1691 in
1766 1643 1990 1708 regno
2021 1628 2518 1705 censebantur;
2563 1628 2698 1691 hoc
2729 1637 2968 1691 tamen
2995 1628 3172 1690 affir-

720 1744 868 1799 mat
889 1734 1077 1799 idem
1098 1735 1501 1812 Baithasar‚
1527 1736 1715 1816 quod
1738 1733 2140 1814 hujusmodi
2169 1735 2506 1798 debilium
2533 1735 3024 1815 operariorum
3053 1736 3183 1798 mi-

720 1842 1013 1921 nisterio
1044 1844 1415 1923 praeclara
1447 1852 1741 1906 eatenus
1770 1841 2021 1905 fuisset
2049 1842 2400 1905 Dominus
2431 1851 2786 1922 operatus.

844 1948 1019 2012 1425.
1106 1948 1665 2013 Constitutiones
1694 1966 2141 2030 summopere
2171 1950 2619 2029 expetebant,
2652 1966 2956 2028 quarum
3001 1949 3184 2013 odor

718 2066 993 2121 tantum
1046 2056 1063 2087 ¹
1114 2075 1257 2120 uon
1306 2058 1807 2138 poenitendum
1853 2058 2036 2120 inter
2078 2068 2366 2121 nostros
2413 2057 2722 2120 fructum
2769 2058 3061 2137 protulit
3111 2068 3184 2121 et

721 2164 893 2244 ipsis
933 2180 1089 2227 esse
1132 2163 1343 2227 valde
1379 2165 1825 2228 necessarias
1865 2166 1995 2242 ait,
2041 2182 2130 2227 ne
2173 2163 2482 2246 quadam
2527 2166 2764 2244 specie
2808 2164 3184 2228 charitatis

720 2272 1079 2347 commoti,
1114 2290 1157 2333 a
1185 2272 1475 2353 proprio
1504 2272 1831 2337 Instituto
1861 2272 2298 2348 recederent,
2333 2280 2402 2335 et
2432 2288 2652 2335 onera
2691 2272 3043 2351 quaedam
3079 2272 3188 2334 illi

720 2396 975 2459 parum
1005 2395 1319 2443 consona
1349 2377 1685 2442 subirent.
1718 2376 2140 2458 Hujusmodi
2169 2396 2325 2442 esse
2349 2380 2445 2441 ait
2477 2388 2781 2459 quatuor
2803 2376 3186 2441 confrater·

717 2486 981 2549 nitates
1030 2502 1073 2547 a
1110 2484 1186 2548 P.
1230 2485 1553 2565 Gaspare
1597 2486 1988 2566 instituta5‚
2033 2486 2284 2567 quibus
2321 2487 2547 2549 nostri
2591 2487 2868 2565 aliquas
2917 2485 3182 2548 Missas

716 2592 934 2656 etiam
963 2602 1290 2656 cantatas
1319 2591 1555 2655 dicere
1585 2592 2038 2671 tenebantur,
2073 2592 2328 2673 quibus
2357 2594 2471 2657 ille
2511 2592 2858 2655 charitate
2888 2592 3180 2655 fervens

720 2698 931 2763 Pater
958 2698 1349 2763 non-semel
1378 2699 1569 2762 intra
1604 2698 2128 2762 hebdomadam
2165 2698 2755 2777 concionabatur;
2787 2708 2858 2762 et
2896 2716 2986 2762 ex
3017 2697 3178 2761 aliis

720 2806 1043 2886 plurimis
1072 2806 1530 2870 concionibus
1562 2803 1735 2886 [tum
1764 2804 1998 2886 festis]
2031 2815 2180 2868 tum
2208 2806 2540 2886 profestis
2570 2806 2848 2883 diebuS,
2898 2818 2968 2869 et
3011 2806 3180 2886 quia

718 2922 969 2978 votum
1019 2914 1338 2978 emisisse
1380 2913 1745 2977 dicebatur
1796 2931 1874 2976 se
1923 2930 2311 2993 numquam
2357 2923 2785 2993 negaturum
2835 2913 3186 2993 proximis

718 3038 1011 3101 operam
1040 3037 1269 3101 suam,
1303 3038 1433 3084 nec
1465 3020 1536 3083 in
1566 3019 2050 3101 spiritualibus
2076 3020 2620 3084 necessitatibus
2649 3021 2879 3084 necin
2911 3029 3177 3099 ternpo-

719 3126 1008 3205 ralibuS,
1042 3128 1114 3191 id
1145 3128 1393 3191 mortis
1438 3126 1661 3206 ipsius
1699 3128 2211 3190 accelerandae
2242 3144 2534 3190 causam
2565 3126 2781 3189 fuisse
2811 3128 2932 3191 ait.
2968 3126 3182 3207 Quin-

720 3252 857 3316 que
902 3234 1117 3299 etiam
1158 3235 1656 3314 processiones
1698 3234 2000 3315 singulis
2042 3234 2248 3297 annis
2291 3235 2482 3299 domi
2523 3232 2810 3314 fiebant;
2861 3235 3188 3313 singulae

720 3342 933 3405 etiam
966 3342 1588 3406 confraternitates
1618 3342 1942 3421 singulas
1981 3359 2190 3405 arcas
2222 3342 2310 3403 ad
2352 3342 2726 3421 pecuniam
2768 3341 3194 3405 mittendam.

722 3448 794 3510 in
823 3448 1129 3511 ecclesia
1160 3456 1403 3511 nostra
1431 3448 1809 3511 habebant.
1842 3446 2042 3510 Haec
2073 3456 2141 3510 et
2185 3447 2475 3527 similia,
2513 3465 2674 3511 cum
2703 3458 2991 3511 nostrae
3022 3463 3195 3510 con—

723 3554 1123 3618 stitutiones
1162 3554 1234 3617 in
1283 3552 1556 3617 Indiam
1597 3572 1739 3616 non
1788 3554 2302 3634 pervenissent,
2348 3563 2418 3616 et
2469 3572 2584 3617 res
2634 3554 2896 3635 alioqui
2948 3566 3188 3617 essent

722 3661 905 3743 piae,
939 3661 1012 3724 in
1034 3660 1611 3724 consuetudinem
1636 3660 1924 3724 inducta
1947 3660 2249 3739 fuerant,
2277 3672 2344 3723 et
2369 3661 2710 3741 paulatim
2733 3662 2914 3725 eain
2937 3661 3184 3725 desue-

724 3766 1042 3831 tudinem
1072 3766 1267 3829 abire
1299 3776 1421 3830 aut
1450 3766 1691 3829 statim
1720 3768 2074 3829 removeri
2104 3783 2368 3846 magna
2398 3785 2489 3831 ex
2519 3778 2722 3848 parte
2753 3768 3086 3848 oportuit.

850 3872 1024 3937 1426.
1113 3871 1269 3937 Rex
1290 3872 1790 3953 Portugalliae,
1817 3884 1893 3937 ut
1911 3874 2239 3954 superius
2256 3873 2566 3938 diximus
2581 3874 2627 3954 ',
2649 3876 2870 3939 multa
2887 3875 2957 3938 in
2983 3892 3200 3938 usum

724 3980 1105 4047 Societatis
1134 3990 1451 4059 nostrae,
1484 3998 1665 4062 quae
1698 3982 1768 4044 in
1799 3980 1999 4044 India
2039 3989 2408 4059 versatur,
2461 3990 2529 4044 et
2569 3982 2869 4045 aliorum
2911 3983 3190 4063 piorum

726 4106 1019 4171 operum
1063 4098 1546 4163 concesserat;
1596 4089 1721 4151 sed
1768 4090 1936 4170 quia
1979 4090 2259 4153 litterae
2301 4098 2624 4169 patentes
2663 4107 2789 4169 per
2829 4088 3193 4153 Cancella·

724 4198 906 4261 riam
938 4206 1007 4261 et
1037 4204 1340 4278 quatuor
1369 4195 1681 4275 registra
1708 4214 1853 4259 non
1884 4196 2350 4276 transierant,
2383 4214 2472 4259 ne
2501 4198 2654 4278 ipse
2694 4196 2978 4277 quidem
3021 4196 3191 4260 Pro—

726 4322 855 4369 rex
885 4321 1118 4369 novus
1149 4303 1237 4366 D.
1270 4302 1523 4367 Petrus
1552 4302 2065 4382 Mascaregnas
2095 4314 2256 4367 rata
2287 4321 2444 4367 esse
2476 4304 2733 4383 voluit3
2767 4313 2834 4367 et
2865 4305 3198 4385 quamvis

726 4429 893 4476 aere
920 4411 1150 4475 alieno
1181 4420 1674 4492 premerentur
1704 4411 1930 4474 nostri
1959 4416 2288 4489 goenseS,
2324 4410 2578 4492 quibus
2602 4412 2822 4474 multa
2847 4409 3196 4474 debeban-

814 4620 827 4652 ¹
888 4630 1105 4674 quarum
1128 4619 1253 4663 odor
1275 4624 1479 4663 tantum
1498 4650 1510 4672 ,
1532 4618 1563 4663 1.
1586 4629 1631 4661 e.
1654 4628 1875 4672 quarum
1892 4618 1980 4661 vel
2008 4618 2150 4661 aolus
2178 4616 2307 4660 odor
2338 4626 2429 4660 seu
2450 4616 2639 4661 notitia
2668 4615 2881 4660 contusa
2899 4614 3092 4661 hausta
3131 4628 3208 4661 ex

730 4690 812 4746 ils,
834 4702 964 4746 quae
986 4702 1051 4735 ex
1070 4690 1284 4744 Europa
1303 4691 1718 4745 pei-ferebantur,
1736 4700 1839 4735 non
1857 4686 2237 4746 poenitendum,
2257 4692 2358 4732 etc.

814 4762 838 4795 ¹
894 4760 1027 4807 Vide
1047 4773 1169 4817 pag.
1189 4762 1287 4819 56³,
1307 4772 1390 4807 nn.
1414 4760 1673 4807 12124217.
