3742 5392
1647 514 1775 574 An.
1821 516 1961 574 1554
2935 513 3030 573 181

569 662 745 724 tium
774 671 842 725 et
874 661 1127 725 crebro
1156 662 1245 725 ad
1274 672 1726 726 sacramenta
1767 661 2256 726 accedentium
2307 661 2432 725 vix
2460 662 2704 725 Nostri
2741 674 3032 741 possent

568 766 1017 848 satisfacere,
1070 769 1235 849 quia
1275 778 1344 832 et
1393 769 1695 832 aliorum
1746 769 2260 849 confessiones,
2314 768 2434 849 qui
2482 768 2714 831 rarius
2755 768 3032 831 confite-

566 876 857 952 bantur,
890 885 959 939 et
990 877 1253 940 multae
1282 894 1374 939 ex
1402 876 1539 939 illis
1566 878 1972 957 generales,
2009 886 2212 940 erant
2251 876 2677 954 audiendae,
2721 875 2880 937 ideo
2912 876 3028 936 ali-

566 1000 775 1061 quem
803 984 961 1046 loco
991 982 1069 1046 P.
1105 982 1439 1047 Andreae
1484 983 1570 1047 de
1616 983 1890 1047 Oviedo
1931 984 2280 1062 submitti,
2315 984 2434 1065 qui
2465 983 2745 1061 collegii
2784 999 3030 1045 curam

566 1089 891 1169 haberet,
924 1088 1167 1153 Nostri
1196 1090 1642 1171 Neapolitani
1674 1092 1926 1155 merito
1967 1091 2445 1170 postulabant.

685 1194 825 1261 382.
913 1194 1076 1261 Duo
1105 1197 1363 1261 milites
1392 1198 1673 1279 hispani
1700 1199 1773 1260 in
1796 1196 2226 1262 Societatem
2249 1196 2539 1260 admissi
2561 1194 2859 1275 Neapoli
2880 1195 3026 1257 sue-

566 1311 761 1382 runt,
787 1322 1086 1385 quorum
1112 1307 1292 1368 alter
1322 1304 1416 1368 ibi
1440 1305 1777 1383 substitit,
1808 1304 2072 1368 Torres
2096 1305 2404 1380 nomine,
2434 1305 2644 1379 alter,
2681 1301 3028 1383 qui-Joan-

566 1428 696 1474 nes
728 1410 1133 1491 Rodriguez
1183 1410 1582 1490 dicebatur,
1636 1412 1940 1476 Romam
1969 1414 2182 1476 venit.
2221 1411 2572 1475 Dominus
2604 1421 2841 1474 autem
2871 1410 3032 1471 Hit·-

571 1536 913 1598 ronymus
943 1518 1241 1600 VigneS,
1277 1520 1366 1582 ab
1390 1520 1546 1600 ipso
1569 1518 1718 1583 fere
1738 1521 1942 1583 initio
1966 1520 2263 1599 Collegii
2284 1518 2753 1598 Neapolitani,
2783 1518 2938 1581 Deo
2961 1518 3034 1579 in

570 1623 924 1688 Societate
948 1626 1221 1689 servire
1243 1628 1598 1704 voluerat,
1626 1637 1697 1689 et
1719 1626 1947 1690 eidem
1971 1644 2049 1690 se
2071 1636 2296 1690 totum
2319 1630 2836 1709 resignaverat,
2864 1634 3034 1687 voto

569 1732 859 1807 emiss03
894 1732 1022 1795 sed
1049 1731 1243 1796 Patri
1272 1732 1583 1813 Ignatio,
1611 1731 1815 1812 juxta
1848 1734 2220 1798 consilium
2244 1745 2683 1811 nostrorum,
2712 1734 2832 1813 qui
2853 1730 3031 1795 Nea-

569 1839 710 1919 poli
740 1840 1245 1920 versabantur,
1279 1842 1513 1904 visum
1556 1852 1663 1905 est
1712 1842 2046 1921 expedire
2095 1843 2326 1920 magis
2365 1852 2441 1905 ut
2489 1843 2776 1905 domum
2804 1850 3033 1921 pater-

570 1964 766 2025 nam,
801 1964 964 2010 cum
990 1956 1288 2029 uterque
1318 1966 1577 2029 parens
1605 1950 1815 2013 valde
1846 1949 2196 2013 senuisset
2229 1959 2298 2013 et
2335 1949 2486 2031 ejus
2518 1966 2734 2028 opera
2766 1947 3032 2026 indige-

572 2062 701 2132 ret,
736 2063 1191 2134 sustentaret,
1226 2068 1298 2119 et
1327 2056 1608 2120 interim
1639 2066 1933 2137 paratus
1963 2066 2178 2137 esset,
2217 2056 2806 2137 quandocumque
2838 2072 2881 2117 a
2910 2052 3032 2117 So-

572 2160 829 2223 cietate
858 2172 1308 2238 evocaretur,
1343 2164 1581 2226 omnia
1610 2164 2033 2244 relinquere.
2060 2162 2294 2243 Atque
2319 2164 2416 2226 ita
2441 2164 3032 2244 plurimosannos

567 2265 865 2348 Neapoli
893 2270 1039 2348 egit
1070 2287 1155 2332 ac
1187 2270 1559 2350 perutilem
1588 2272 1853 2334 nostris
1896 2289 2188 2352 operam
2217 2272 2512 2334 navavit
2546 2270 2588 2333 ¹.

687 2374 827 2437 383.
916 2375 1399 2457 Congregatio
1437 2378 1555 2440 illa
1605 2378 2098 2454 foeminarum,
2153 2396 2332 2457 quae
2374 2378 2672 2440 devotae
2703 2376 3036 2439 Nome'm's

566 2482 753 2562 Jesu
786 2482 1204 2547 dicebantur
1232 2486 1289 2562 ¹,
1323 2484 1395 2547 in
1445 2484 1928 2565 spiritualibus
1981 2503 2066 2548 ac
2094 2485 2232 2565 piis
2282 2484 2614 2564 operibus
2664 2484 2926 2547 utiliter
2959 2502 3036 2545 se

566 2590 1019 2668 exercebant,
1054 2602 1147 2669 et,
1178 2607 1320 2654 non
1351 2593 1674 2671 exemplo
1706 2594 1956 2671 solum,
1990 2592 2113 2655 sed
2146 2592 2441 2654 consilio
2465 2604 2534 2655 et
2561 2592 2858 2671 auxili0,
2894 2608 3029 2653 mo-

561 2697 875 2760 nasteria
906 2698 997 2760 ad
1018 2697 1599 2761 reformationem
1623 2698 1813 2761 vitae
1846 2699 2076 2777 magis
2100 2700 2542 2779 spiritualem
2566 2698 2936 2761 exhortari
2967 2710 3034 2759 et

556 2802 812 2881 juvare
842 2806 1057 2867 etiam
1083 2804 1510 2868 nitebantur.

680 2908 823 2973 384.
909 2910 1213 2974 Fructus
1244 2912 1459 2975 etiam
1508 2912 1809 2991 insignis
1860 2930 1951 2975 ex
1990 2911 2270 2975 traditis
2319 2912 2802 2991 spiritualibus
2831 2928 3026 2973 exer-

566 3017 753 3080 citiis
2865 3016 2886 3047 ³
2918 3036 3029 3080 ca-

564 3123 889 3202 piebatur
906 3174 921 3204 ,
944 3134 1011 3187 et
1032 3124 1169 3187 hoc
1193 3125 1387 3204 pium
1411 3143 1587 3206 opus
1601 3126 1849 3189 mediis
1875 3126 2230 3188 consuetis
2257 3124 2596 3189 adiuvare
2620 3136 3024 3205 coeperunt.

562 3242 638 3294 ut
668 3221 1109 3311 peccatrices
1139 3233 1591 3295 mulierculas
1630 3232 1820 3295 domi
1852 3249 2023 3295 suae
2062 3233 2494 3311 reciperent,
2540 3233 2767 3295 donec
2812 3233 2925 3294 vel
2957 3233 3028 3294 in

562 3338 1017 3401 matrimonio
1048 3340 1162 3401 vel
1192 3339 1264 3401 in
1296 3338 1760 3417 monasterio,
1816 3348 1937 3401 aut
1977 3340 2116 3401 alia
2161 3340 2455 3402 honesta
2509 3340 2700 3401 vitae
2753 3338 3028 3401 ratione

564 3446 696 3508 sibi
726 3445 887 3509 illae
920 3447 1455 3510 consuluissent.
1511 3447 1801 3510 Ineunte
1852 3463 2094 3509 mense
2121 3446 2331 3529 Junio
2377 3447 2609 3525 puella
2649 3447 3022 3527 quaedam,

560 3553 789 3616 minor
818 3553 1072 3633 viginti
1112 3552 1346 3632 anniS,
1389 3571 1601 3634 quam
1630 3564 1991 3633 parenteS,
2025 3554 2318 3616 nimium
2350 3553 2749 3631 crudeliter,
2779 3554 3027 3615 sexde-

562 3660 701 3723 cim
730 3676 1081 3723 annorum
1108 3660 1649 3739 prostituerant,
1677 3672 1743 3724 et
1774 3676 1933 3722 cum
1979 3672 2164 3723 esset
2206 3677 2468 3739 magna
2509 3660 3027 3739 pulchritudine

562 3776 853 3845 ornata,
889 3768 1149 3829 multos
1186 3767 1278 3830 ad
1316 3767 1755 3847 peccandum
1803 3769 2166 3844 movebat,
2203 3766 2570 3847 quusdam
2620 3785 2708 3830 ex
2751 3766 3028 3831 Nostris

558 3890 773 3953 opera
804 3874 896 3937 ad
924 3873 1156 3938 Deum
1183 3892 1567 3953 conversa,
1601 3875 1701 3954 ei,
1729 3892 1912 3955 quae
1935 3886 2264 3955 praeerat
2288 3874 2848 3953 Congregationi
2876 3892 3024 3937 mu-

561 3981 841 4059 lierum,
875 3981 1137 4045 tradita
1166 3979 1297 4045 fuit
1318 4030 1333 4061 ,
1387 3992 1761 4061 postquam
1811 3993 2108 4061 peccata
2161 3980 2488 4043 confessa
2540 3981 2820 4058 fuisset,
2856 3992 2924 4044 et
2959 3984 3024 4043 in

558 4086 825 4151 familia
854 4088 1353 4151 honestissima
1384 4088 1675 4151 honeste
1706 4106 1790 4151 ac
1822 4088 1936 4168 pie
1958 4089 2205 4151 vivere
2230 4088 2482 4167 coepit.
2515 4087 2630 4151 Ad
2655 4105 3025 4150 numerum

558 4342 679 4385 pag.
702 4330 997 4383 169.-Quod
1018 4342 1049 4374 a
1079 4328 1335 4375 Sacchino
1366 4328 1701 4374 confirmatur
1734 4331 1816 4374 hic
1840 4331 1906 4374 ad
1938 4341 2082 4374 oram
2115 4331 2340 4385 paginae
2371 4331 2656 4374 scribente:
2693 4330 2748 4373 P.
2785 4330 3024 4385 joannes

558 4402 817 4447 Nicolaus
839 4402 1079 4446 Petrella
1101 4402 1167 4445 de
1189 4402 1317 4445 Itro.

638 4474 656 4505 ¹
713 4472 1013 4529 Hieronymi
1036 4473 1197 4518 vines
1217 4474 1411 4517 fratres
1432 4474 1547 4526 duo,
1570 4472 1789 4517 Michael
1810 4481 1861 4517 et
1883 4472 2148 4518 Fabritius
2164 4504 2178 4525 ,
2201 4474 2516 4518 Societatem
2544 4475 2652 4528 jam
2675 4474 2768 4516 hoc
2791 4480 3022 4526 tempore¹

562 4546 766 4589 fuerant
795 4545 1032 4599 ingressi.
1057 4544 1247 4588 Eorum
1279 4545 1467 4588 mentio
1497 4544 1554 4588 fit
1586 4544 1781 4589 litteris
1800 4546 1866 4589 ad
1900 4544 2270 4600 Hieronymum
2292 4545 2430 4589 datis
2463 4545 2516 4587 2⁴
2541 4544 2713 4588 Martii
2748 4544 2867 4587 1554.
2891 4544 3020 4587 Vide

564 4616 752 4659 Carras
774 4617 840 4660 de
862 4615 971 4659 San
994 4615 1231 4669 [gnae-io,
1254 4624 1290 4660 t.
1315 4627 1385 4669 vi,
1408 4627 1529 4670 pag·-
1556 4616 1646 4661 117.

642 4688 664 4719 ²
720 4686 904 4742 Supra,
926 4698 1047 4742 pag.
1073 4688 1165 4741 174,
1188 4698 1235 4730 n.
1256 4686 1350 4731 367.

640 4760 663 4791 ⁵
718 4758 981 4813 Quaedam
1000 4758 1083 4802 hic
1108 4760 1270 4803 verba
1284 4758 1662 4815 desiderantur,
1684 4772 1833 4814 quae,
1850 4772 1964 4805 cum
1985 4762 2172 4805 charta
2187 4767 2482 4805 atramento
2495 4772 2722 4807 corrosa.
2745 4772 3004 4803 evanuere
