3742 5392
725 458 841 519 364
1657 460 1708 520 C
1715 467 1911 520 flaox.
1952 461 2106 521 Soc.
2146 461 2287 534 Jsss.

733 605 978 685 giosos
1019 616 1088 670 et
1125 607 1537 670 sacerdotes
1574 604 1780 685 hujus
1825 606 2191 670 doctrinae
2240 616 2571 670 auctores
2612 606 2981 685 haberent;
3031 623 3199 671 nam

735 712 858 792 illi,
893 713 1012 794 qui
1038 714 1110 775 in
1139 731 1216 777 se
1243 713 1418 795 ipsis
1445 714 1754 778 fructum
1785 724 2399 779 sacramentorum
2428 715 2995 795 experiebantur,
3028 713 3195 778 faci-

739 821 802 882 le
833 818 1356 885 dissuassorum
1395 820 1618 885 verba
1649 822 1937 885 veritati
1976 837 2118 884 non
2154 822 2361 885 inniti
2398 820 3097 900 animadvertebant;
3128 830 3199 883 et

739 926 930 1006 quod
956 936 1240 991 nos-tros
1268 927 1724 993 vehementer
1749 929 2120 993 recreabat
2140 928 2276 991 hoc
2300 936 2476 1007 erat,
2498 927 2685 1009 quod
2708 926 2857 1007 ‚iam
2877 927 3201 1010 frequen·

739 1032 839 1095 tia
869 1032 1396 1098 confessionum
1429 1036 1503 1098 in
1533 1036 1694 1099 aliis
1721 1036 1937 1099 etiam
1965 1034 2285 1099 ecclesiis
2312 1043 2595 1115 praeter
2620 1043 2941 1098 nostram
2960 1051 3199 1097 cerne-

739 1140 970 1216 batur;
1005 1148 1074 1203 et
1099 1158 1278 1221 gens
1319 1159 1428 1221 ea,
1472 1142 1736 1223 alioqui
1780 1141 2047 1220 durior,
2093 1150 2162 1205 et
2196 1142 2305 1205 sui
2346 1141 2693 1221 propositi
2728 1141 3083 1218 tenacior,
3132 1150 3203 1204 et

742 1246 835 1309 ad
864 1245 1314 1311 devotionem
1343 1266 1485 1311 non
1517 1248 1900 1311 admodum
1928 1264 2307 1329 propensa,
2342 1248 2641 1312 emolliri
2669 1248 2743 1311 in
2788 1247 2938 1310 dies
2966 1247 3201 1326 magis

738 1354 1185 1416 cernebatur.

861 1458 1003 1523 774.
1090 1460 1306 1523 Venit
1334 1462 1545 1544 Junio
1587 1479 1828 1525 mense
1866 1461 1942 1525 P.
1988 1460 2263 1526 Natalis
2293 1462 2974 1540 Caesaraugustam,
3010 1468 3202 1524 ante-

739 1572 956 1645 quam
986 1566 1341 1631 Gandiam
1373 1577 1443 1631 et
1483 1568 1892 1631 Valentiam
1935 1568 2270 1648 venisset,
2305 1579 2373 1631 et
2418 1583 2679 1646 magna
2722 1567 3204 1631 consolatione

740 1682 1030 1737 nostros
1062 1673 1391 1755 perfudit,
1423 1676 1862 1755 multumque
1902 1675 2246 1739 animavit
2276 1692 2419 1737 non
2471 1675 2699 1737 solum
2737 1675 3063 1753 exemplo
3101 1674 3201 1737 vi-

743 1790 880 1859 tae,
915 1790 983 1845 et
1015 1780 1385 1861 charitate,
1419 1799 1636 1863 quam
1665 1782 1990 1847 omnibus
2032 1782 2431 1861 exhibebat,
2477 1782 2603 1845 sed
2635 1781 3206 1861 promulgatione

737 1888 960 1971 etiam
992 1897 1061 1952 et
1090 1889 1564 1970 explicatione
1596 1889 2176 1954 constitutionum
2208 1897 2278 1952 et
2318 1888 2619 1970 privatis
2648 1888 3045 1968 colloquiis:
3082 1904 3199 1950 ve-

742 2005 998 2058 nerunt
1031 2012 1190 2059 cum
1223 1997 1377 2076 ipso
1407 1995 1483 2059 P.
1519 1994 1802 2076 Strada,
1838 2014 2067 2060 novus
2096 1994 2585 2074 Provincialis,
2620 2006 2687 2058 et
2716 1994 2792 2059 P.
2836 1992 3089 2058 Petrus
3117 1994 3207 2058 de

743 2101 1105 2181 TablareS,
1143 2103 1260 2183 qui
1289 2102 1620 2183 Pro-regi
1649 2102 2085 2183 Aragoniae,
2119 2103 2373 2166 Comiti
2396 2102 2745 2165 Melitensi
2770 2100 2812 2180 ¹,
2842 2102 3116 2166 amicus
3136 2108 3205 2164 et

745 2208 1028 2289 quidem
1075 2209 1282 2273 valde
1333 2210 1706 2274 familiaris
1754 2220 1909 2276 erat
1948 2209 1995 2289 ’;
2042 2210 2156 2273 hic
2204 2219 2440 2273 autem
2490 2209 2937 2272 utilissimam
2988 2206 3207 2273 fuisse

745 2315 1132 2394 provinciis
1179 2315 1567 2397 Hispaniae
1617 2316 1692 2380 P.
1737 2316 2015 2381 Natalis
2062 2316 2541 2398 praesentiam
2588 2314 3006 2393 affirmabat,
3057 2324 3209 2378 tum

740 2423 935 2501 quod
964 2423 1142 2486 lucis
1169 2424 1546 2503 plurimum
1577 2424 1648 2486 in
1679 2424 1812 2503 his,
1859 2441 2044 2504 quae
2074 2422 2163 2485 ad
2200 2422 2577 2487 Societatis
2616 2422 3015 2485 institutum
3052 2437 3204 2501 per-

747 2530 993 2605 tinent,
1037 2530 1408 2609 attulisset,
1455 2540 1604 2595 tum
1647 2531 1836 2611 quod
1882 2548 1997 2593 res
2037 2547 2283 2593 omnes
2320 2538 2733 2610 perspectas
2774 2528 3069 2606 habens,
3122 2526 3199 2590 P.

743 2634 1022 2715 Ignatio
1056 2655 1232 2701 voce
1261 2638 1434 2701 viva
1464 2638 1731 2702 referre
1766 2646 2050 2719 poterat
2092 2654 2575 2717 quaecumque
2619 2636 2711 2699 ad
2754 2649 3099 2716 personas
3138 2645 3209 2698 et

744 2744 1034 2822 negotia
1071 2742 1446 2808 Societatis
1488 2744 1972 2825 hispaniensis
2017 2743 2495 2825 pertinebant;
2537 2752 2607 2806 et
2644 2742 2760 2805 ubi
2799 2760 2875 2805 se
2918 2742 3204 2806 occasio

745 2849 1098 2913 obtulerat
1140 2850 1506 2914 doctrinae
1545 2860 1617 2914 et
1643 2851 2063 2931 prudentiae
2092 2848 2707 2927 demonstrandae,
2735 2865 3074 2928 magnam
3095 2865 3205 2911 sa-

741 2954 1222 3021 tisfactionem
1251 2957 1341 3020 ab
1371 2974 1455 3019 eo
1487 2957 1810 3025 relictam
1857 2974 2036 3022 esse.
2084 2956 2467 3020 Humilitas
2506 2965 2743 3020 autem
2782 2964 2853 3019 et
2890 2955 3000 3019 sui
3044 2972 3211 3019 con-

745 3073 1075 3145 temptuS,
1109 3064 1549 3145 simplicitaS,
1585 3074 1653 3128 et
1687 3064 2091 3129 obedientia
2120 3081 2295 3144 erga
2325 3063 2399 3127 P.
2434 3064 2810 3144 Ignatium,
2858 3080 3020 3126 cum
3049 3062 3209 3127 inti-

746 3188 863 3233 ma
893 3169 1046 3251 ejus
1065 3169 1461 3250 dilectione,
1495 3172 1947 3236 utilissimum
1973 3172 2047 3234 in
2076 3172 2213 3235 illis
2242 3171 2634 3251 provinciis
2662 3170 2944 3250 reliquit
2974 3187 3207 3233 exem·

745 3278 942 3357 plum
970 3276 1016 3337 ³.

867 3383 1008 3447 775.
1094 3384 1231 3449 Sed
1263 3387 1354 3449 ad
1382 3384 1457 3449 P.
1493 3384 1823 3450 Stradam
1854 3385 2237 3462 redeunde,
2272 3386 2501 3465 coepit
2530 3386 2645 3450 ille
2688 3402 2844 3449 sese
2874 3380 3209 3465 expedire

746 3500 823 3555 ut
851 3490 1379 3556 Barchinonam
1408 3492 1977 3573 progrederetur,
2011 3503 2221 3573 prout
2254 3492 2324 3555 P.
2360 3492 2633 3556 Natalis
2676 3494 2740 3556 ei
2779 3490 3207 3571 injunxerat;

749 3598 873 3661 sed
904 3598 1202 3662 Pro-rex
1233 3596 1256 3628 ⁸
1285 3617 1370 3662 ac
1402 3600 1657 3663 civitas
1686 3600 1804 3663 ubi
1835 3600 1907 3662 id
1937 3600 2303 3677 intellexit,
2334 3600 2761 3678 legationem
2784 3599 2876 3662 ad
2905 3615 3066 3661 eum
3086 3598 3213 3661 mi·

747 3704 840 3768 sit
869 3722 995 3784 per
1025 3706 1220 3769 viros
1250 3706 1628 3787 primarios
1658 3718 1733 3769 ut
1771 3706 1861 3769 ab
1894 3724 1977 3769 eo
2020 3706 2273 3769 devote
2316 3715 2637 3785 peterent
2684 3713 2761 3767 ut
2798 3705 3213 3769 subsisteret

833 4053 847 4085 ¹
907 4052 1074 4108 Hujus
1089 4054 1196 4109 jam
1218 4054 1426 4109 saepius
1445 4054 1638 4098 mentio
1661 4054 1802 4098 facta
1819 4060 1901 4098 est
1922 4064 2080 4109 supra
2096 4086 2107 4107 ,
2130 4060 2167 4097 t.
2189 4064 2227 4095 n
2248 4058 2302 4097 et
2324 4064 2405 4098 m.

829 4126 852 4156 ²
905 4126 962 4169 P.
987 4124 1172 4169 Petrus
1192 4125 1252 4169 de
1272 4125 1527 4169 Tablares
1558 4126 1606 4169 in
1640 4126 1868 4181 gratiam
1899 4124 2211 4179 praesertim
2240 4124 2453 4169 Comitis
2472 4126 2534 4169 de
2556 4124 2747 4175 Melito.
2770 4124 3067 4179 Aragoniae
3089 4123 3217 4167 Pro·

747 4198 916 4253 regis,
938 4196 1412 4252 Caesaraugustam
1434 4198 1531 4241 hoc
1553 4204 1784 4251 tempore
1815 4197 2001 4240 missus
2030 4203 2136 4249 est:
2158 4196 2289 4244 ideo.
2309 4208 2427 4241 cum
2460 4207 2559 4240 non
2591 4196 2657 4240 ad
2681 4196 3003 4250 Aragoniatn
3022 4195 3113 4239 sed
3144 4195 3214 4239 ad

751 4270 1106 4315 castellanam
1134 4270 1460 4325 provinciam
1493 4270 1781 4324 pertineret
1795 4300 1807 4321 ,
1827 4271 1896 4312 ab
1916 4268 2209 4313 obedientia
2230 4267 2575 4312 provincialis
2596 4268 2895 4321 Aragoniae
2924 4272 3215 4322 exemptus,

745 4341 844 4385 soli
867 4340 1250 4395 Commissario,
1271 4341 1419 4385 Patri
1441 4340 1734 4387 Francsssco.
1753 4341 2075 4395 subjacebat.
2096 4339 2208 4383 Hoc
2227 4346 2403 4383 autem
2424 4350 2455 4383 a
2485 4340 2543 4385 P.
2562 4339 2753 4384 Natale
2772 4338 3067 4383 ordinatum
3096 4348 3216 4381 con-

751 4412 980 4457 firmavit
1001 4412 1238 4468 Ignatiua
1257 4412 1449 4457 litteris
1469 4412 1537 4455 ad
1557 4411 1614 4455 P.
1631 4410 1888 4455 Tabiares
1909 4411 2047 4455 datis
2066 4410 2122 4455 2⁶
2140 4411 2381 4455 Octobris
2403 4410 2520 4454 155⁴.

832 4485 855 4517 ³
909 4484 1168 4537 Quantum
1187 4483 1432 4529 utilitatis
1452 4484 1535 4527 hic
1556 4483 1727 4527 Patris
1743 4482 1951 4527 Natalis
1970 4483 2225 4527 adventus
2240 4482 2522 4536 Hispaniae
2544 4488 2596 4526 et
2611 4481 2916 4526 Lusitaniae
2932 4481 3217 4537 proviaciis

747 4558 990 4604 attulerit
1008 4591 1019 4613 ,
1041 4564 1093 4602 et
1124 4557 1242 4613 quid
1274 4557 1338 4600 de
1371 4556 1553 4600 eodem
1571 4556 1732 4599 Patre
1752 4556 2008 4599 senserint
2029 4555 2295 4609 praecipui
2316 4554 2369 4597 in
2402 4555 2483 4598 his
2518 4554 2799 4609 provinciis
2820 4554 2968 4607 socii,
2990 4554 3043 4597 in
3064 4552 3217 4597 Nova

753 4631 908 4675 serie
927 4631 1242 4674 litterarum
1265 4628 1452 4672 Sancti
1471 4626 1680 4681 lgnam
1697 4627 2029 4682 perspicuum
2050 4626 2153 4671 fiet.

832 4705 856 4736 ⁴
909 4702 1149 4757 Inteuige
1170 4700 1471 4756 Aragoniae
1493 4700 1776 4753 Prot-egem
1791 4731 1802 4749 ,
1825 4698 2077 4743 Comitem
2100 4699 2161 4741 de
2182 4696 2375 4742 Mento.
