3742 5392
1637 485 1762 543 An.
1807 485 1947 544 1554
2912 483 3021 541 517

540 635 809 714 passim
838 649 1098 697 nomen
1128 631 1264 696 Dei
1297 631 1540 712 jnrare
1579 641 1650 694 et
1689 640 2141 709 sanctorum,
2183 631 2332 711 Jam
2360 630 2607 694 vilium
2653 630 3019 693 hominum

541 759 627 804 ac
657 741 1041 804 infelicium
1071 756 1228 802 esse
1258 738 1680 802 censebatur
1709 738 1771 800 si
1798 738 1873 800 in
1904 737 2224 817 ipsorum
2246 753 2368 800 ore
2392 735 2873 816 juramentum
2902 739 3015 800 de-

541 847 1125 930 prehenderetur.

671 953 847 1018 1093.
935 953 1433 1018 versabantur
1461 951 1692 1015 nostri
1718 951 1792 1014 in
1830 951 2164 1032 hospitali
2200 962 2271 1014 et
2317 951 2761 1015 mirabantur
2799 952 3016 1032 aliqui

543 1081 670 1126 cur
699 1078 843 1125 non
874 1061 1064 1142 apud
1093 1061 1402 1141 aliquem
1429 1075 1680 1122 eorum
1710 1059 2169 1137 diverterent,
2204 1074 2247 1121 a
2276 1058 2534 1139 quibus
2560 1059 2872 1139 hospitio
2896 1076 3014 1122 ex-

541 1170 730 1250 cepti
771 1169 1234 1262 libentissime
1283 1167 1602 1231 fuissent:
1654 1183 1746 1230 ex
1789 1167 2261 1247 eleemosynis
2304 1167 2666 1244 vivebant,
2719 1183 2897 1246 quas
2941 1167 3015 1230 in

544 1278 731 1341 diem
759 1286 1039 1340 tantum
1071 1275 1560 1339 admittebant.
1601 1273 1849 1354 Itaque
1891 1291 2054 1337 cum
2096 1274 2513 1354 suppetebat
2552 1273 2741 1354 quod
2784 1291 3012 1337 come·

551 1385 800 1448 derent
821 1433 835 1462 ,
871 1383 940 1446 id
971 1383 1470 1460 comedebant;
1506 1397 1670 1446 cum
1698 1380 1976 1457 deerat,
2010 1382 2127 1444 vel
2157 1381 2509 1462 patienter
2538 1380 3009 1452 abstinebant.

549 1492 660 1554 vel
698 1491 1078 1570 aliquando
1117 1509 1160 1552 a
1201 1489 1418 1553 certis
1459 1487 1884 1571 quibusdam
1921 1487 2247 1569 personis
2276 1488 2642 1568 petebant,
2675 1505 2845 1550 nam
2887 1504 3014 1568 per

547 1599 794 1662 urbem
822 1597 1230 1661 mendicare
1257 1615 1401 1660 non
1428 1596 1710 1674 licebat,
1737 1613 1825 1659 ne
1855 1595 2254 1660 confratres
2276 1594 2819 1659 Mesericordt‘ae
2840 1593 3011 1675 inju-

546 1706 732 1769 riam
761 1705 896 1768 sibi
923 1703 1078 1768 fieri
1107 1711 1595 1784 quererentur;
1629 1714 2069 1781 rogaverant
2099 1703 2289 1767 enim
2316 1711 2600 1766 nostros
2628 1720 2717 1765 ne
2750 1702 3011 1766 mendi-

545 1822 796 1876 carent
823 1829 953 1893 per
981 1811 1252 1888 urbem,
1278 1811 1437 1893 quia
1473 1812 1608 1891 ipsi
1633 1810 2043 1874 necessaria
2067 1810 2159 1874 ad
2180 1811 2450 1874 victum
2473 1809 3010 1873 subministrare

545 1919 904 1998 volebant;
951 1917 1076 1982 sed
1125 1919 1291 2000 quia
1336 1917 1424 1980 de
1468 1917 1674 1980 bonis
1720 1933 2115 1998 pauperum
2156 1916 2229 1980 id
2277 1916 2511 1980 daturi
2543 1913 3009 1997 [confratres]

547 2036 773 2099 erant,
804 2043 988 2105 quae
1017 2025 1156 2089 illis
1187 2023 1206 2055 ¹
1248 2025 1512 2105 alioqui
1551 2025 1961 2088 necessaria
2002 2035 2235 2099 erant,
2276 2042 2419 2088 non
2455 2024 2530 2087 id
2570 2021 2845 2104 [nostri]
2892 2023 3010 2087 ad·

563 2133 963 2198 mittebant.

669 2240 846 2304 1094.
934 2239 1114 2304 Cum
1143 2240 1338 2320 prius
1369 2238 1460 2302 ad
1490 2238 1970 2320 quadraginta
1996 2240 2191 2304 viros
2217 2238 2682 2304 adduxissent
2704 2239 2796 2302 ad
2820 2255 3009 2302 men-

547 2360 818 2412 struam
847 2346 1365 2411 confessionem
1396 2355 1464 2410 et
1495 2347 2067 2411 communionem
2088 2397 2102 2426 ‚
2137 2348 2367 2411 crevit
2396 2364 2735 2411 numerus
2763 2362 3011 2410 eorum

544 2456 728 2519 ultra
760 2467 1071 2533 centurn,
1107 2455 1291 2518 inter
1317 2470 1496 2533 quos
1525 2455 1794 2518 nobiles
1823 2464 2029 2518 erant
2050 2473 2195 2518 non
2222 2456 2435 2536 pauci
2458 2473 2548 2518 ex
2576 2454 3010 2536 primoribus

546 2562 765 2641 urbis;
797 2571 1001 2625 erant
1023 2570 1093 2624 et
1115 2559 1423 2624 artifices
1451 2560 1663 2624 valde
1683 2562 1874 2642 boni,
1902 2563 2021 2642 qui
2044 2561 2289 2625 diebus
2310 2561 2511 2626 festis
2532 2563 2691 2624 loco
2716 2577 3009 2624 consue—

548 2681 784 2732 tarum
831 2669 1391 2742 recreationum,
1449 2670 1564 2732 vel
1617 2668 1709 2732 ad
1759 2668 2050 2750 aliquod
2102 2668 2585 2733 eremitorium
2647 2676 2853 2732 extra
2900 2684 3011 2730 ur-

553 2778 714 2841 bem
747 2794 825 2839 se
856 2775 1339 2855 conferebant,
1364 2777 1479 2839 vel
1504 2777 1640 2856 piis
1663 2777 1863 2840 libris
1886 2775 2207 2856 legendis
2230 2785 2299 2840 et
2322 2776 2649 2840 laudibus
2670 2775 2807 2840 Dei
2828 2775 3016 2839 diem

553 2883 966 2964 exigebant,
1002 2891 1072 2946 et
1102 2884 1503 2964 complures
1532 2901 1622 2947 ex
1659 2883 1772 2946 his
1815 2893 2079 2947 octavo
2115 2901 2397 2964 quoque
2433 2882 2551 2948 die
2588 2883 3011 2948 confiteban-

551 3002 696 3054 tur:
730 2989 1136 3071 hujusmodi
1165 3000 1404 3054 autem
1430 2991 1830 3054 hominibus
1858 2989 2108 3054 diebus
2133 2991 2463 3055 mercurii
2486 3001 2555 3054 et
2578 2993 2861 3055 veneris
2886 2991 3018 3054 sub

553 3115 932 3180 vesperam
988 3099 1192 3161 brevi
1255 3099 1732 3178 explicatione
1789 3099 2029 3178 aliqua
2094 3099 2286 3162 vitae
2354 3098 2618 3163 Christi
2675 3099 3017 3179 mysteria

551 3203 629 3268 P.
660 3205 1077 3269 Emmanuel
1107 3205 1520 3269 declarabat
1540 3253 1556 3286 ,
1590 3205 1716 3269 sed
1745 3214 1813 3268 et
1843 3205 1964 3268 alii
1994 3223 2085 3269 ex
2113 3205 2544 3286 primoribus
2583 3205 2897 3270 civitatis
2940 3223 3020 3268 se

551 3311 1062 3393 adjungebant,
1097 3322 1167 3376 et
1193 3313 1359 3377 licet
1388 3313 1680 3377 sedendi
1708 3314 1948 3376 locum
1986 3323 2277 3395 propter
2316 3313 2837 3377 multitudinem
2872 3329 3017 3378 non

554 3419 930 3499 haberent,
985 3437 1127 3483 non
1178 3437 1432 3501 parum
1488 3421 1593 3484 eis
1628 3421 2008 3484 videbatur
2051 3422 2115 3484 si
2157 3423 2275 3484 vel
2314 3431 2589 3486 stantes
2628 3423 2861 3485 locum
2901 3419 3017 3484 ob·

558 3528 964 3591 tinuissent:
997 3527 1350 3606 muliereS‚
1384 3545 1569 3607 quae
1599 3527 1902 3607 singulis
1932 3528 2295 3591 mensibus
2326 3527 2843 3592 confitebantur
2865 3578 2879 3606 ,
2930 3527 3020 3591 ad

555 3643 841 3698 centum
870 3643 940 3696 et
969 3634 1485 3714 quinquaginta
1525 3635 1993 3710 accedebant,
2038 3651 2171 3698 nec
2210 3635 2323 3698 his
2360 3633 2769 3715 paucioreS,
2804 3635 3019 3699 immo

554 3740 737 3806 sorte
759 3742 997 3821 plures
1021 3751 1250 3820 erant,
1276 3759 1460 3822 quae
1481 3742 1781 3821 singulis
1799 3741 2263 3806 hebdomadis
2282 3742 2373 3805 ad
2396 3752 2845 3806 sacramenta
2860 3759 3019 3806 san·

555 3861 672 3911 cta
702 3847 1175 3927 accedebant,
1210 3858 1278 3911 et
1307 3865 1659 3929 campana
1699 3849 2241 3913 advocabantur
2286 3867 2378 3913 ex
2416 3867 2691 3913 summo
2731 3851 3020 3930 temple,

557 3953 676 4018 ubi
705 3964 868 4036 post
897 3953 1420 4020 confessionem
1447 3973 1712 4036 magno
1742 3973 1907 4020 cum
1934 3956 2223 4020 fervore
2250 3957 2896 4022 communicabant.

681 4061 856 4126 1095.
943 4061 1447 4128 Sacerdotibus
1463 4063 1679 4127 etiam
1702 4061 1973 4143 primae
1996 4063 2482 4128 hebdomadae
2499 4063 2840 4128 exercitia
2863 4081 3021 4145 pro·

554 4169 787 4250 posita
841 4170 1166 4248 fuerunt,
1226 4187 1358 4234 nec
1408 4170 1706 4233 ulterius
1757 4179 2049 4250 propter
2098 4171 2608 4251 occupationes
2656 4171 3019 4250 progressi

553 4285 717 4340 sunt
735 4293 750 4354 ;
781 4295 868 4340 ea
898 4285 1138 4340 tamen
1159 4277 1656 4356 instructione,
1684 4294 1899 4357 quam
1920 4288 2382 4358 acceperant,
2411 4279 2757 4358 proximis
2780 4278 3025 4342 utilem

553 4399 848 4462 operam
875 4384 1211 4447 navaturi
1241 4383 1749 4462 credebantur,
1782 4384 1999 4448 immo
2030 4394 2099 4448 et
2130 4385 2565 4466 experientia
2588 4384 2669 4474 ‚id
2692 4385 3020 4449 docebat:

550 4489 676 4569 qui
723 4489 912 4553 enim
961 4489 1375 4554 sacerdotes
1428 4507 1688 4555 munus
1741 4491 1880 4554 hoc
1930 4490 2457 4556 confessionum
2506 4492 3024 4556 audiendarum

639 4731 656 4764 ¹
717 4731 1057 4788 Pauperibus.
