3742 5392
1665 486 1793 545 Au.
1836 484 1978 543 1554
2956 486 3068 545 243

598 632 1057 712 collegiorum
1103 630 1452 711 invenire,
1495 631 1611 712 qui
1660 632 1888 695 bonas
1930 631 2158 711 legeS,
2211 630 2549 694 studiosis
2577 631 3068 713 praescriptas

598 747 810 819 atque
837 738 1429 819 praescribendas
1448 786 1463 817 ,
1496 737 1864 801 observari
1895 737 2264 817 diligenter
2296 746 2648 801 curarent.

715 844 857 909 534.
945 843 1215 909 Obtulit
1268 845 1531 909 bonam
1586 852 1864 925 partem
1921 845 2031 908 sui
2087 844 2504 909 catechismi
2553 844 2702 925 jam
2757 844 3064 911 confecti

598 950 673 1015 P.
706 951 1037 1017 Canisius
1072 951 1255 1031 Regi
1296 951 1812 1030 Romanorum,
1858 969 2020 1017 cum
2057 952 2376 1016 ultimam
2417 968 2708 1016 manum
2754 952 2890 1033 ipsi
2919 971 3062 1017 non

598 1058 1099 1139 imponendam
1122 1068 1474 1134 censeret,
1506 1058 1645 1121 nisi
1672 1059 1871 1139 prius
1899 1076 1994 1122 an
2028 1057 2234 1139 juxta
2277 1058 2700 1123 sententiam
2740 1056 2960 1139 Regis
2991 1069 3060 1123 et

599 1166 1169 1229 consiliariorum
1194 1164 1346 1246 ejus
1375 1174 1563 1229 esset
1589 1165 2014 1245 intelligeret
2049 1162 2090 1228 ¹.
2124 1164 2263 1229 Sed
2298 1164 2484 1242 Rex,
2527 1166 2649 1245 qui
2685 1172 2856 1229 tunc
2893 1164 3055 1231 Pos-

595 1273 779 1337 sonii
806 1270 830 1303 ⁸
858 1272 1281 1336 versabatur
1298 1320 1313 1351 ,
1347 1271 1601 1335 litteris
1629 1272 1780 1335 suis
1807 1268 1902 1333 ad
1929 1271 2252 1335 eumdem
2281 1270 2356 1335 P.
2384 1270 2751 1335 Canisium
2781 1272 3062 1337 abunde

599 1388 937 1458 testatur,
970 1377 1158 1459 quod
1186 1378 1418 1441 sibiet
1457 1378 1646 1457 aliis,
1690 1377 1944 1459 quibus
1981 1377 2501 1442 discutiendum
2537 1379 2910 1458 commisit,
2945 1396 3060 1443 ca·

597 1486 903 1551 techesis
952 1486 1074 1548 illa
1122 1485 1423 1564 probata
1471 1483 1712 1563 fuerit,
1746 1494 1815 1547 et
1862 1485 1970 1547 sic
1997 1499 2074 1548 se
2105 1484 2191 1548 de
2222 1484 2342 1547 illa
2371 1486 2635 1548 sentire
2666 1495 2736 1549 et
2765 1502 3060 1565 sperare

601 1592 859 1674 ajebat,
893 1601 1000 1671 ut,
1028 1592 1089 1655 si
1119 1592 1193 1655 in
1215 1592 1448 1655 lucem
1470 1589 1822 1669 ederetur,
1852 1591 1946 1654 ad
1975 1592 2276 1656 salutem
2303 1592 2746 1656 subditorum
2767 1610 3059 1656 suorum

596 1700 909 1765 fidelium
951 1700 1335 1780 plurimum
1382 1706 1571 1762 esset
1598 1696 2007 1777 profutura,
2049 1707 2122 1762 et
2171 1699 2272 1761 ita
2313 1708 2590 1778 partem
2639 1699 2834 1762 illam
2873 1710 3057 1761 cate-

600 1806 853 1871 chismi
881 1806 1283 1884 remittenS,
1335 1806 1424 1869 ab
1453 1821 1538 1869 eo
1586 1805 1995 1885 postulabat
2026 1814 2101 1869 ut
2150 1805 2332 1869 citra
2383 1822 2657 1869 moram
2685 1804 2873 1886 quod
2903 1805 3056 1869 reli-

599 1930 817 1994 quum
845 1922 1001 1977 erat
1030 1913 1462 1991 absolveret,
1493 1921 1566 1975 et
1594 1911 1989 1992 perfectum
2030 1912 2539 1976 catechismum
2574 1913 2666 1976 ad
2702 1930 2778 1976 se
2797 1962 2812 1989 ,
2845 1930 3060 1993 quam

599 2021 905 2102 primum
931 2019 1085 2083 fieri
1113 2027 1375 2102 posset,
1406 2018 1942 2097 transmitteret;
1970 2036 2138 2083 nam
2161 2019 2292 2082 sibi
2315 2019 2780 2083 deliberatum
2801 2028 2873 2083 et
2898 2036 3057 2083 con-

602 2128 927 2191 stitutum
974 2143 1131 2189 esse
1182 2125 1537 2190 scribebat
1586 2135 1661 2189 ut
1709 2125 1898 2189 idem
1939 2125 2416 2190 catechismus
2459 2126 2530 2189 in
2571 2128 3061 2207 germanicam

600 2234 917 2313 linguam
954 2231 1491 2311 transferretur,
1523 2248 1609 2295 ac
1637 2233 1710 2295 in
1741 2240 2041 2313 utraque
2069 2231 2314 2312 lingua
2335 2230 2358 2262 ³
2388 2233 2578 2313 typis
2614 2250 2960 2297 excussus
2987 2233 3061 2296 in

603 2340 911 2422 quinque
940 2340 1329 2421 provinciis
1354 2336 1693 2403 Austriae
1714 2348 1785 2403 et
1807 2340 1881 2402 in
1904 2339 2246 2404 comitatu
2269 2338 2602 2404 Goriciae
2630 2340 2908 2421 publice
2935 2358 3061 2421 per

602 2465 849 2512 omnes
884 2447 1145 2512 latinas
1182 2457 1395 2527 atque
1432 2445 1885 2527 germanicas
1926 2447 2213 2510 scholas
2247 2445 2604 2527 Juventuti
2639 2464 3059 2529 proponere-

602 2565 747 2633 tur,
800 2572 932 2619 nec
981 2555 1163 2618 ullus
1212 2555 1393 2617 alius
1421 2553 1551 2617 sub
1598 2553 2033 2633 gravissima
2067 2570 2297 2634 poena
2334 2564 2406 2617 et
2442 2554 2928 2635 indignatione
2955 2570 3060 2618 re-

602 2661 723 2741 gia
749 2661 1165 2726 deferretur.
1196 2658 1504 2740 InJunxit
1542 2669 1777 2723 autem
1816 2658 2046 2723 eidem
2081 2659 2157 2723 P.
2201 2658 2488 2725 Canisio
2533 2670 2608 2725 ut
2635 2662 2708 2724 in
2737 2661 3060 2741 margine

603 2785 942 2849 expressa
970 2776 1349 2832 annotaret
1376 2768 1531 2830 loca
1556 2776 1623 2830 et
1653 2767 1929 2846 capita,
1962 2766 2034 2829 in
2064 2765 2315 2847 quibus
2354 2767 2815 2847 reperiendae
2858 2778 3064 2832 erant

604 2875 1029 2953 sententiae,
1072 2883 1222 2938 tam
1263 2872 1528 2937 Sacrae
1567 2871 1982 2953 Scripturae
2020 2889 2232 2953 quam
2274 2872 2752 2937 Conciliorum
2795 2884 2864 2938 et
2891 2873 3058 2939 San-

607 2992 885 3047 ctorum
940 2980 1367 3061 Doctorum,
1421 2998 1603 3062 quae
1662 2980 1736 3044 in
1783 2980 1940 3061 ipso
1998 2979 2432 3045 catechismo
2484 2982 2852 3063 appositae
2901 2983 3062 3045 alle-

604 3090 993 3169 gabantur,
1026 3096 1099 3151 ut
1129 3087 1640 3167 ludimagistris
1677 3095 1746 3150 et
1789 3086 1948 3149 aliis
1991 3087 2223 3151 minus
2263 3087 2654 3168 profundae
2697 3089 3066 3152 doctrinae

608 3196 785 3260 viris
805 3194 1085 3259 facilius
1113 3204 1302 3258 esset
1328 3193 1591 3272 fonteS,
1623 3192 1810 3258 unde
1851 3194 2014 3258 illae
2052 3193 2398 3257 deductae
2435 3204 2670 3274 erant,
2717 3195 3058 3271 invenire;

610 3304 715 3366 sic
739 3303 929 3366 enim
960 3301 1294 3381 sperabat
1322 3299 1478 3365 Rex
1504 3300 1784 3379 multos,
1809 3316 1940 3381 per
1966 3300 2452 3380 ignorantiam
2481 3302 2742 3381 lapSOS,
2765 3302 2838 3365 in
2861 3318 3064 3381 grae·

608 3409 829 3473 mium
870 3407 1061 3473 Stae.
1112 3408 1476 3472 Ecclesiae
1518 3407 1962 3471 reducendos
1998 3406 2043 3466 ⁴.
2078 3407 2424 3487 Quamvis
2461 3419 2698 3471 autem
2735 3418 3065 3472 exactum

606 3516 969 3597 ingenium
992 3513 1069 3577 P.
1102 3514 1371 3579 Canisii
1397 3524 1469 3577 et
1498 3514 1684 3595 quod
1705 3513 1833 3578 vix
1854 3514 1990 3577 sibi
2011 3513 2426 3577 satisfacere
2449 3523 2708 3595 potest,
2737 3516 3068 3596 quamvis

610 3620 819 3706 [aliis]
852 3620 1249 3687 satisfaciat
1270 3670 1285 3701 ,
1318 3630 1804 3699 cunctaretur,
1838 3630 2131 3685 coactus
2159 3620 2322 3699 fuit,
2355 3619 2551 3701 Rege
2569 3631 2888 3702 urgente,
2911 3632 3064 3687 tan-

608 3732 769 3795 dem
790 3729 985 3793 illurn
1015 3728 1524 3793 catechismum
1555 3728 1958 3809 absolvere3
1993 3728 2117 3791 sed
2147 3744 2236 3791 ne
2268 3728 2510 3792 statim
2540 3727 2632 3791 ad
2660 3727 2930 3809 Regem
2963 3748 3066 3793 re·

610 3838 921 3902 mitteret
949 3836 1138 3917 typis
1168 3835 1659 3899 excudendum
1678 3884 1692 3913 ,
1726 3852 1942 3915 aegre
1971 3852 2098 3916 per
2125 3834 2554 3916 Episcopum
2582 3833 3067 3902 Labacensem

612 3962 653 4007 a
685 3943 879 4025 Rege
908 3943 1289 4023 impetrare
1338 3941 1596 4022 potuit3
1646 3951 1718 4004 et
1768 3942 1874 4005 sic
1922 3958 2064 4005 non
2107 3944 2325 4005 semel
2372 3950 2583 4023 atque
2625 3943 2912 4023 iterum,
2945 3946 3074 4009 sed

696 4146 715 4180 ¹
770 4145 913 4201 “Ego
946 4146 1080 4201 qnod
1110 4147 1298 4201 paravi
1312 4178 1325 4201 ,
1364 4144 1566 4191 omnino
1601 4144 1891 4189 seiunctum
1923 4146 2021 4189 fult
2037 4178 2048 4195 .
2083 4152 2135 4189 et
2171 4156 2289 4191 eum
2330 4146 2440 4189 Rex
2474 4148 2588 4190 evol
2599 4147 2784 4199 visset.
2827 4152 3076 4203 probavit

612 4228 731 4263 cnm
748 4218 855 4263 nnis
874 4217 1149 4263 admodum
1169 4218 1267 4262 hoc
1288 4228 1457 4263 meum
1476 4217 1579 4261 vile
1598 4218 1945 4272 οριιεοιιῐιιω...
1966 4216 2204 4262 Caninius
2221 4216 2464 4271 Polanco,
2483 4218 2511 4261 8
2529 4218 2666 4270 Junss
2697 4220 2819 4264 1554.
2852 4220 3080 4265 anxs·

612 4300 835 4343 nmen,
856 4290 891 4333 1.
912 4299 978 4345 c.,
998 4300 1121 4343 pag.
1139 4289 1237 4333 473.

690 4362 715 4394 ⁸
768 4360 1347 4419 Posonium=Pozsony,
1372 4360 1677 4415 Pressburg,
1698 4358 2002 4415 Hungarlae
2024 4364 2164 4407 urbe.
2187 4362 2613 4415 flammantem,
2631 4364 2664 4407 1.
2685 4374 2746 4418 c.,
2767 4374 2886 4419 pag.
2907 4364 3004 4411 453.

692 4434 717 4469 ⁸
769 4432 965 4479 Latina
986 4434 1187 4478 scilicet
1210 4440 1262 4477 et
1291 4433 1609 4489 germanica.

690 4505 717 4539 ⁴
766 4504 1081 4550 Ferdlnandi
1109 4505 1305 4550 latinas
1324 4505 1549 4559 litteras,
1579 4516 1606 4549 e
1628 4505 1811 4560 qulbus
1831 4506 1964 4551 haec
1983 4507 2291 4563 deprompta
2309 4511 2430 4551 sunt
2446 4538 2457 4559 ,
2478 4506 2630 4551 affert
2649 4504 3078 4561 Butam-nuncu,

611 4577 649 4622 1.
668 4588 733 4629 c..
752 4587 869 4633 pag.
890 4576 975 4621 45⁴
1010 4582 1063 4621 et
1089 4576 1195 4631 ⁴55,
1233 4577 1317 4631 qui
1358 4586 1450 4621 eas
1479 4577 1776 4632 germanice
1816 4577 1980 4623 edidit
2009 4580 2062 4623 in
2097 4578 2488 4623 Katechismen
2521 4578 2617 4622 des
2637 4577 2852 4632 Seltgen
2881 4578 3082 4623 Petrus

616 4648 888 4701 canisius,
918 4656 1041 4701 pag.
1078 4646 1145 4691 19.
1166 4647 1341 4701 Affert
1361 4646 1522 4693 etiam
1540 4647 1747 4702 ibidem,
1770 4659 1889 4703 pag.
1923 4650 2118 4703 520-528,
2155 4650 2350 4695 canisii
2389 4649 2456 4693 ad
2489 4648 2748 4702 Innatum
2778 4650 2988 4695 litterae
3018 4650 3077 4695 25

616 4718 791 4765 Martii
812 4718 939 4763 1555.
