3742 5392
1655 494 1780 553 AN.
1827 494 1966 553 1554
2930 490 3031 549 341

561 644 948 724 quisquam
978 658 1102 705 eas
1141 658 1388 705 rursus
1430 640 1882 703 introducere
1920 640 2235 717 auderet;
2283 647 2353 701 et
2382 655 2543 702 cum
2584 638 2767 701 iuter
2805 635 3035 715 hujus-

568 750 760 813 modi
789 759 1234 829 spectatores
1255 748 1506 811 mulier
1528 747 1903 827 quaedam,
1929 764 2114 827 quae
2150 740 2429 826 p'ublice
2466 743 2832 824 peccatrix
2857 752 3034 823 erat,

560 855 961 934 interesset,
995 854 1303 935 quodam
1342 872 1436 917 ex
1473 854 1583 917 his
1618 854 1897 917 duobus
1937 852 2175 915 audito
2197 902 2211 931 ,
2248 868 2599 915 conversa
2627 859 2736 914 est
2766 850 2855 913 ad
2899 848 3039 912 Do-

565 962 858 1027 minum:
893 962 1180 1043 quidam
1211 964 1426 1025 etiam
1455 962 1592 1040 vir,
1627 961 1750 1041 qui
1779 968 1969 1023 totos
1999 960 2245 1023 decem
2291 976 2519 1021 annos
2562 977 2605 1021 a
2656 956 3035 1047 confessio-

561 1088 656 1133 ne
713 1069 1192 1147 abstinuerat,
1225 1069 1486 1161 'statim
1529 1068 1618 1130 ad
1663 1066 2183 1147 confessarium
2232 1066 2719 1146 quaerendum
2761 1082 2837 1127 se
2878 1082 3039 1126 con·

567 1176 746 1240 tulit.
808 1175 1192 1254 Postquam
1250 1186 1488 1237 autern
1538 1174 1732 1237 domi
1782 1184 2073 1237 nostrae
2143 1172 2731 1236 convenientibus
2800 1172 3041 1252 pueris

566 1284 961 1347 christiana
994 1283 1316 1346 doctrina
1361 1282 1662 1345 recitata
1710 1291 1888 1359 erat,
1915 1298 2101 1343 unus
2124 1296 2215 1343 ex
2238 1278 2610 1357 fratribuS,
2643 1279 2907 1342 editum
2944 1281 3039 1341 lo-

570 1408 736 1453 cum
781 1388 1291 1467 conscendens,
1326 1388 1714 1469 majoribus
1743 1397 1918 1450 natu
1947 1397 2015 1451 et
2045 1386 2396 1467 prolixius
2426 1403 2583 1449 eam
2627 1386 3037 1466 interpreta-

570 1498 802 1560 batur.

688 1603 829 1666 726.
919 1604 1064 1667 Nec
1107 1604 1402 1667 deerant
1443 1603 1936 1667 sacerdotibus
1968 1611 2351 1665 consuetae
2382 1602 2887 1681 occupationes
2918 1618 3042 1661 eos

570 1710 896 1790 juvandi,
931 1712 1052 1791 qui
1083 1712 1156 1774 in
1183 1722 1506 1774 extremo
1536 1711 1787 1773 mortis
1816 1726 2051 1790 agone
2078 1709 2291 1789 positi
2321 1718 2547 1787 erant,
2591 1725 2721 1771 nec
2762 1724 3039 1786 compo-

566 1819 783 1882 nendi
818 1817 1213 1881 discordias
1243 1818 1424 1881 inter
1455 1817 1903 1895 dissidentes;
1937 1826 2006 1878 et
2037 1817 2136 1879 ita
2170 1816 2384 1878 etiam
2415 1833 2501 1877 ex
2528 1814 2864 1877 extremis
2885 1830 3040 1894 par-

571 1926 760 1988 tibus
815 1925 1131 1989 civitatis
1182 1924 1275 1987 ad
1323 1933 1642 2003 nostros,
1687 1924 1925 1986 oblata
1964 1923 2424 2000 necessitate,
2482 1921 2727 1984 auxilii
2765 1919 3043 2001 petendi

569 2032 814 2112 gratia
872 2031 1366 2095 accurrebant.
1421 2032 1512 2094 Et
1555 2047 1718 2093 cum
1762 2030 1834 2093 in
1892 2029 2330 2110 amplissima
2388 2029 2508 2091 illa
2553 2027 2844 2090 civitate
2903 2043 3044 2088 non

567 2140 902 2203 omnibus
943 2139 1030 2201 de
1069 2138 1271 2219 plebe
1311 2156 1570 2201 nornen
1615 2146 1737 2200 aut
1773 2137 2119 2200 habitatio
2164 2135 2462 2215 Collegii
2506 2137 2715 2213 plane
2759 2132 3045 2213 cognita

581 2257 792 2325 esset,
827 2256 895 2309 et
925 2255 1163 2309 tamen
1195 2246 1286 2308 ad
1317 2262 1440 2307 eos
1468 2244 1873 2324 huJusmodi
1902 2244 2249 2306 bonorum
2281 2258 2576 2321 operum
2598 2240 2773 2303 odor
2803 2256 3047 2319 perve-

567 2354 826 2432 nisset,
860 2352 1077 2432 aliqui
1118 2370 1208 2415 ex
1249 2352 1376 2430 eiS,
1409 2362 1693 2414 nostros
1725 2350 2184 2431 inquirenteS,
2220 2350 2666 2427 interrogare
2702 2346 3043 2423 solebant,

581 2460 872 2523 ubinam
899 2459 1304 2522 habitarent
1333 2458 1456 2537 illi,
1501 2475 1802 2540 quorum
1831 2466 1983 2519 tota
2016 2473 2191 2519 cura
2221 2465 2373 2519 erat
2406 2472 2623 2536 opera
2654 2453 3047 2517 misericor-

575 2567 736 2629 diae
761 2583 1118 2630 exercere.
1144 2565 1333 2629 Inter
1355 2565 1496 2627 alia
1523 2574 1761 2629 autem
1783 2562 2185 2644 hujusmodi
2210 2580 2451 2643 opera,
2474 2560 2755 2625 cuidam
2771 2560 3049 2624 mulieri

567 2683 974 2753 opportuna
1006 2671 1398 2736 consolatio
1431 2670 1752 2734 adhibita
1784 2680 1915 2748 est,
1951 2688 2132 2751 quae
2164 2670 2280 2732 vel
2321 2686 2397 2731 se
2442 2667 2896 2749 suspendere,
2935 2668 3049 2730 vel

567 2781 647 2843 in
680 2788 968 2859 puteum
1017 2778 1528 2859 praecipitare,
1572 2778 1690 2840 vel
1719 2776 1907 2841 fame
1948 2778 2260 2857 seipsam
2302 2792 2560 2839 necare
2608 2775 3047 2851 decreverat,

577 2896 958 2967 propterea
987 2885 1177 2965 quod
1209 2885 1302 2947 ab
1330 2885 1487 2965 ipsa
1531 2884 1674 2947 filia
1715 2884 2196 2961 discessisset3
2242 2882 2366 2945 sed
2398 2883 2623 2945 nostri
2653 2898 2813 2943 earn
2840 2880 3053 2942 matri

574 2994 852 3057 restitui
880 2992 1256 3072 diligenter
1286 3001 1721 3055 curaverunt
1749 2999 1818 3054 et
1854 2991 2337 3054 obtinuerunt.

692 3100 834 3163 727.
921 3100 1100 3163 Cum
1131 3109 1368 3163 autem
1397 3099 1630 3163 studia
1661 3099 1732 3161 id
1761 3098 2293 3179 permittebant,
2336 3097 2594 3160 fratres
2641 3094 3053 3159 scholastici

569 3216 778 3270 tanta
807 3223 970 3270 cum
1000 3207 1486 3270 consolatione
1528 3201 1923 3286 pauperum
1966 3204 2495 3268 xenodochium
2525 3203 2946 3280 visitabant,
2980 3212 3054 3263 ut
3156 3252 3161 3255 .

573 3314 642 3376 si
669 3314 951 3394 quando
985 3314 1140 3376 aliis
1165 3312 1746 3393 occupationibus
1771 3312 2035 3375 detenti
2060 3329 2203 3373 non
2232 3311 2728 3387 accessissent,
2757 3309 3054 3371 multum

575 3420 678 3483 illi
710 3428 1341 3500 conquererentur:
1373 3437 1516 3483 non
1547 3419 1738 3483 enim
1767 3419 2001 3483 solum
2028 3418 2420 3481 ministeria
2464 3434 2709 3480 eorum
2747 3415 3055 3496 corpori·

581 3529 739 3605 bus,
773 3527 901 3591 sed
929 3536 998 3591 et
1028 3528 1250 3591 verba
1282 3537 1494 3607 atque
1521 3526 2056 3590 exhortationes
2088 3525 2343 3587 animis
2374 3526 2669 3589 multum
2701 3523 2937 3586 solatii
2965 3521 3055 3585 se-

579 3637 860 3698 rebant.

700 3741 842 3805 728.
929 3740 1087 3805 Non
1117 3741 1438 3804 omittam
1469 3739 1806 3804 indicium
1835 3739 2345 3804 satisfactionis
2372 3748 2443 3801 et
2466 3736 2829 3819 profectus
2858 3736 3057 3817 spiri·

587 3850 838 3929 tualiS,
875 3866 1083 3929 quem
1127 3866 1216 3912 ex
1257 3848 1612 3911 continuis
1642 3847 2286 3928 praedicationibus
2314 3844 2389 3909 P.
2425 3845 2789 3926 Baptistae
2818 3861 3059 3907 conse·

583 3956 949 4036 quebatur,
983 3956 1173 4037 quod
1201 3956 1475 4018 scilicet
1507 3955 1796 4033 quidam
1824 3954 2156 4034 generosi
2185 3952 2323 4017 viri
2352 3965 2420 4017 et
2452 3970 2541 4015 ex
2573 3950 2912 4031 primaria
2939 3968 3059 4014 no-

577 4062 850 4126 bilitate
880 4062 1255 4126 Valentiae
1287 4062 1391 4125 sic
1422 4059 1572 4140 ejus
1603 4060 1973 4124 doctrinae
2004 4058 2237 4123 affecti
2268 4070 2494 4137 erant,
2528 4067 2603 4121 ut
2632 4058 2725 4121 ad
2746 4056 2894 4137 eJus
2926 4058 3057 4119 cel·

583 4171 726 4233 lam
749 4219 763 4248 ,
797 4186 882 4233 eo
920 4168 1064 4233 non
1092 4168 1568 4250 praemonitO,
1603 4169 2076 4245 introeunteS,
2121 4167 2212 4230 ad
2242 4165 2391 4245 ejus
2432 4184 2507 4229 se
2536 4166 2751 4246 pedes
2790 4163 3054 4244 abjece-

579 4278 756 4355 rint,
821 4286 890 4339 et
945 4277 1048 4339 sic
1104 4294 1232 4357 per
1283 4274 1418 4338 Dei
1477 4292 1790 4338 amorem
1849 4274 2107 4347 obnixe
2162 4275 2605 4354 postularent
2662 4272 3057 4351 aliquarum

599 4383 1048 4462 concionum,
1081 4400 1258 4462 quas
1290 4382 1659 4460 habuerat,
1695 4382 2021 4460 exempla
2052 4380 2317 4460 scripta
2348 4380 2481 4442 sibi
2510 4379 2758 4456 tribui,
2790 4394 2883 4441 ex
2913 4378 3055 4457 qui-

581 4490 718 4552 bus
763 4506 1100 4570 magnum
1143 4490 1511 4570 spirituale
1551 4488 2000 4553 commodum
2040 4504 2115 4550 se
2151 4495 2641 4567 reportaturos
2692 4500 3056 4547 assevera-

586 4596 786 4671 bant;
821 4606 893 4660 et
920 4596 1046 4660 vix
1075 4597 1270 4660 credi
1299 4612 1510 4676 posse
1541 4603 1917 4676 quantum,
1949 4595 2104 4674 ipso
2137 4594 2411 4669 audito,
2440 4592 2531 4657 ad
2553 4592 2840 4656 virtutis
2864 4607 3055 4653 amo-

583 4720 739 4766 rem
771 4702 1188 4766 inflammati
1219 4711 1456 4766 essent
1487 4700 1954 4764 affirmabant.
