3742 5392
1701 411 1827 470 Ax.
1871 412 2013 470 1554
3009 411 3087 470 55

593 561 800 626 diam
829 573 1108 641 partem
1146 559 1423 623 hostiae
1467 576 1510 620 a
1547 567 1810 639 patena
1859 559 2171 622 avellere
2214 559 2439 638 potuit
2478 566 2548 621 et
2585 557 2684 620 illi
2725 558 3079 622 foeminae

603 669 1052 746 ministrare3
1085 667 1275 747 quod
1304 667 1652 747 reliquum
1681 675 1859 742 erat,
1892 666 1967 728 in
1994 666 2235 745 plures
2264 675 2505 745 partes
2535 665 2867 743 divisum,
2900 665 3077 747 ipse·

598 785 750 840 met
779 775 1081 856 accepit,
1116 774 1237 854 qui
1267 773 1582 836 nondum
1609 771 2177 852 purificationem
2206 780 2608 852 sumpserat
2638 769 2681 834 ¹.

723 881 825 945 93.
914 880 1231 945 Clericus
1260 878 1550 960 quidam
1569 927 1584 958 ,
1616 878 1736 958 qui
1767 896 1807 941 a
1841 877 2218 942 Cardinale
2249 878 2319 940 in
2350 878 2743 942 cathedrali
2772 879 3076 942 ecclesia

605 990 960 1052 admissus
1009 988 1274 1067 fuerat,
1336 985 1428 1049 ad
1485 984 1913 1050 Societatem
1962 995 2281 1048 nostram
2329 986 2644 1049 animum
2690 983 3073 1066 adjecerat;

591 1097 733 1160 sed
759 1095 1098 1159 Vicarius
1141 1093 1481 1157 admirari
1526 1110 1603 1155 se
1642 1091 1958 1164 dicebat,
1992 1091 2053 1154 si
2082 1093 2367 1155 unicum
2404 1091 2625 1156 filium
2654 1093 2877 1173 patris
2906 1111 3071 1174 pau-

604 1203 827 1284 periS,
873 1218 1085 1282 quem
1129 1219 1215 1264 ea
1260 1201 1332 1264 in
1375 1199 1680 1263 ecclesia
1731 1198 2131 1262 Cardinalis
2184 1199 2696 1277 constituisset,
2758 1200 3077 1264 admitte—

600 1319 784 1389 rent,
821 1317 890 1372 et
919 1326 1064 1372 non
1091 1317 1379 1388 gratum
1407 1307 1479 1371 id
1511 1304 1662 1370 fore
1693 1305 2057 1369 Cardinali
2086 1305 2510 1386 affirmabat3
2553 1315 2623 1369 et
2664 1306 2786 1386 ita,
2836 1325 3073 1388 quam-

603 1417 718 1479 vis
748 1415 1013 1497 alioqui
1049 1414 1413 1478 videretur
1451 1413 1544 1476 ad
1588 1411 2017 1476 Societatem
2054 1428 2199 1476 non
2236 1412 2518 1493 ineptus
2557 1421 2627 1476 et
2664 1413 2842 1477 satis
2870 1429 3072 1494 urge·

593 1530 748 1601 ret,
779 1540 920 1586 non
951 1539 1112 1585 eum
1145 1520 1448 1585 admisit.

727 1629 828 1692 94.
915 1629 1036 1707 Et,
1081 1629 1318 1708 aliqua
1359 1626 1732 1707 pecuniola
1772 1634 2070 1705 accepta
2099 1626 2187 1688 ab
2217 1642 2335 1704 e0‚
2369 1625 2491 1706 qui
2520 1625 2917 1692 Cardinalis
2956 1646 3072 1691 ne-

591 1737 802 1816 gotia
831 1735 1122 1815 agebat,
1168 1733 1586 1814 Eugubinae
1616 1731 1889 1796 civitati
1920 1733 2082 1795 vale
2111 1731 2441 1795 dixerunt
2460 1781 2475 1810 ,
2521 1740 2591 1796 et
2632 1734 2895 1813 partim
2924 1735 3073 1798 suis

603 1842 936 1923 pedibus,
968 1843 1230 1922 partim
1261 1841 1498 1920 aliquo
1539 1856 1721 1920 equo
1750 1837 2004 1918 adiuti,
2038 1837 2335 1902 Romam
2362 1856 2615 1902 versus
2644 1851 2993 1906 venerunt
3020 1841 3065 1905 ⁸.

1229 2373 1358 2449 DE
1400 2374 1457 2438 C
1461 2373 1869 2440 OLLEGIO
1914 2371 2455 2438 FERRARIAE

727 2802 827 2865 95.
915 2801 1024 2866 De
1067 2802 1340 2867 duobus
1383 2804 1702 2884 collegiis
1741 2802 2073 2868 admissis
2114 2799 2137 2832 ³
2180 2811 2250 2866 et
2292 2779 2501 2866 tertio
2550 2802 2892 2866 dissoluto
2922 2799 2947 2834 ⁴
2992 2802 3071 2866 in

598 2909 742 2973 hoc
769 2910 924 2991 ipso
957 2928 1143 2974 anno
1173 2911 1441 2976 dictum
1471 2921 1598 2976 est.
1632 2911 1790 2995 Jam
1814 2912 1901 2976 de
1925 2910 2311 2990 Collegiolo
2336 2909 2703 2989 Argentae
2732 2910 3068 2974 inchoato

594 3016 961 3096 agendum
991 3018 1146 3081 erit.
1180 3017 1318 3082 Sed
1350 3019 1514 3099 quia
1544 3036 1634 3082 ex
1663 3019 2106 3083 Ferrariensi
2146 3017 2403 3099 pendet
2430 3017 2762 3082 tractatio
2789 3016 3067 3098 Argen·

595 3123 755 3203 tini,
803 3133 1057 3204 agetur
1101 3125 1298 3204 prius
1340 3125 1428 3189 de
1470 3125 1947 3204 Ferrariensi,
1991 3125 2065 3188 in
2104 3142 2244 3205 quo
2290 3123 2550 3188 Rector
2593 3125 2877 3206 quidem
2914 3134 3068 3188 erat

595 3231 753 3311 iile,
799 3231 920 3310 qui
965 3249 1154 3295 anno
1199 3233 1688 3313 praecedenti,
1735 3231 1810 3294 P.
1856 3232 2169 3314 Joannes
2217 3229 2665 3310 PelletariuS,
2718 3231 2839 3313 qui
2889 3232 3071 3296 alios

685 3507 703 3540 θ
765 3507 894 3554 Cum
915 3515 1090 3555 tamen
1109 3509 1209 3554 hoc
1229 3509 1450 3554 Romam
1477 3510 1646 3565 primo
1675 3511 1938 3565 perlatum
1968 3515 2074 3564 est,
2106 3509 2383 3565 quamdam
2414 3509 2815 3556 admirationem
2844 3511 3067 3555 creavit.

594 3578 818 3632 “Quena
836 3591 958 3626 cosa
977 3583 1076 3626 che
1096 3584 1149 3627 la
1169 3582 1231 3627 R.
1254 3581 1320 3627 V.
1340 3583 1530 3626 scrisse
1548 3589 1927 3636 appu-tenente
1950 3583 2001 3626 ai
2022 3581 2121 3625 SM
2142 3580 2483 3627 sacramento
2514 3585 2542 3626 ὲ
2565 3593 2721 3637 parsa
2750 3581 2891 3626 assai
2924 3589 3070 3626 nota-

595 3651 706 3696 bne
727 3658 780 3696 et
799 3653 1106 3698 haveriamo
1127 3665 1159 3698 a
1180 3664 1306 3698 caro
1331 3653 1378 3697 ἁ·
1397 3653 1668 3697 intendere
1689 3654 1860 3708 quello
1882 3653 1977 3698 che
1996 3654 2040 3698 si
2068 3657 2170 3709 pao
2198 3653 2247 3698 di
2281 3655 2455 3708 quella
2485 3664 2761 3708 persona„
2794 3653 3068 3706 Polaticus,

605 3735 671 3768 ex
689 3735 836 3775 com..
854 3724 1003 3770 Patri
1025 3725 1250 3770 Alberto
1271 3723 1614 3778 Feri-ariensi,
1637 3724 1897 3780 Eugubini
1920 3725 2137 3780 collegii
2158 3725 2385 3778 Rectori‚
2404 3725 2457 3768 81
2480 3724 2653 3770 Martii
2679 3725 2797 3770 155⁴.

683 3795 708 3828 ¹
763 3795 972 3842 Fefeilit
993 3796 1078 3841 hic
1097 3797 1350 3841 memoria
1370 3796 1667 3845 Polaticum:
1689 3808 1788 3842 non
1809 3799 1947 3841 enim
1967 3809 2143 3842 omnes
2176 3797 2393 3841 Romam
2420 3797 2683 3851 Eugubio.
2704 3795 2937 3852 Cunetio
2970 3795 3069 3841 dis·

597 3870 802 3921 tollito,
831 3879 890 3913 ae
920 3870 1269 3921 contulerunt.
1297 3869 1406 3921 aed.
1436 3874 1650 3924 praeter
1677 3869 2008 3924 Raynaidnm
2040 3876 2091 3913 et
2126 3868 2381 3914 Simonem
2420 3867 2638 3912 Romam
2672 3869 2853 3913 venire
2878 3869 3067 3924 justos,

601 3938 660 3984 P.
681 3940 936 3986 Albertus
953 3939 1221 3991 Mutinam.
1246 3940 1541 3994 viperanus
1559 3939 1813 3994 Genuam,
1836 3947 1889 3985 et
1910 3941 1997 3985 alii
2021 3942 2127 3985 alia
2146 3941 2201 3986 in
2220 3943 2333 3984 ioca
2352 3952 2409 3984 ae
2430 3940 2665 3985 conferre
2682 3940 2813 3995 jussi
2833 3946 2953 3986 sunt
2969 3973 2980 3993 .
3009 3950 3069 3986 ut

592 4011 783 4056 videre
803 4018 882 4056 eat
903 4012 986 4055 hic
1005 4013 1114 4056 suia
1134 4011 1186 4054 in
1205 4012 1330 4055 locis
1351 4017 1404 4055 et
1424 4011 1690 4057 videbitur
1709 4012 1760 4056 in
1791 4011 1944 4056 Nova
1973 4013 2107 4056 serie
2138 4013 2480 4066 epistolarum
2510 4009 2689 4056 Sancti
2719 4011 2927 4066 Ignatii.
2958 4011 3068 4057 Nisi

601 4083 823 4128 velimus
842 4084 1014 4127 dicere
1037 4094 1125 4126 eos
1147 4093 1324 4127 omnes
1343 4082 1561 4127 Romam
1591 4083 1760 4138 primo
1788 4083 1995 4128 venisse
2023 4090 2077 4128 et
2110 4083 2275 4128 Roma
2303 4089 2485 4138 postea
2510 4083 2561 4126 in
2592 4083 2698 4127 alia
2728 4084 2843 4127 loca
2870 4083 3069 4143 missos,

591 4155 738 4209 quod
759 4161 930 4200 tamen
952 4165 1070 4199 eum
1087 4154 1174 4208 iia,
1191 4165 1327 4209 quae
1355 4153 1628 4208 Polancua,
1663 4165 1731 4199 ex
1759 4167 1911 4206 com„
1936 4155 2173 4209 scripsit,
2206 4162 2315 4200 turn
2342 4155 2595 4198 fratribus
2623 4152 2809 4207 joanni
2840 4155 3069 4200 Antonio

601 4225 885 4281 viper-ano,
906 4225 1146 4270 Michaeli
1169 4225 1367 4280 &rienes
1387 4234 1440 4270 et
1457 4223 1781 4278 Sebastiano,
1816 4233 1925 4270 tum
1960 4227 2106 4272 Patri
2134 4227 2355 4271 Aiberto
2386 4225 2732 4270 Ferrariensi·
2768 4231 2879 4272 tum
2909 4227 3069 4272 etiam
3133 4271 3138 4277 ,

603 4297 750 4343 Patri
773 4299 1064 4351 Augu-stine
1086 4297 1150 4341 de
1169 4299 1222 4341 la
1241 4296 1377 4342 Riva
1397 4299 1448 4342 21
1471 4297 1673 4353 Aprilis
1694 4297 1814 4350 155³,
1837 4310 1939 4342 non
1957 4304 2091 4344 satia
2108 4297 2569 4352 coneraia-Unus
2589 4309 2653 4341 ex
2674 4299 2765 4350 eis,
2789 4297 2875 4353 qui
2894 4299 3070 4353 Augu-

594 4369 674 4413 -bii
702 4369 976 4423 degebant,
1008 4368 1236 4422 Joannea
1265 4367 1442 4423 Niger,
1473 4371 1670 4425 gallus,
1704 4375 1980 4425 postquam
2000 4369 2196 4416 Romae
2215 4370 2493 4424 aliquando
2514 4369 2629 4421 suit.
2651 4369 2951 4414 Ferrariam
2970 4373 3066 4414 sub

603 4441 756 4487 finem
777 4441 1085 4486 Novembris
1103 4441 1290 4486 missus
1311 4445 1410 4495 eat,
1440 4443 1520 4484 cui
1542 4441 1697 4486 datae
1729 4441 1885 4486 vaide
1917 4441 2369 4486 commendatitiae
2391 4441 2579 4486 literae
2612 4440 2679 4484 ad
2712 4439 3067 4495 Pelletarium,
3140 4475 3153 4485 .

591 4515 658 4558 Ἢ
675 4513 904 4566 ejusdem
925 4511 1134 4556 mensis.

683 4585 708 4616 ³
766 4585 1024 4629 Gennensi
1045 4589 1098 4628 et
1118 4583 1435 4629 Lauretano.

686 4659 712 4692 ⁴
763 4659 1051 4714 Eugubino.
