3742 5392
778 490 885 550 148
1694 492 1950 553 CmtoN.
1991 490 2147 553 Soc.
2187 491 2330 567 JES.

774 638 1043 702 ctiones
1082 640 1456 719 collegium
1499 656 1788 719 passum
1816 650 1954 720 est;
1988 657 2120 704 nec
2159 640 2448 719 mirum,
2482 656 2644 703 cum
2688 639 2889 703 initio
2921 638 3242 703 Societas

774 744 1047 809 Perusii
1076 762 1218 809 non
1242 746 1333 809 ad
1362 747 1649 810 scholas
1679 747 2103 827 aperiendas
2133 746 2256 811 sed
2279 748 2370 811 ad
2401 747 2794 811 ministeria
2815 747 3238 810 concionum

770 862 841 915 et
893 852 1031 916 alia
1082 852 1478 933 spiritualia
1527 862 1943 930 vocaretur;
1995 864 2063 917 et
2115 871 2277 917 cum
2326 854 2725 918 litterarum
2775 853 3241 933 legendarum

770 976 1025 1024 munus
1075 960 1580 1040 susciperetur,
1627 978 1768 1024 non
1813 962 2264 1041 requisitum,
2312 962 2544 1025 minus
2587 960 3010 1041 quadrabat.
3060 960 3238 1024 Cum

770 1068 983 1132 etiarn
1024 1068 1227 1131 locus
1256 1068 1407 1145 ille,
1442 1085 1651 1147 quem
1693 1068 1992 1131 liberum
2038 1068 2294 1132 civitas
2338 1068 2603 1131 habere
2647 1067 2921 1131 solebat
2951 1066 3240 1131 adludi-

771 1176 1157 1255 magistros
1206 1194 1335 1256 pro
1386 1194 1515 1239 suo
1560 1176 1911 1239 arbitratu
1958 1175 2524 1254 constituendOS,
2569 1192 2786 1254 opera
2837 1174 3239 1239 Cardinalis

769 1280 1120 1360 Perusini,
1154 1280 1495 1346 Societati
1534 1282 1742 1345 datus
1780 1292 1968 1345 esset
2001 1281 2043 1360 ¹,
2077 1297 2296 1361 aegre
2335 1282 2403 1345 id
2437 1282 2694 1345 civitas
2723 1281 2902 1361 tulit,
2935 1290 3006 1344 et
3034 1298 3237 1343 occa-

766 1388 1039 1451 sionem
1078 1388 1240 1452 inde
1280 1390 1557 1469 accepit
1596 1389 1807 1452 rebus
1847 1389 2127 1468 collegii
2171 1391 2404 1452 minus
2439 1388 2762 1466 favendi,
2819 1404 2902 1449 eo
2955 1386 3142 1467 quod
3193 1404 3236 1449 a

767 1494 1129 1559 Cardinali
1152 1494 1401 1558 Fulvio
1432 1494 1740 1575 pendere
1764 1496 2151 1571 videretur,
2177 1513 2338 1559 cum
2368 1512 2508 1576 quo
2537 1493 2607 1557 id
2636 1494 2974 1573 temporis
3005 1493 3237 1557 minus

768 1603 944 1666 bene
974 1602 1444 1666 conveniebat
1474 1602 1750 1666 civitati
1781 1620 1995 1683 quam
2028 1613 2274 1682 postea
2306 1602 2666 1665 convenit.

886 1708 1027 1773 300.
1116 1708 1339 1773 Erant
1367 1719 1742 1789 praeterea
1771 1727 1915 1773 non
1943 1710 2178 1789 pauci,
2203 1709 2324 1789 qui
2347 1708 2697 1771 rationem
2721 1709 2952 1787 ipsam
2981 1706 3231 1770 docen-

766 1817 837 1879 di
867 1816 1382 1897 improbarent,
1416 1815 1607 1897 quod
1637 1818 1705 1879 in
1739 1816 2233 1897 grammaticis
2262 1826 2555 1880 auctore
2585 1814 3058 1895 Despauterio
3089 1824 3231 1878 ute-

768 1934 1045 2003 rentur;
1111 1939 1279 1986 nam
1330 1924 1542 1986 nimis
1608 1932 1907 1987 exactus
1965 1934 2032 1987 et
2087 1926 2426 1987 molestus
2468 1921 2821 2004 juventuti
2871 1921 2932 1985 is
2981 1931 3232 1984 auctor

766 2031 1166 2110 videbatur;
1200 2040 1268 2093 et
1299 2031 1397 2093 ita
1428 2030 2008 2093 adversariorum
2037 2029 2404 2110 diligentia
2433 2028 2776 2093 efficiebat
2807 2038 2882 2092 ut
2909 2047 3000 2091 ex
3031 2028 3228 2091 scho-

768 2141 835 2202 la
873 2147 1120 2201 nostra
1152 2139 1355 2201 multi
1396 2137 1806 2201 scholastici
1838 2146 2332 2201 averterentur
2360 2136 2405 2201 ⁹.
2439 2134 2790 2201 Paulatim
2830 2137 3068 2217 itaque
3111 2152 3230 2215 pa·

768 2245 1013 2308 tientia
1046 2255 1114 2307 et
1157 2243 1761 2308 demonstratione
1790 2245 2159 2308 doctrinae
2197 2262 2324 2325 per
2359 2244 2681 2324 publicas
2711 2244 3072 2307 orationes
3113 2243 3234 2306 ha-

768 2353 983 2431 bitas,
1018 2369 1144 2432 per
1189 2352 1517 2432 dialogos
1564 2352 2077 2433 pronunciatos
2126 2370 2169 2415 a
2218 2352 2612 2431 discipuliS,
2655 2360 2726 2414 et
2776 2350 3059 2414 demum
3109 2366 3236 2431 per

767 2460 1162 2540 profectum
1204 2460 1522 2538 ipsorum
1564 2459 2190 2538 scholasticorum,
2235 2458 2682 2522 difficultates
2731 2458 2867 2521 hae
2911 2458 3234 2538 superari

767 2576 1154 2647 coeperunt
1196 2565 1241 2631 ⁸.
1277 2566 1665 2631 Constabat
1696 2568 1885 2631 enim
1921 2584 2183 2648 pueros
2219 2568 2422 2631 brevi
2451 2577 2767 2647 tempore
2805 2567 2968 2646 plus
3005 2564 3233 2645 profe-

761 2676 946 2739 cisse
970 2692 1183 2755 quam
1198 2674 1437 2739 multis
1461 2675 1665 2739 annis
1680 2674 1839 2738 aliis
1861 2676 1935 2737 in
1959 2674 2221 2739 scholis
2245 2674 2712 2756 profecerant;
2733 2683 2802 2737 et
2825 2674 2924 2736 ita
2947 2672 3233 2735 tandem

763 2781 1091 2845 effectum
1132 2792 1239 2845 est
1282 2793 1387 2863 ut,
1422 2798 1585 2845 cum
1623 2782 1820 2863 prius
1859 2792 2145 2846 nostros
2187 2782 2468 2862 ineptos
2505 2798 2662 2844 esse
2713 2780 2806 2843 ad
2837 2778 3234 2844 docendum

761 2889 1205 2967 dictitarent,
1233 2887 1383 2970 jam
1421 2887 1719 2953 feliciter
1755 2887 2197 2969 juventutem
2239 2888 2513 2953 institui
2551 2905 2594 2951 a
2635 2888 2903 2951 nostris
2931 2886 3232 2950 fateren-

763 3004 900 3059 tur.
936 2995 1174 3075 Aliqui
1218 2995 1309 3058 ad
1348 2996 1633 3060 scholas
1661 3004 2010 3060 venerunt
2048 3004 2126 3060 ut
2155 2994 2456 3059 docendi
2495 2995 2846 3058 rationem
2891 2994 3234 3057 observa-

762 3113 949 3178 rent,
984 3102 1239 3183 quibus
1268 3102 1547 3166 abunde
1586 3102 2034 3166 satisfactum
2062 3112 2198 3181 est,
2231 3102 2330 3166 ita
2361 3112 2438 3165 ut
2469 3102 2682 3183 aliqui
2715 3118 2805 3165 ex
2845 3102 2956 3165 his
2986 3117 3230 3164 censo·

760 3210 955 3273 ribus
997 3226 1165 3272 suos
1191 3209 1453 3273 liberos
1482 3210 1573 3273 ad
1600 3218 1886 3275 nostras
1925 3210 2210 3273 scholas
2248 3210 2524 3272 mittere
2571 3209 2956 3289 coeperint.
2991 3205 3232 3288 Aliqui

758 3316 1215 3381 nihilominus
1259 3333 1540 3397 semper
1586 3327 1819 3397 erant,
1866 3316 1988 3397 qui
2037 3327 2448 3381 nostrorum
2488 3317 2904 3397 patientiam
2944 3330 3227 3378 exerce·

760 3434 949 3500 rent,
984 3424 1137 3503 qui,
1170 3441 1313 3486 non
1354 3425 1582 3487 solum
1610 3424 1911 3487 docendi
1950 3423 2328 3502 rationem,
2373 3423 2498 3486 sed
2542 3421 2879 3504 quidquid
2919 3421 3009 3485 ad
3053 3420 3229 3483 utili-

760 3540 980 3595 tatem
1008 3530 1275 3593 civium
1305 3530 1516 3594 fiebat
1544 3547 1841 3611 carpere
1887 3531 2315 3608 nitebantur,
2351 3546 2780 3611 quamquam
2822 3546 2964 3591 non
2992 3528 3064 3591 id
3107 3528 3228 3590 im-

760 3654 979 3718 pune,
1016 3654 1183 3701 nam
1212 3636 1397 3700 unde
1428 3638 1708 3701 laudem
1738 3638 1874 3702 sibi
1915 3654 2338 3719 comparare
2375 3637 2781 3701 nitebantur
2811 3646 2882 3699 et
2921 3636 3228 3713 auctori·

764 3754 1015 3822 tatem,
1050 3754 1295 3807 notam
1326 3744 1759 3825 ignominiae
1789 3745 2328 3809 contrahebant.

878 3848 1019 3914 301.
1105 3850 1267 3915 Fuit
1296 3851 1476 3916 inter
1501 3852 1681 3916 alios
1710 3852 2001 3933 quidam
2031 3852 2522 3933 ludimagister
2552 3851 3074 3932 neapolitanuS,
3107 3848 3226 3930 qui

840 4094 855 4125 ¹
916 4092 1047 4139 Vide
1068 4106 1241 4149 supra,
1265 4102 1301 4140 t.
1328 4106 1401 4148 m.
1424 4107 1546 4151 pag.
1565 4094 1707 4149 ata-⁴6,
1730 4107 1815 4140 nn.
1834 4096 1994 4139 82-84.

839 4166 863 4197 ⁸
917 4166 1037 4211 Com
1047 4178 1223 4211 munes
1242 4174 1393 4212 erant
1424 4168 1525 4212 hae
1554 4167 1811 4213 adversus
1833 4168 2236 4223 Denpauterium
2256 4168 2500 4222 querelae
2522 4168 2641 4213 aliis
2670 4167 2830 4213 etiam
2849 4166 3099 4222 Collegiis
3120 4174 3226 4211 tum

759 4240 809 4283 in
842 4238 1025 4291 Italia,
1047 4246 1156 4283 tum
1188 4239 1411 4283 maxime
1447 4247 1601 4285 extra
1630 4238 1857 4284 Italiam.
1883 4238 2016 4284 Vide
2046 4250 2229 4294 supra,
2251 4245 2292 4283 t.
2313 4250 2386 4295 m,
2407 4250 2528 4295 pag.
2553 4238 2631 4283 150
2649 4246 2701 4283 et
2721 4238 2816 4293 251,
2841 4244 2892 4282 et
2913 4239 2964 4283 ln
2984 4240 3080 4283 hoc
3102 4238 3224 4291 vol„

760 4308 913 4365 infra,
934 4321 983 4354 n.
1003 4310 1100 4355 823.
2543 4355 2550 4363 ,

836 4380 859 4413 ⁸
916 4380 1295 4427 “Rlcevessimo
1318 4382 1491 4437 quella
1517 4383 1569 4427 di
1592 4382 1645 4426 18
1664 4382 1725 4427 de
1750 4381 1815 4427 V.
1836 4382 1900 4426 R.
1921 4388 1975 4426 et
2003 4392 2097 4436 per
2129 4392 2226 4427 sna
2255 4382 2612 4427 commissione
2634 4383 2698 4426 de
2727 4381 2876 4427 Mtro.
2901 4380 3149 4433 Emnndo,
3171 4387 3224 4425 et

759 4458 953 4507 quanto
972 4455 1079 4498 alla
1102 4454 1337 4508 opinione
1359 4454 1513 4499 bassa
1533 4454 1675 4498 circa
1694 4454 1743 4497 le
1764 4454 1968 4506 lettere,
1989 4453 2085 4497 che
2107 4458 2332 4506 tengono
2351 4452 2390 4497 li
2411 4452 2654 4507 Pet-utini
2671 4486 2682 4505 .
2703 4451 2756 4496 dl
2775 4458 2954 4497 nostro
2977 4451 3223 4507 Collegio,

758 4526 896 4569 oltra
916 4524 1055 4569 della
1074 4524 1377 4579 esperienza
1395 4526 1711 4579 giovarebbe
1734 4526 1817 4569 sar
1845 4524 2184 4580 pronuntiare
2203 4524 2294 4568 alli
2315 4524 2542 4569 scholari
2563 4524 2786 4569 orationi
2815 4523 2978 4569 latine
3001 4524 3227 4579 publica-

756 4602 927 4642 mente
950 4602 1001 4641 et
1022 4597 1143 4642 fai-ll
1162 4605 1537 4653 rappresentnr
1556 4598 1749 4651 dialogi
1771 4597 1821 4641 ln
1842 4597 1984 4641 versi
2006 4596 2056 4641 di
2077 4598 2232 4651 quelli
2256 4596 2340 4641 del
2361 4596 2418 4640 P.
2434 4594 2586 4641 Mtro.
2609 4596 2838 4649 Andrea,
2861 4606 3004 4640 come
3024 4596 3224 4640 usiamo

754 4680 859 4723 qua
892 4670 945 4714 ln
982 4668 1175 4725 Roma,
1208 4682 1237 4714 o
1270 4670 1467 4723 sinist„
1488 4670 1768 4722 Polaticus,
1799 4680 1865 4712 ex
1887 4680 2039 4723 com„
2067 4668 2212 4714 Patri
2249 4668 2518 4713 Everardo
2553 4666 2903 4723 Mercuriano,
2923 4666 2977 4711 24
2998 4666 3226 4712 Februa-

755 4744 819 4789 rii
848 4740 967 4785 1551.
