3742 5392
1649 495 1778 555 ΑΝ.
1823 496 1965 555 1554
2926 497 3029 555 671

549 642 904 724 gradibus
941 659 1197 706 versus
1235 644 1479 723 polum
1539 651 1864 706 nostrum
1916 639 2131 722 jacet.
2172 642 2351 706 Cum
2392 641 2755 722 profectus
2797 651 2905 706 est
2941 660 3031 707 ex

549 767 648 814 ea
701 750 924 814 frater
965 759 1205 814 noster
1258 748 1507 813 Petrus
1564 749 1652 813 de
1699 749 2096 828 Alcazeba,
2144 765 2387 813 mense
2430 747 2825 828 Septembri
2874 749 3029 812 1553

559 856 639 921 P.
675 856 978 921 Cosmas
1007 857 1094 920 de
1122 857 1384 920 Torres
1415 855 1842 936 Amangucii
1869 855 2249 934 residebat,
2282 865 2351 920 et
2382 873 2544 920 cum
2574 856 2729 936 ipso
2762 855 3027 920 Eduar-

554 964 697 1028 dus
726 963 812 1026 de
841 961 1063 1044 Sylva
1093 973 1163 1026 et
1192 971 1494 1042 quatuor
1525 963 1646 1026 alii
1674 962 1958 1026 fratres

689 1069 866 1133 1450.
954 1070 1173 1134 Missa
1203 1078 1272 1133 et
1300 1069 1737 1150 praedicatio
1768 1069 1973 1132 verbi
2016 1068 2154 1132 Dei
2182 1068 2442 1132 ibidem
2470 1077 2619 1132 toto
2648 1070 2866 1133 etiam
2889 1071 3027 1134 hoc

553 1196 752 1242 ¹anno
805 1177 962 1240 1554
1002 1178 1414 1241 continuata
1459 1185 1588 1256 est;
1633 1174 1885 1239 modus
1942 1184 2181 1238 autem
2241 1175 2704 1256 praedicandi
2749 1186 2905 1240 erat
2956 1179 3033 1240 li·

556 1285 768 1349 brum
793 1284 1170 1366 quemdam
1191 1283 1490 1362 legendo
1515 1284 1588 1346 in
1603 1282 1941 1363 J'aponica
1964 1283 2206 1360 lingua
2236 1283 2603 1362 scriptum,
2630 1284 2842 1364 quod,
2870 1301 3031 1348 cum

563 1393 639 1457 P.
671 1391 730 1456 F
733 1391 1098 1455 ranciscus
1124 1391 1395 1454 Xavier
1418 1400 1606 1454 esset
1631 1389 2145 1470 Cangoximae,
2171 1387 2393 1452 Paulo
2410 1389 2782 1470 japonensi
2812 1392 3030 1455 dicta·

561 1509 789 1574 verat,
824 1507 894 1562 et
923 1499 1038 1562 ille
1069 1514 1161 1561 ex
1189 1497 1560 1578 hispanica
1591 1499 1665 1561 in
1686 1496 2153 1577 japonensem
2182 1497 2498 1575 linguam
2527 1497 2852 1562 vertebat
2888 1497 2929 1577 ¹,
2963 1508 3032 1562 et

560 1607 708 1670 fere
761 1623 1044 1686 semper
1085 1604 1175 1669 ad
1226 1603 1626 1684 hujusmodi
1671 1603 2053 1668 conciones
2094 1605 2346 1667 domus
2384 1604 2790 1668 christianis
2819 1608 3029 1685 plena

555 1723 738 1791 erat,
773 1714 894 1793 qui
924 1731 1086 1777 cum
1114 1713 1414 1791 singulis
1445 1712 1806 1776 mensibus
1833 1728 2187 1791 pauperes
2230 1711 2562 1774 convivio
2593 1712 3028 1793 exciperent,

557 1821 757 1884 domi
793 1831 1081 1884 nostrae
1119 1820 1352 1884 cibum
1395 1820 1840 1899 spiritualem
1890 1819 2215 1881 concioni
2255 1819 2827 1898 praemittebant:
2866 1837 3033 1900 quo-

563 1925 732 1990 tidie
759 1927 998 2007 aliqui,
1033 1935 1102 1988 et
1131 1926 1415 2006 quidem
1445 1943 1536 1988 ex
1564 1925 2048 2003 nobilioribuS,
2094 1925 2308 1988 etiam
2349 1941 2439 1986 ex
2486 1926 2749 2005 palatio
2784 1925 3025 2006 RegiS,

553 2035 658 2098 -ad
695 2034 958 2098 Christi
985 2034 1195 2097 fidem
1245 2033 1702 2111 accedebant,
1744 2051 1836 2096 ex
1865 2031 2119 2112 quibus
2148 2031 2339 2095 domi
2376 2049 2549 2094 suae
2588 2032 2705 2095 hic
2746 2032 3031 2113 quinde-

564 2141 725 2221 cim,
768 2143 882 2205 ille
921 2141 1175 2220 viginti
1216 2156 1563 2222 personas
1611 2141 1702 2203 ad
1742 2139 2118 2203 veritatem
2162 2147 2450 2202 nostrae
2490 2139 2855 2218 religionis
2906 2141 3035 2204 ad·

551 2249 888 2314 ducebat.

689 2355 864 2420 1451.
952 2357 1062 2420 Ex
1100 2356 1443 2438 primaria
1481 2355 1776 2419 civitate
1816 2351 2067 2416 Meaco
2106 2351 2245 2415 duo
2284 2352 2490 2416 bonzi
2533 2355 2907 2418 christiani
2934 2355 3029 2418 ef·

563 2462 730 2527 secti
761 2474 948 2542 sunt,
983 2482 1283 2545 quorum
1321 2466 1500 2527 alter
1538 2463 1611 2525 in
1641 2461 1890 2543 primis
1934 2458 2254 2522 eruditus
2292 2460 2476 2523 inter
2505 2463 2699 2541 ipsos
2728 2463 3030 2526 habeba-

565 2581 700 2650 tur,
735 2572 878 2650 qui,
912 2580 1072 2652 post
1111 2573 1373 2634 multas
1397 2570 1999 2648 interrogationes
2034 2572 2227 2635 circa
2265 2571 2681 2635 Creatorem
2710 2570 3031 2633 universi

563 2687 632 2742 et
682 2679 994 2741 animam
1045 2678 1155 2758 (de
1205 2679 1455 2758 quibus
1498 2695 1639 2741 non
1690 2679 1870 2742 bene
1910 2678 2308 2757 sentiebat),
2355 2696 2484 2758 per
2512 2678 2588 2742 P.
2624 2677 2959 2742 Cosmum
2988 2695 3028 2740 a

565 2784 869 2849 Domino
911 2786 1301 2848 illustratus
1329 2794 1460 2864 est,
1494 2794 1564 2849 et
1606 2785 1679 2848 in
1718 2785 1935 2850 alium
1964 2786 2321 2849 hominem
2350 2793 2684 2848 mutatus:
2718 2785 2894 2848 nihil
2926 2795 3029 2848 ta-

565 2909 726 2954 men
756 2891 886 2954 hos
913 2892 1178 2955 bonzos
1208 2893 1440 2971 magis
1469 2892 1693 2955 movit
1722 2909 1937 2972 quam
1961 2893 2362 2972 exemplum
2384 2890 2817 2954 christianae
2841 2893 3033 2956 vitae

565 2998 1140 3063 christianorum.
1171 2998 1462 3063 Relictis
1493 3009 1729 3063 autem
1757 2997 2066 3077 negotiis
2107 3007 2183 3061 ut
2224 3015 2303 3061 se
2340 3007 2567 3062 totum
2605 2999 2818 3062 rebus
2858 2999 3030 3063 divi·

565 3106 676 3169 nis
705 3107 930 3185 daret,
955 3107 1039 3183 iS,
1073 3123 1282 3186 quem
1305 3106 1762 3169 eruditiorem
1792 3105 1968 3184 dixi,
2000 3103 2288 3168 domum
2316 3122 2536 3184 prope
2569 3112 2891 3168 nostram
2920 3123 3034 3168 ac·

557 3213 772 3293 cepit,
806 3213 923 3276 ubi
954 3213 1280 3276 manibus
1309 3213 1457 3275 suis
1486 3212 1755 3276 victum
1783 3227 2157 3291 quaerens,
2201 3212 2513 3275 scribere
2542 3211 2759 3274 etiam
2786 3222 3033 3276 nostro

570 3336 766 3383 more
795 3319 1060 3399 didicit,
1094 3329 1164 3382 et
1195 3319 1528 3399 sperabat
1557 3317 1634 3380 P.
1668 3318 1973 3383 Cosmus
2002 3319 2257 3382 horum
2286 3317 2591 3382 duorum
2620 3335 2911 3398 operam
2941 3319 3033 3382 ad

569 3423 706 3489 Dei
732 3427 1038 3506 gloriam
1070 3427 1141 3489 in
1167 3428 1439 3509 Japone
1468 3425 2032 3506 promovendam
2057 3425 2296 3488 utilem
2328 3425 2504 3489 fore.

693 3533 869 3596 1452.
958 3533 1408 3598 Christianus
1457 3533 1671 3596 etiam
1721 3532 2014 3596 effectus
2052 3541 2161 3595 est
2190 3533 2304 3596 vir
2344 3531 2665 3613 quidam,
2711 3533 2829 3614 qui
2874 3550 3035 3596 cum

557 3639 1085 3722 quinquaginta
1136 3657 1360 3703 annos
1414 3649 1625 3704 natus
1683 3649 1895 3718 esset,
1964 3646 2201 3702 sectas
2253 3638 2751 3720 J'aponensium
2804 3657 3033 3703 vanas

559 3763 725 3811 -esse
767 3747 1192 3826 intelligenS,
1235 3747 1411 3811 nihil
1455 3748 1760 3811 adorare
1799 3748 2152 3810 voluerat.
2182 3745 2316 3808 Vir
2352 3746 2468 3810 hic
2508 3746 2924 3826 ingeniosus
2964 3757 3032 3810 et

569 3854 879 3935 prudens
920 3863 1096 3933 erat,
1131 3853 1414 3916 nomine
1459 3851 1743 3932 PauluS,
1777 3871 1986 3934 quem
2037 3853 2284 3916 uxoris
2334 3853 2665 3933 propriae
2709 3854 3035 3917 doctrina

565 3979 746 4026 sana
788 3962 978 4040 (nam
1009 3960 1274 4025 Christi
1301 3959 1509 4024 fidem
1539 3963 1939 4040 acceperat)
1984 3969 2060 4022 ut
2092 3960 2525 4024 christianus
2558 3969 2627 4022 et
2656 3959 2809 4040 ipse
2838 3959 3035 4024 fieret

570 4069 978 4146 commovit,
1023 4077 1092 4132 et
1134 4069 1560 4148 simulatque
1600 4068 1913 4148 suscepit
1952 4067 2183 4146 fidem,
2230 4085 2375 4130 non
2414 4069 2645 4130 solum
2676 4067 3035 4131 orationes

557 4176 812 4241 didicit
851 4186 922 4239 et
961 4193 1307 4238 coronam
1333 4176 1449 4239 vel
1488 4175 1844 4238 rosarium
1886 4191 2049 4238 cum
2080 4192 2292 4238 cruce
2332 4191 2463 4238 sua
2494 4192 2709 4238 manu
2735 4175 3031 4255 propria

557 4283 889 4363 confecit,
925 4282 1050 4346 sed
1073 4300 1166 4345 ex
1191 4282 1369 4345 libro
1393 4281 1534 4356 illc,
1564 4298 1774 4363 quem
1795 4281 1869 4343 in
1894 4279 2355 4361 japonensem
2382 4282 2700 4360 linguam
2724 4281 3037 4344 diximus

565 4408 855 4455 versum
881 4391 1122 4468 fuisse,
1157 4405 1288 4452 sua
1317 4405 1532 4452 manu
1563 4405 1901 4468 magnam
1930 4387 2310 4468 descripsit
2340 4397 2641 4467 partem,
2668 4397 2737 4452 et
2762 4387 2853 4451 ad
2877 4405 3037 4450 eam

649 4599 664 4631 ¹
721 4597 855 4643 Vide
875 4609 1050 4654 supra,
1072 4605 1116 4642 t.
1141 4609 1174 4650 ι,
1197 4609 1326 4652 pag.
1349 4599 1447 4648 464.
1467 4610 1522 4642 n.
1551 4598 1648 4651 511,
1668 4598 1754 4642 ubl
1791 4598 2016 4642 observa
2046 4595 2235 4640 librum
2270 4595 2425 4646 hunc,
2451 4605 2483 4638 a
2516 4592 2749 4638 Xaverio
2783 4595 3039 4649 composi·

561 4677 674 4714 tum
695 4675 748 4714 et
768 4683 801 4714 a
822 4671 983 4715 Paulo
1003 4669 1198 4714 Santae
1220 4669 1366 4714 Fidei
1389 4669 1440 4714 in
1459 4671 1692 4726 linguam
1707 4669 2003 4725 japonicam
2027 4677 2251 4720 versum,
2276 4667 2607 4720 impressum
2644 4664 2743 4710 dici
2772 4665 2879 4721 jam
2901 4677 3037 4710 anno

567 4741 694 4786 1549.
718 4741 848 4798 EJus
867 4742 1100 4786 meminit
1119 4741 1486 4794 081.Axi>mt,1.
1507 4754 1570 4796 c.,
1595 4742 1681 4786 lib.
1699 4753 1808 4794 xiv,
1830 4753 1862 4784 n
1909 4741 1997 4784 15-1.
