<?xml version="1.0" encoding="UTF-8"?>
<!DOCTYPE html PUBLIC "-//W3C//DTD XHTML 1.0 Transitional//EN"
    "http://www.w3.org/TR/xhtml1/DTD/xhtml1-transitional.dtd">
<html xmlns="http://www.w3.org/1999/xhtml" xml:lang="en" lang="en">
 <head>
  <title>
</title>
<meta http-equiv="Content-Type" content="text/html;charset=utf-8" />
  <meta name='ocr-system' content='tesseract 3.04.00' />
  <meta name='ocr-capabilities' content='ocr_page ocr_carea ocr_par ocr_line ocrx_word'/>
</head>
<body>
  <div class='ocr_page' id='page_1' title='image "./vitaignatiiloio02polagoog_0428.png"; bbox 0 0 3742 5392; ppageno 0'>
   <div class='ocr_carea' id='block_1_1' title="bbox 729 418 2289 495">
    <p class='ocr_par' dir='ltr' id='par_1_1' title="bbox 729 418 2289 495">
     <span class='ocr_line' id='line_1_1' title="bbox 729 418 2289 495; baseline -0.001 -16"><span class='ocrx_word' id='word_1_1' title='bbox 729 422 842 479; x_wconf 76' lang='lat'><strong>⁴18</strong></span> <span class='ocrx_word' id='word_1_2' title='bbox 1653 419 1911 481; x_wconf 70' lang='lat' dir='ltr'><strong>Canon.</strong></span> <span class='ocrx_word' id='word_1_3' title='bbox 1952 418 2107 481; x_wconf 72' lang='lat' dir='ltr'><strong>Soc,</strong></span> <span class='ocrx_word' id='word_1_4' title='bbox 2146 421 2289 495; x_wconf 75' lang='lat' dir='ltr'><strong>Jns.</strong></span> 
     </span>
    </p>
   </div>
   <div class='ocr_carea' id='block_1_2' title="bbox 707 564 3213 4705">
    <p class='ocr_par' dir='ltr' id='par_1_2' title="bbox 717 564 3213 1715">
     <span class='ocr_line' id='line_1_2' title="bbox 849 564 3205 646; baseline 0.001 -17"><span class='ocrx_word' id='word_1_5' title='bbox 849 564 988 630; x_wconf 91' lang='grc'>900.</span> <span class='ocrx_word' id='word_1_6' title='bbox 1077 566 1158 631; x_wconf 90' lang='lat' dir='ltr'><strong>In</strong></span> <span class='ocrx_word' id='word_1_7' title='bbox 1185 566 1736 646; x_wconf 88' lang='lat' dir='ltr'><strong>quadragesima</strong></span> <span class='ocrx_word' id='word_1_8' title='bbox 1776 575 2019 630; x_wconf 88' lang='lat' dir='ltr'><strong>autem</strong></span> <span class='ocrx_word' id='word_1_9' title='bbox 2056 566 2541 629; x_wconf 88' lang='lat' dir='ltr'><strong>necessarium</strong></span> <span class='ocrx_word' id='word_1_10' title='bbox 2580 566 2712 631; x_wconf 92' lang='lat' dir='ltr'><strong>fuit</strong></span> <span class='ocrx_word' id='word_1_11' title='bbox 2750 576 2829 630; x_wconf 90' lang='lat' dir='ltr'><strong>ut</strong></span> <span class='ocrx_word' id='word_1_12' title='bbox 2866 569 3205 631; x_wconf 84' lang='lat' dir='ltr'><strong>sacerdo—</strong></span> 
     </span>
     <span class='ocr_line' id='line_1_3' title="bbox 724 672 3207 753; baseline 0.001 -17"><span class='ocrx_word' id='word_1_13' title='bbox 724 683 858 753; x_wconf 67' lang='grc' dir='ltr'><strong>τες,</strong></span> <span class='ocrx_word' id='word_1_14' title='bbox 893 673 1145 737; x_wconf 90' lang='lat' dir='ltr'><strong>studiis</strong></span> <span class='ocrx_word' id='word_1_15' title='bbox 1175 674 1501 737; x_wconf 90' lang='lat' dir='ltr'><strong>omnibus</strong></span> <span class='ocrx_word' id='word_1_16' title='bbox 1529 674 1822 751; x_wconf 81' lang='lat' dir='ltr'><strong>relictiS,</strong></span> <span class='ocrx_word' id='word_1_17' title='bbox 1857 673 2023 737; x_wconf 91' lang='lat' dir='ltr'><strong>huic</strong></span> <span class='ocrx_word' id='word_1_18' title='bbox 2052 674 2177 737; x_wconf 91' lang='lat' dir='ltr'><strong>uni</strong></span> <span class='ocrx_word' id='word_1_19' title='bbox 2206 673 2691 737; x_wconf 87' lang='lat' dir='ltr'><strong>confessiones</strong></span> <span class='ocrx_word' id='word_1_20' title='bbox 2720 672 3053 738; x_wconf 89' lang='lat' dir='ltr'><strong>audiendi</strong></span> <span class='ocrx_word' id='word_1_21' title='bbox 3084 694 3207 739; x_wconf 77' lang='lat' dir='ltr'><strong>oc—</strong></span> 
     </span>
     <span class='ocr_line' id='line_1_4' title="bbox 722 778 3198 861; baseline 0 -16"><span class='ocrx_word' id='word_1_22' title='bbox 722 780 1088 860; x_wconf 89' lang='lat' dir='ltr'><strong>cupationi</strong></span> <span class='ocrx_word' id='word_1_23' title='bbox 1125 789 1505 859; x_wconf 82' lang='lat' dir='ltr'><strong>vacarent;</strong></span> <span class='ocrx_word' id='word_1_24' title='bbox 1540 778 1923 861; x_wconf 90' lang='lat' dir='ltr'><strong>aliquando</strong></span> <span class='ocrx_word' id='word_1_25' title='bbox 1962 780 2153 843; x_wconf 90' lang='lat' dir='ltr'><strong>enim</strong></span> <span class='ocrx_word' id='word_1_26' title='bbox 2188 797 2331 843; x_wconf 90' lang='lat' dir='ltr'><strong>uno</strong></span> <span class='ocrx_word' id='word_1_27' title='bbox 2360 780 2475 844; x_wconf 91' lang='lat' dir='ltr'><strong>die</strong></span> <span class='ocrx_word' id='word_1_28' title='bbox 2516 782 2883 861; x_wconf 86' lang='lat' dir='ltr'><strong>octoginta</strong></span> <span class='ocrx_word' id='word_1_29' title='bbox 2922 782 3198 847; x_wconf 88' lang='lat' dir='ltr'><strong>schola·</strong></span> 
     </span>
     <span class='ocr_line' id='line_1_5' title="bbox 719 886 3197 967; baseline 0.001 -16"><span class='ocrx_word' id='word_1_30' title='bbox 719 887 883 951; x_wconf 92' lang='lat' dir='ltr'><strong>stici</strong></span> <span class='ocrx_word' id='word_1_31' title='bbox 912 886 1379 951; x_wconf 89' lang='lat' dir='ltr'><strong>confessionis</strong></span> <span class='ocrx_word' id='word_1_32' title='bbox 1417 888 1653 966; x_wconf 91' lang='lat' dir='ltr'><strong>gratia</strong></span> <span class='ocrx_word' id='word_1_33' title='bbox 1687 887 1975 951; x_wconf 90' lang='lat' dir='ltr'><strong>domum</strong></span> <span class='ocrx_word' id='word_1_34' title='bbox 2016 887 2435 967; x_wconf 89' lang='lat' dir='ltr'><strong>veniebant,</strong></span> <span class='ocrx_word' id='word_1_35' title='bbox 2468 896 2539 951; x_wconf 91' lang='lat' dir='ltr'><strong>et</strong></span> <span class='ocrx_word' id='word_1_36' title='bbox 2576 888 3096 953; x_wconf 85' lang='lat' dir='ltr'>observabatur</span> <span class='ocrx_word' id='word_1_37' title='bbox 3124 891 3197 953; x_wconf 92' lang='lat' dir='ltr'><strong>in</strong></span> 
     </span>
     <span class='ocr_line' id='line_1_6' title="bbox 723 992 3198 1075; baseline 0.001 -18"><span class='ocrx_word' id='word_1_38' title='bbox 723 992 1126 1074; x_wconf 88' lang='lat' dir='ltr'><strong>hujusmodi</strong></span> <span class='ocrx_word' id='word_1_39' title='bbox 1163 1010 1428 1074; x_wconf 88' lang='lat' dir='ltr'><strong>magna</strong></span> <span class='ocrx_word' id='word_1_40' title='bbox 1467 994 1820 1075; x_wconf 83' lang='lat' dir='ltr'><strong>quaedam</strong></span> <span class='ocrx_word' id='word_1_41' title='bbox 1857 1010 2137 1057; x_wconf 90' lang='lat' dir='ltr'><strong>morum</strong></span> <span class='ocrx_word' id='word_1_42' title='bbox 2166 994 2467 1058; x_wconf 90' lang='lat' dir='ltr'><strong>mutatio</strong></span> <span class='ocrx_word' id='word_1_43' title='bbox 2506 1012 2592 1057; x_wconf 91' lang='lat' dir='ltr'><strong>ac</strong></span> <span class='ocrx_word' id='word_1_44' title='bbox 2622 995 2815 1058; x_wconf 89' lang='lat' dir='ltr'><strong>vitae</strong></span> <span class='ocrx_word' id='word_1_45' title='bbox 2856 995 3198 1060; x_wconf 89' lang='lat' dir='ltr'><strong>reforma·</strong></span> 
     </span>
     <span class='ocr_line' id='line_1_7' title="bbox 719 1100 3193 1184; baseline 0.001 -19"><span class='ocrx_word' id='word_1_46' title='bbox 719 1102 844 1179; x_wconf 86' lang='lat' dir='ltr'><strong>tio;</strong></span> <span class='ocrx_word' id='word_1_47' title='bbox 877 1113 946 1165; x_wconf 91' lang='lat' dir='ltr'><strong>et</strong></span> <span class='ocrx_word' id='word_1_48' title='bbox 989 1118 1154 1165; x_wconf 91' lang='lat' dir='ltr'><strong>cum</strong></span> <span class='ocrx_word' id='word_1_49' title='bbox 1197 1102 1270 1164; x_wconf 91' lang='lat' dir='ltr'><strong>in</strong></span> <span class='ocrx_word' id='word_1_50' title='bbox 1315 1109 1586 1165; x_wconf 87' lang='lat' dir='ltr'><strong>aestate</strong></span> <span class='ocrx_word' id='word_1_51' title='bbox 1616 1100 2028 1165; x_wconf 87' lang='lat' dir='ltr'>scholastici</span> <span class='ocrx_word' id='word_1_52' title='bbox 2072 1100 2503 1165; x_wconf 83' lang='lat' dir='ltr'><strong>recedebant</strong></span> <span class='ocrx_word' id='word_1_53' title='bbox 2538 1118 2803 1181; x_wconf 89' lang='lat' dir='ltr'><strong>magna</strong></span> <span class='ocrx_word' id='word_1_54' title='bbox 2842 1120 2935 1165; x_wconf 84' lang='lat' dir='ltr'><strong>ex</strong></span> <span class='ocrx_word' id='word_1_55' title='bbox 2963 1115 3193 1184; x_wconf 86' lang='lat' dir='ltr'><strong>parte,</strong></span> 
     </span>
     <span class='ocr_line' id='line_1_8' title="bbox 719 1208 3195 1289; baseline 0.001 -18"><span class='ocrx_word' id='word_1_56' title='bbox 719 1209 910 1288; x_wconf 91' lang='lat' dir='ltr'><strong>quod</strong></span> <span class='ocrx_word' id='word_1_57' title='bbox 937 1216 982 1271; x_wconf 86' lang='lat' dir='ltr'><strong>a</strong></span> <span class='ocrx_word' id='word_1_58' title='bbox 1011 1209 1268 1272; x_wconf 89' lang='lat' dir='ltr'><strong>studiis</strong></span> <span class='ocrx_word' id='word_1_59' title='bbox 1299 1226 1384 1271; x_wconf 88' lang='lat' dir='ltr'><strong>eo</strong></span> <span class='ocrx_word' id='word_1_60' title='bbox 1413 1218 1730 1287; x_wconf 90' lang='lat' dir='ltr'><strong>tempore</strong></span> <span class='ocrx_word' id='word_1_61' title='bbox 1759 1216 2180 1287; x_wconf 88' lang='lat' dir='ltr'><strong>vacaretur,</strong></span> <span class='ocrx_word' id='word_1_62' title='bbox 2216 1208 2457 1288; x_wconf 91' lang='lat' dir='ltr'><strong>populi</strong></span> <span class='ocrx_word' id='word_1_63' title='bbox 2485 1210 2994 1289; x_wconf 84' lang='lat' dir='ltr'><strong>complutensis</strong></span> <span class='ocrx_word' id='word_1_64' title='bbox 3024 1214 3195 1274; x_wconf 90' lang='lat' dir='ltr'><strong>mul-</strong></span> 
     </span>
     <span class='ocr_line' id='line_1_9' title="bbox 717 1315 3197 1396; baseline 0.001 -17"><span class='ocrx_word' id='word_1_65' title='bbox 717 1315 947 1379; x_wconf 89' lang='lat' dir='ltr'><strong>titudo</strong></span> <span class='ocrx_word' id='word_1_66' title='bbox 974 1317 1278 1379; x_wconf 89' lang='lat' dir='ltr'><strong>multum</strong></span> <span class='ocrx_word' id='word_1_67' title='bbox 1303 1316 1574 1395; x_wconf 86' lang='lat' dir='ltr'><strong>negotii</strong></span> <span class='ocrx_word' id='word_1_68' title='bbox 1594 1316 1858 1379; x_wconf 90' lang='lat' dir='ltr'><strong>nostris</strong></span> <span class='ocrx_word' id='word_1_69' title='bbox 1892 1315 2296 1392; x_wconf 84' lang='lat' dir='ltr'><strong>exhibebat,</strong></span> <span class='ocrx_word' id='word_1_70' title='bbox 2324 1332 2415 1379; x_wconf 85' lang='lat' dir='ltr'><strong>ex</strong></span> <span class='ocrx_word' id='word_1_71' title='bbox 2438 1316 2690 1395; x_wconf 89' lang='lat' dir='ltr'><strong>quibus</strong></span> <span class='ocrx_word' id='word_1_72' title='bbox 2718 1316 3004 1396; x_wconf 88' lang='lat' dir='ltr'>plurimi</span> <span class='ocrx_word' id='word_1_73' title='bbox 3032 1335 3197 1381; x_wconf 91' lang='lat' dir='ltr'><strong>con-</strong></span> 
     </span>
     <span class='ocr_line' id='line_1_10' title="bbox 723 1422 3213 1503; baseline 0.001 -18"><span class='ocrx_word' id='word_1_74' title='bbox 723 1422 1073 1485; x_wconf 85' lang='lat' dir='ltr'><strong>fessiones</strong></span> <span class='ocrx_word' id='word_1_75' title='bbox 1113 1424 1487 1503; x_wconf 84' lang='lat' dir='ltr'><strong>generales</strong></span> <span class='ocrx_word' id='word_1_76' title='bbox 1525 1439 1686 1485; x_wconf 90' lang='lat' dir='ltr'><strong>cum</strong></span> <span class='ocrx_word' id='word_1_77' title='bbox 1727 1438 1993 1501; x_wconf 89' lang='lat' dir='ltr'><strong>magno</strong></span> <span class='ocrx_word' id='word_1_78' title='bbox 2032 1422 2267 1485; x_wconf 90' lang='lat' dir='ltr'><strong>fructu</strong></span> <span class='ocrx_word' id='word_1_79' title='bbox 2306 1423 2781 1502; x_wconf 86' lang='lat' dir='ltr'><strong>peragebant;</strong></span> <span class='ocrx_word' id='word_1_80' title='bbox 2812 1440 2903 1486; x_wconf 85' lang='lat' dir='ltr'><strong>ex</strong></span> <span class='ocrx_word' id='word_1_81' title='bbox 2946 1423 3213 1503; x_wconf 90' lang='lat' dir='ltr'><strong>quibus.</strong></span> 
     </span>
     <span class='ocr_line' id='line_1_11' title="bbox 721 1528 3197 1609; baseline 0 -17"><span class='ocrx_word' id='word_1_82' title='bbox 721 1528 920 1593; x_wconf 91' lang='lat' dir='ltr'><strong>multi</strong></span> <span class='ocrx_word' id='word_1_83' title='bbox 949 1529 1042 1593; x_wconf 91' lang='lat' dir='ltr'><strong>ad</strong></span> <span class='ocrx_word' id='word_1_84' title='bbox 1070 1529 1209 1593; x_wconf 94' lang='lat' dir='ltr'><strong>Dei</strong></span> <span class='ocrx_word' id='word_1_85' title='bbox 1239 1529 1610 1592; x_wconf 88' lang='lat' dir='ltr'><strong>servitium</strong></span> <span class='ocrx_word' id='word_1_86' title='bbox 1641 1528 2026 1605; x_wconf 87' lang='lat' dir='ltr'><strong>redierunt,</strong></span> <span class='ocrx_word' id='word_1_87' title='bbox 2060 1528 2182 1609; x_wconf 89' lang='lat' dir='ltr'><strong>qui</strong></span> <span class='ocrx_word' id='word_1_88' title='bbox 2205 1530 2451 1609; x_wconf 91' lang='lat' dir='ltr'><strong>procul</strong></span> <span class='ocrx_word' id='word_1_89' title='bbox 2483 1529 2571 1591; x_wconf 89' lang='lat' dir='ltr'><strong>ab</strong></span> <span class='ocrx_word' id='word_1_90' title='bbox 2594 1528 2701 1591; x_wconf 92' lang='lat' dir='ltr'><strong>Eo</strong></span> <span class='ocrx_word' id='word_1_91' title='bbox 2732 1538 2801 1593; x_wconf 91' lang='lat' dir='ltr'><strong>et</strong></span> <span class='ocrx_word' id='word_1_92' title='bbox 2830 1546 2995 1593; x_wconf 90' lang='lat' dir='ltr'><strong>cum</strong></span> <span class='ocrx_word' id='word_1_93' title='bbox 3025 1530 3197 1593; x_wconf 90' lang='lat' dir='ltr'><strong>alio-</strong></span> 
     </span>
     <span class='ocr_line' id='line_1_12' title="bbox 719 1635 2184 1715; baseline -0.002 -15"><span class='ocrx_word' id='word_1_94' title='bbox 719 1654 880 1700; x_wconf 86' lang='lat' dir='ltr'><strong>r-um</strong></span> <span class='ocrx_word' id='word_1_95' title='bbox 908 1635 1328 1699; x_wconf 80' lang='lat' dir='ltr'><strong>offendiculo</strong></span> <span class='ocrx_word' id='word_1_96' title='bbox 1357 1636 1586 1699; x_wconf 83' lang='lat' dir='ltr'><strong>vitam</strong></span> <span class='ocrx_word' id='word_1_97' title='bbox 1615 1635 1820 1715; x_wconf 89' lang='lat' dir='ltr'><strong>prius</strong></span> <span class='ocrx_word' id='word_1_98' title='bbox 1851 1635 2184 1715; x_wconf 88' lang='lat' dir='ltr'><strong>agebant.</strong></span> 
     </span>
    </p>

    <p class='ocr_par' dir='ltr' id='par_1_3' title="bbox 717 1741 3199 3957">
     <span class='ocr_line' id='line_1_13' title="bbox 843 1741 3195 1823; baseline 0 -17"><span class='ocrx_word' id='word_1_99' title='bbox 843 1742 986 1806; x_wconf 89' lang='lat'>901.</span> <span class='ocrx_word' id='word_1_100' title='bbox 1076 1743 1252 1806; x_wconf 87' lang='lat' dir='ltr'><strong>Erat</strong></span> <span class='ocrx_word' id='word_1_101' title='bbox 1281 1742 1466 1806; x_wconf 88' lang='lat' dir='ltr'><strong>inter</strong></span> <span class='ocrx_word' id='word_1_102' title='bbox 1493 1741 1628 1805; x_wconf 92' lang='lat' dir='ltr'><strong>hos</strong></span> <span class='ocrx_word' id='word_1_103' title='bbox 1657 1743 1801 1823; x_wconf 90' lang='lat' dir='ltr'><strong>qui,</strong></span> <span class='ocrx_word' id='word_1_104' title='bbox 1833 1759 1999 1805; x_wconf 91' lang='lat' dir='ltr'><strong>cum</strong></span> <span class='ocrx_word' id='word_1_105' title='bbox 2039 1744 2300 1805; x_wconf 89' lang='lat' dir='ltr'><strong>multos</strong></span> <span class='ocrx_word' id='word_1_106' title='bbox 2340 1759 2567 1805; x_wconf 89' lang='lat' dir='ltr'><strong>annos</strong></span> <span class='ocrx_word' id='word_1_107' title='bbox 2597 1743 2833 1822; x_wconf 90' lang='lat' dir='ltr'><strong>aliquo</strong></span> <span class='ocrx_word' id='word_1_108' title='bbox 2872 1744 3045 1806; x_wconf 80' lang='lat' dir='ltr'><strong>vitio</strong></span> <span class='ocrx_word' id='word_1_109' title='bbox 3090 1746 3195 1807; x_wconf 88' lang='lat' dir='ltr'><strong>in·</strong></span> 
     </span>
     <span class='ocr_line' id='line_1_14' title="bbox 721 1848 3193 1930; baseline 0 -19"><span class='ocrx_word' id='word_1_110' title='bbox 721 1849 1139 1926; x_wconf 87' lang='lat' dir='ltr'><strong>sorduisset,</strong></span> <span class='ocrx_word' id='word_1_111' title='bbox 1191 1865 1487 1929; x_wconf 90' lang='lat' dir='ltr'><strong>prorsus</strong></span> <span class='ocrx_word' id='word_1_112' title='bbox 1537 1848 1624 1911; x_wconf 93' lang='lat' dir='ltr'><strong>de</strong></span> <span class='ocrx_word' id='word_1_113' title='bbox 1675 1848 2169 1912; x_wconf 90' lang='lat' dir='ltr'><strong>emendatione</strong></span> <span class='ocrx_word' id='word_1_114' title='bbox 2220 1848 2668 1930; x_wconf 88' lang='lat' dir='ltr'><strong>desperabat;</strong></span> <span class='ocrx_word' id='word_1_115' title='bbox 2723 1859 2984 1924; x_wconf 88' lang='lat' dir='ltr'><strong>tamen,</strong></span> <span class='ocrx_word' id='word_1_116' title='bbox 3038 1848 3193 1913; x_wconf 89' lang='lat' dir='ltr'><strong>Deo</strong></span> 
     </span>
     <span class='ocr_line' id='line_1_15' title="bbox 718 1955 3191 2037; baseline 0 -18"><span class='ocrx_word' id='word_1_117' title='bbox 718 1957 1050 2037; x_wconf 89' lang='lat' dir='ltr'><strong>propiti0,</strong></span> <span class='ocrx_word' id='word_1_118' title='bbox 1085 1966 1250 2036; x_wconf 88' lang='lat' dir='ltr'><strong>post</strong></span> <span class='ocrx_word' id='word_1_119' title='bbox 1277 1955 1804 2019; x_wconf 86' lang='lat' dir='ltr'><strong>confessionem</strong></span> <span class='ocrx_word' id='word_1_120' title='bbox 1829 1956 2241 2035; x_wconf 85' lang='lat' dir='ltr'><strong>generalem</strong></span> <span class='ocrx_word' id='word_1_121' title='bbox 2270 1955 2363 2019; x_wconf 91' lang='lat' dir='ltr'><strong>ad</strong></span> <span class='ocrx_word' id='word_1_122' title='bbox 2384 1956 2823 2037; x_wconf 86' lang='lat' dir='ltr'><strong>frequentem</strong></span> <span class='ocrx_word' id='word_1_123' title='bbox 2850 1972 3055 2020; x_wconf 90' lang='lat' dir='ltr'><strong>usum</strong></span> <span class='ocrx_word' id='word_1_124' title='bbox 3084 1975 3191 2020; x_wconf 91' lang='lat' dir='ltr'><strong>sa-</strong></span> 
     </span>
     <span class='ocr_line' id='line_1_16' title="bbox 723 2062 3191 2140; baseline 0.001 -15"><span class='ocrx_word' id='word_1_125' title='bbox 723 2072 1254 2127; x_wconf 83' lang='lat' dir='ltr'><strong>cramentorum</strong></span> <span class='ocrx_word' id='word_1_126' title='bbox 1279 2062 1654 2140; x_wconf 85' lang='lat' dir='ltr'><strong>adductuS,</strong></span> <span class='ocrx_word' id='word_1_127' title='bbox 1681 2063 2071 2126; x_wconf 89' lang='lat' dir='ltr'><strong>remedium</strong></span> <span class='ocrx_word' id='word_1_128' title='bbox 2099 2079 2257 2125; x_wconf 88' lang='lat' dir='ltr'><strong>esse</strong></span> <span class='ocrx_word' id='word_1_129' title='bbox 2276 2062 2417 2125; x_wconf 88' lang='lat' dir='ltr'><strong>hoc</strong></span> <span class='ocrx_word' id='word_1_130' title='bbox 2442 2062 3009 2127; x_wconf 86' lang='lat' dir='ltr'><strong>efficacissimum</strong></span> <span class='ocrx_word' id='word_1_131' title='bbox 3032 2081 3191 2127; x_wconf 92' lang='lat' dir='ltr'><strong>con·</strong></span> 
     </span>
     <span class='ocr_line' id='line_1_17' title="bbox 719 2168 3197 2249; baseline 0 -16"><span class='ocrx_word' id='word_1_132' title='bbox 719 2180 833 2234; x_wconf 87' lang='lat' dir='ltr'><strong>tra</strong></span> <span class='ocrx_word' id='word_1_133' title='bbox 863 2171 1344 2235; x_wconf 83' lang='lat' dir='ltr'><strong>inveteratum</strong></span> <span class='ocrx_word' id='word_1_134' title='bbox 1373 2169 1697 2232; x_wconf 87' lang='lat' dir='ltr'><strong>morbum</strong></span> <span class='ocrx_word' id='word_1_135' title='bbox 1726 2186 1935 2232; x_wconf 89' lang='lat' dir='ltr'><strong>suum</strong></span> <span class='ocrx_word' id='word_1_136' title='bbox 1965 2178 2305 2249; x_wconf 87' lang='lat' dir='ltr'><strong>expertus</strong></span> <span class='ocrx_word' id='word_1_137' title='bbox 2334 2178 2461 2233; x_wconf 91' lang='lat' dir='ltr'><strong>est.</strong></span> <span class='ocrx_word' id='word_1_138' title='bbox 2494 2170 2652 2232; x_wconf 86' lang='lat' dir='ltr'><strong>Hac</strong></span> <span class='ocrx_word' id='word_1_139' title='bbox 2676 2170 2887 2233; x_wconf 89' lang='lat' dir='ltr'><strong>etiam</strong></span> <span class='ocrx_word' id='word_1_140' title='bbox 2919 2168 3197 2233; x_wconf 88' lang='lat' dir='ltr'><strong>ratione</strong></span> 
     </span>
     <span class='ocr_line' id='line_1_18' title="bbox 721 2274 3191 2356; baseline 0 -15"><span class='ocrx_word' id='word_1_141' title='bbox 721 2296 762 2340; x_wconf 92' lang='lat' dir='ltr'><strong>a</strong></span> <span class='ocrx_word' id='word_1_142' title='bbox 799 2278 1060 2341; x_wconf 87' lang='lat' dir='ltr'><strong>misero</strong></span> <span class='ocrx_word' id='word_1_143' title='bbox 1092 2286 1282 2339; x_wconf 89' lang='lat' dir='ltr'><strong>statu</strong></span> <span class='ocrx_word' id='word_1_144' title='bbox 1311 2275 1490 2339; x_wconf 90' lang='lat' dir='ltr'><strong>alios</strong></span> <span class='ocrx_word' id='word_1_145' title='bbox 1511 2293 1654 2339; x_wconf 90' lang='lat' dir='ltr'><strong>non</strong></span> <span class='ocrx_word' id='word_1_146' title='bbox 1682 2293 1953 2356; x_wconf 90' lang='lat' dir='ltr'><strong>paucos</strong></span> <span class='ocrx_word' id='word_1_147' title='bbox 1977 2276 2175 2339; x_wconf 90' lang='lat' dir='ltr'><strong>Deus</strong></span> <span class='ocrx_word' id='word_1_148' title='bbox 2196 2276 2547 2339; x_wconf 88' lang='lat' dir='ltr'><strong>liberavit.</strong></span> <span class='ocrx_word' id='word_1_149' title='bbox 2574 2274 2713 2339; x_wconf 89' lang='lat' dir='ltr'><strong>Sed</strong></span> <span class='ocrx_word' id='word_1_150' title='bbox 2736 2276 3039 2355; x_wconf 88' lang='lat' dir='ltr'><strong>insignis</strong></span> <span class='ocrx_word' id='word_1_151' title='bbox 3059 2276 3191 2341; x_wconf 89' lang='lat' dir='ltr'><strong>fuit</strong></span> 
     </span>
     <span class='ocr_line' id='line_1_19' title="bbox 733 2381 3191 2463; baseline -0 -15"><span class='ocrx_word' id='word_1_152' title='bbox 733 2384 1228 2449; x_wconf 90' lang='lat' dir='ltr'><strong>misericordia</strong></span> <span class='ocrx_word' id='word_1_153' title='bbox 1255 2382 1546 2447; x_wconf 90' lang='lat' dir='ltr'><strong>Domini</strong></span> <span class='ocrx_word' id='word_1_154' title='bbox 1575 2383 1648 2445; x_wconf 90' lang='lat' dir='ltr'><strong>in</strong></span> <span class='ocrx_word' id='word_1_155' title='bbox 1675 2381 1987 2447; x_wconf 89' lang='lat' dir='ltr'><strong>foemina</strong></span> <span class='ocrx_word' id='word_1_156' title='bbox 2019 2384 2363 2463; x_wconf 87' lang='lat' dir='ltr'><strong>quadam,</strong></span> <span class='ocrx_word' id='word_1_157' title='bbox 2398 2384 2515 2446; x_wconf 89' lang='lat' dir='ltr'><strong>cui</strong></span> <span class='ocrx_word' id='word_1_158' title='bbox 2545 2400 2705 2447; x_wconf 90' lang='lat' dir='ltr'><strong>cum</strong></span> <span class='ocrx_word' id='word_1_159' title='bbox 2735 2402 2927 2447; x_wconf 87' lang='lat' dir='ltr'><strong>mors</strong></span> <span class='ocrx_word' id='word_1_160' title='bbox 2969 2385 3191 2447; x_wconf 89' lang='lat' dir='ltr'><strong>immi·</strong></span> 
     </span>
     <span class='ocr_line' id='line_1_20' title="bbox 721 2490 3197 2571; baseline -0.001 -16"><span class='ocrx_word' id='word_1_161' title='bbox 721 2500 926 2555; x_wconf 89' lang='lat' dir='ltr'><strong>neret</strong></span> <span class='ocrx_word' id='word_1_162' title='bbox 945 2540 960 2569; x_wconf 88' lang='lat'><strong>,</strong></span> <span class='ocrx_word' id='word_1_163' title='bbox 1015 2491 1274 2555; x_wconf 90' lang='lat' dir='ltr'><strong>adduci</strong></span> <span class='ocrx_word' id='word_1_164' title='bbox 1323 2500 1562 2553; x_wconf 89' lang='lat' dir='ltr'><strong>tamen</strong></span> <span class='ocrx_word' id='word_1_165' title='bbox 1615 2491 1708 2553; x_wconf 91' lang='lat' dir='ltr'><strong>ad</strong></span> <span class='ocrx_word' id='word_1_166' title='bbox 1759 2490 2279 2553; x_wconf 87' lang='lat' dir='ltr'><strong>confessionem</strong></span> <span class='ocrx_word' id='word_1_167' title='bbox 2328 2506 2473 2553; x_wconf 89' lang='lat' dir='ltr'><strong>non</strong></span> <span class='ocrx_word' id='word_1_168' title='bbox 2528 2499 2808 2571; x_wconf 91' lang='lat' dir='ltr'><strong>poterat</strong></span> <span class='ocrx_word' id='word_1_169' title='bbox 2833 2540 2847 2569; x_wconf 92' lang='lat'><strong>,</strong></span> <span class='ocrx_word' id='word_1_170' title='bbox 2902 2500 3197 2571; x_wconf 86' lang='lat' dir='ltr'><strong>propter</strong></span> 
     </span>
     <span class='ocr_line' id='line_1_21' title="bbox 723 2594 3192 2678; baseline 0 -17"><span class='ocrx_word' id='word_1_171' title='bbox 723 2597 966 2661; x_wconf 88' lang='lat' dir='ltr'><strong>odium</strong></span> <span class='ocrx_word' id='word_1_172' title='bbox 995 2596 1373 2678; x_wconf 85' lang='lat' dir='ltr'><strong>quoddam,</strong></span> <span class='ocrx_word' id='word_1_173' title='bbox 1406 2597 1598 2677; x_wconf 91' lang='lat' dir='ltr'><strong>quod</strong></span> <span class='ocrx_word' id='word_1_174' title='bbox 1621 2597 1694 2659; x_wconf 90' lang='lat' dir='ltr'><strong>in</strong></span> <span class='ocrx_word' id='word_1_175' title='bbox 1717 2596 1942 2677; x_wconf 87' lang='lat' dir='ltr'><strong>ipsius</strong></span> <span class='ocrx_word' id='word_1_176' title='bbox 1972 2594 2188 2659; x_wconf 88' lang='lat' dir='ltr'><strong>corde</strong></span> <span class='ocrx_word' id='word_1_177' title='bbox 2210 2596 2429 2659; x_wconf 85' lang='lat' dir='ltr'><strong>fixum</strong></span> <span class='ocrx_word' id='word_1_178' title='bbox 2454 2598 2937 2676; x_wconf 87' lang='lat' dir='ltr'><strong>permanebat,</strong></span> <span class='ocrx_word' id='word_1_179' title='bbox 2966 2598 3192 2661; x_wconf 91' lang='lat' dir='ltr'><strong>donec</strong></span> 
     </span>
     <span class='ocr_line' id='line_1_22' title="bbox 723 2701 3195 2786; baseline -0 -17"><span class='ocrx_word' id='word_1_180' title='bbox 723 2705 1014 2786; x_wconf 89' lang='lat' dir='ltr'><strong>quidam</strong></span> <span class='ocrx_word' id='word_1_181' title='bbox 1043 2723 1135 2769; x_wconf 82' lang='lat' dir='ltr'><strong>ex</strong></span> <span class='ocrx_word' id='word_1_182' title='bbox 1165 2704 1433 2767; x_wconf 88' lang='lat' dir='ltr'><strong>nostris</strong></span> <span class='ocrx_word' id='word_1_183' title='bbox 1453 2704 1947 2768; x_wconf 88' lang='lat' dir='ltr'><strong>sacerdotibus</strong></span> <span class='ocrx_word' id='word_1_184' title='bbox 1970 2721 2129 2766; x_wconf 88' lang='lat' dir='ltr'><strong>eam</strong></span> <span class='ocrx_word' id='word_1_185' title='bbox 2154 2701 2399 2781; x_wconf 90' lang='lat' dir='ltr'><strong>adivit,</strong></span> <span class='ocrx_word' id='word_1_186' title='bbox 2427 2702 2628 2782; x_wconf 85' lang='lat' dir='ltr'><strong>cujus</strong></span> <span class='ocrx_word' id='word_1_187' title='bbox 2658 2704 3049 2768; x_wconf 87' lang='lat' dir='ltr'><strong>ministerio</strong></span> <span class='ocrx_word' id='word_1_188' title='bbox 3072 2704 3195 2768; x_wconf 89' lang='lat' dir='ltr'><strong>du-</strong></span> 
     </span>
     <span class='ocr_line' id='line_1_23' title="bbox 727 2808 3187 2892; baseline 0 -17"><span class='ocrx_word' id='word_1_189' title='bbox 727 2830 887 2875; x_wconf 87' lang='lat' dir='ltr'><strong>rum</strong></span> <span class='ocrx_word' id='word_1_190' title='bbox 919 2811 1105 2875; x_wconf 90' lang='lat' dir='ltr'><strong>illius</strong></span> <span class='ocrx_word' id='word_1_191' title='bbox 1134 2828 1260 2874; x_wconf 91' lang='lat' dir='ltr'><strong>cor</strong></span> <span class='ocrx_word' id='word_1_192' title='bbox 1290 2812 1676 2873; x_wconf 88' lang='lat' dir='ltr'><strong>emollitum</strong></span> <span class='ocrx_word' id='word_1_193' title='bbox 1697 2811 1828 2874; x_wconf 89' lang='lat' dir='ltr'><strong>fuit</strong></span> <span class='ocrx_word' id='word_1_194' title='bbox 1852 2830 1894 2873; x_wconf 89' lang='lat' dir='ltr'><strong>a</strong></span> <span class='ocrx_word' id='word_1_195' title='bbox 1918 2808 2227 2873; x_wconf 90' lang='lat' dir='ltr'><strong>Domino</strong></span> <span class='ocrx_word' id='word_1_196' title='bbox 2245 2859 2260 2889; x_wconf 93' lang='lat'>‚</span> <span class='ocrx_word' id='word_1_197' title='bbox 2294 2819 2387 2888; x_wconf 91' lang='lat' dir='ltr'><strong>et,</strong></span> <span class='ocrx_word' id='word_1_198' title='bbox 2414 2811 2607 2874; x_wconf 91' lang='lat' dir='ltr'><strong>omni</strong></span> <span class='ocrx_word' id='word_1_199' title='bbox 2634 2810 2799 2873; x_wconf 91' lang='lat' dir='ltr'><strong>odio</strong></span> <span class='ocrx_word' id='word_1_200' title='bbox 2842 2811 3187 2892; x_wconf 89' lang='lat' dir='ltr'><strong>deposit0,</strong></span> 
     </span>
     <span class='ocr_line' id='line_1_24' title="bbox 725 2916 3187 2999; baseline 0 -18"><span class='ocrx_word' id='word_1_201' title='bbox 725 2927 1104 2999; x_wconf 87' lang='lat' dir='ltr'><strong>postquam</strong></span> <span class='ocrx_word' id='word_1_202' title='bbox 1133 2917 1364 2981; x_wconf 87' lang='lat' dir='ltr'><strong>eidem</strong></span> <span class='ocrx_word' id='word_1_203' title='bbox 1392 2916 1586 2981; x_wconf 92' lang='lat' dir='ltr'><strong>Patri</strong></span> <span class='ocrx_word' id='word_1_204' title='bbox 1617 2917 1945 2981; x_wconf 89' lang='lat' dir='ltr'><strong>confessa</strong></span> <span class='ocrx_word' id='word_1_205' title='bbox 1984 2916 2257 2995; x_wconf 90' lang='lat' dir='ltr'><strong>fuisset,</strong></span> <span class='ocrx_word' id='word_1_206' title='bbox 2293 2935 2454 2980; x_wconf 88' lang='lat' dir='ltr'><strong>cum</strong></span> <span class='ocrx_word' id='word_1_207' title='bbox 2494 2934 2759 2996; x_wconf 89' lang='lat' dir='ltr'><strong>magna</strong></span> <span class='ocrx_word' id='word_1_208' title='bbox 2789 2918 3025 2997; x_wconf 89' lang='lat' dir='ltr'><strong>quiete</strong></span> <span class='ocrx_word' id='word_1_209' title='bbox 3054 2919 3187 2999; x_wconf 89' lang='lat' dir='ltr'><strong>spi-</strong></span> 
     </span>
     <span class='ocr_line' id='line_1_25' title="bbox 727 3023 3189 3104; baseline -0 -16"><span class='ocrx_word' id='word_1_210' title='bbox 727 3024 906 3088; x_wconf 89' lang='lat' dir='ltr'><strong>ritus</strong></span> <span class='ocrx_word' id='word_1_211' title='bbox 955 3024 1480 3087; x_wconf 89' lang='lat' dir='ltr'><strong>sanctissimam</strong></span> <span class='ocrx_word' id='word_1_212' title='bbox 1529 3023 2056 3087; x_wconf 83' lang='lat' dir='ltr'><strong>Eucharistiam</strong></span> <span class='ocrx_word' id='word_1_213' title='bbox 2105 3023 2179 3086; x_wconf 92' lang='lat' dir='ltr'><strong>in</strong></span> <span class='ocrx_word' id='word_1_214' title='bbox 2230 3023 2595 3086; x_wconf 90' lang='lat' dir='ltr'><strong>Viaticum</strong></span> <span class='ocrx_word' id='word_1_215' title='bbox 2649 3025 3075 3104; x_wconf 84' lang='lat' dir='ltr'><strong>postulavit,</strong></span> <span class='ocrx_word' id='word_1_216' title='bbox 3122 3036 3189 3087; x_wconf 91' lang='lat' dir='ltr'><strong>et</strong></span> 
     </span>
     <span class='ocr_line' id='line_1_26' title="bbox 721 3129 3189 3211; baseline -0 -17"><span class='ocrx_word' id='word_1_217' title='bbox 721 3133 936 3211; x_wconf 89' lang='lat' dir='ltr'><strong>paulo</strong></span> <span class='ocrx_word' id='word_1_218' title='bbox 973 3139 1135 3211; x_wconf 90' lang='lat' dir='ltr'><strong>post</strong></span> <span class='ocrx_word' id='word_1_219' title='bbox 1164 3131 1258 3194; x_wconf 89' lang='lat' dir='ltr'><strong>ad</strong></span> <span class='ocrx_word' id='word_1_220' title='bbox 1295 3129 1684 3194; x_wconf 89' lang='lat' dir='ltr'><strong>Dominum</strong></span> <span class='ocrx_word' id='word_1_221' title='bbox 1722 3131 2082 3211; x_wconf 84' lang='lat' dir='ltr'><strong>migravit.</strong></span> <span class='ocrx_word' id='word_1_222' title='bbox 2130 3129 2434 3209; x_wconf 83' lang='lat' dir='ltr'><strong>Quidam</strong></span> <span class='ocrx_word' id='word_1_223' title='bbox 2476 3131 2724 3209; x_wconf 89' lang='lat' dir='ltr'><strong>etiam,</strong></span> <span class='ocrx_word' id='word_1_224' title='bbox 2759 3132 2879 3211; x_wconf 91' lang='lat' dir='ltr'><strong>qui</strong></span> <span class='ocrx_word' id='word_1_225' title='bbox 2922 3132 3012 3195; x_wconf 90' lang='lat' dir='ltr'><strong>de</strong></span> <span class='ocrx_word' id='word_1_226' title='bbox 3058 3149 3189 3194; x_wconf 86' lang='lat' dir='ltr'><strong>sua</strong></span> 
     </span>
     <span class='ocr_line' id='line_1_27' title="bbox 721 3236 3183 3318; baseline 0 -17"><span class='ocrx_word' id='word_1_227' title='bbox 721 3254 946 3301; x_wconf 87' lang='lat' dir='ltr'><strong>uxore</strong></span> <span class='ocrx_word' id='word_1_228' title='bbox 986 3237 1470 3301; x_wconf 88' lang='lat' dir='ltr'><strong>interficienda</strong></span> <span class='ocrx_word' id='word_1_229' title='bbox 1501 3239 1688 3301; x_wconf 90' lang='lat' dir='ltr'><strong>serio</strong></span> <span class='ocrx_word' id='word_1_230' title='bbox 1729 3239 2025 3318; x_wconf 86' lang='lat' dir='ltr'><strong>agebat,</strong></span> <span class='ocrx_word' id='word_1_231' title='bbox 2069 3247 2147 3301; x_wconf 92' lang='lat' dir='ltr'><strong>ut</strong></span> <span class='ocrx_word' id='word_1_232' title='bbox 2176 3237 2390 3301; x_wconf 90' lang='lat' dir='ltr'><strong>aliam</strong></span> <span class='ocrx_word' id='word_1_233' title='bbox 2434 3238 2567 3300; x_wconf 91' lang='lat' dir='ltr'><strong>sibi</strong></span> <span class='ocrx_word' id='word_1_234' title='bbox 2607 3236 3097 3318; x_wconf 87' lang='lat' dir='ltr'><strong>conjungeret,</strong></span> <span class='ocrx_word' id='word_1_235' title='bbox 3143 3258 3183 3300; x_wconf 85' lang='lat' dir='ltr'><strong>a</strong></span> 
     </span>
     <span class='ocr_line' id='line_1_28' title="bbox 720 3344 3184 3426; baseline 0 -18"><span class='ocrx_word' id='word_1_236' title='bbox 720 3345 1033 3426; x_wconf 90' lang='lat' dir='ltr'><strong>pessimo</strong></span> <span class='ocrx_word' id='word_1_237' title='bbox 1062 3344 1430 3426; x_wconf 88' lang='lat' dir='ltr'><strong>proposito</strong></span> <span class='ocrx_word' id='word_1_238' title='bbox 1460 3354 1841 3407; x_wconf 87' lang='lat' dir='ltr'><strong>revocatus</strong></span> <span class='ocrx_word' id='word_1_239' title='bbox 1863 3355 1930 3407; x_wconf 92' lang='lat' dir='ltr'><strong>et</strong></span> <span class='ocrx_word' id='word_1_240' title='bbox 1962 3344 2053 3407; x_wconf 88' lang='lat' dir='ltr'><strong>ad</strong></span> <span class='ocrx_word' id='word_1_241' title='bbox 2077 3344 2270 3423; x_wconf 91' lang='lat' dir='ltr'><strong>piam</strong></span> <span class='ocrx_word' id='word_1_242' title='bbox 2296 3344 2751 3407; x_wconf 88' lang='lat' dir='ltr'><strong>concordiam</strong></span> <span class='ocrx_word' id='word_1_243' title='bbox 2775 3362 2937 3408; x_wconf 92' lang='lat' dir='ltr'><strong>cum</strong></span> <span class='ocrx_word' id='word_1_244' title='bbox 2963 3362 3184 3408; x_wconf 88' lang='lat' dir='ltr'><strong>uxore</strong></span> 
     </span>
     <span class='ocr_line' id='line_1_29' title="bbox 719 3448 3185 3531; baseline 0 -17"><span class='ocrx_word' id='word_1_245' title='bbox 719 3452 1055 3515; x_wconf 90' lang='lat' dir='ltr'><strong>reductus</strong></span> <span class='ocrx_word' id='word_1_246' title='bbox 1085 3449 1239 3515; x_wconf 89' lang='lat' dir='ltr'><strong>fuit.</strong></span> <span class='ocrx_word' id='word_1_247' title='bbox 1271 3448 1388 3514; x_wconf 89' lang='lat' dir='ltr'><strong>Sic</strong></span> <span class='ocrx_word' id='word_1_248' title='bbox 1417 3451 1600 3513; x_wconf 89' lang='lat' dir='ltr'><strong>aliae</strong></span> <span class='ocrx_word' id='word_1_249' title='bbox 1629 3452 1976 3530; x_wconf 88' lang='lat' dir='ltr'><strong>plurimae</strong></span> <span class='ocrx_word' id='word_1_250' title='bbox 2010 3448 2359 3531; x_wconf 88' lang='lat' dir='ltr'><strong>[injuriae]</strong></span> <span class='ocrx_word' id='word_1_251' title='bbox 2390 3452 2859 3529; x_wconf 90' lang='lat' dir='ltr'><strong>condonatae,</strong></span> <span class='ocrx_word' id='word_1_252' title='bbox 2896 3451 3185 3514; x_wconf 88' lang='lat' dir='ltr'><strong>inimici-</strong></span> 
     </span>
     <span class='ocr_line' id='line_1_30' title="bbox 718 3554 3184 3637; baseline -0 -16"><span class='ocrx_word' id='word_1_253' title='bbox 718 3558 862 3621; x_wconf 89' lang='lat' dir='ltr'><strong>tiae</strong></span> <span class='ocrx_word' id='word_1_254' title='bbox 889 3557 1354 3637; x_wconf 89' lang='lat' dir='ltr'><strong>compositae,</strong></span> <span class='ocrx_word' id='word_1_255' title='bbox 1388 3557 1548 3620; x_wconf 92' lang='lat' dir='ltr'><strong>odia</strong></span> <span class='ocrx_word' id='word_1_256' title='bbox 1579 3558 1947 3635; x_wconf 87' lang='lat' dir='ltr'><strong>restincta,</strong></span> <span class='ocrx_word' id='word_1_257' title='bbox 1984 3568 2053 3619; x_wconf 92' lang='lat' dir='ltr'><strong>et</strong></span> <span class='ocrx_word' id='word_1_258' title='bbox 2084 3557 2267 3619; x_wconf 90' lang='lat' dir='ltr'><strong>aliae</strong></span> <span class='ocrx_word' id='word_1_259' title='bbox 2298 3554 2587 3619; x_wconf 90' lang='lat' dir='ltr'><strong>Domini</strong></span> <span class='ocrx_word' id='word_1_260' title='bbox 2617 3556 2929 3620; x_wconf 87' lang='lat' dir='ltr'><strong>offensae</strong></span> <span class='ocrx_word' id='word_1_261' title='bbox 2958 3557 3184 3620; x_wconf 83' lang='lat' dir='ltr'><strong>subla·</strong></span> 
     </span>
     <span class='ocr_line' id='line_1_31' title="bbox 720 3662 3185 3744; baseline -0 -17"><span class='ocrx_word' id='word_1_262' title='bbox 720 3674 838 3727; x_wconf 84' lang='lat' dir='ltr'><strong>tae</strong></span> <span class='ocrx_word' id='word_1_263' title='bbox 865 3662 1169 3739; x_wconf 89' lang='lat' dir='ltr'><strong>fuerunt,</strong></span> <span class='ocrx_word' id='word_1_264' title='bbox 1205 3672 1274 3727; x_wconf 91' lang='lat' dir='ltr'><strong>et</strong></span> <span class='ocrx_word' id='word_1_265' title='bbox 1305 3663 1396 3727; x_wconf 92' lang='lat' dir='ltr'><strong>ad</strong></span> <span class='ocrx_word' id='word_1_266' title='bbox 1425 3664 2047 3743; x_wconf 87' lang='lat' dir='ltr'><strong>perseverantiam</strong></span> <span class='ocrx_word' id='word_1_267' title='bbox 2076 3663 2149 3726; x_wconf 91' lang='lat' dir='ltr'><strong>in</strong></span> <span class='ocrx_word' id='word_1_268' title='bbox 2178 3674 2431 3744; x_wconf 89' lang='lat' dir='ltr'><strong>coepta</strong></span> <span class='ocrx_word' id='word_1_269' title='bbox 2460 3664 2654 3726; x_wconf 90' lang='lat' dir='ltr'><strong>vitae</strong></span> <span class='ocrx_word' id='word_1_270' title='bbox 2684 3663 3185 3727; x_wconf 86' lang='lat' dir='ltr'><strong>reformatione</strong></span> 
     </span>
     <span class='ocr_line' id='line_1_32' title="bbox 719 3768 3199 3850; baseline 0 -17"><span class='ocrx_word' id='word_1_271' title='bbox 719 3780 790 3833; x_wconf 91' lang='lat' dir='ltr'><strong>et</strong></span> <span class='ocrx_word' id='word_1_272' title='bbox 829 3769 901 3833; x_wconf 91' lang='lat' dir='ltr'><strong>in</strong></span> <span class='ocrx_word' id='word_1_273' title='bbox 941 3770 1324 3833; x_wconf 88' lang='lat' dir='ltr'><strong>virtutibus</strong></span> <span class='ocrx_word' id='word_1_274' title='bbox 1359 3770 1786 3850; x_wconf 87' lang='lat' dir='ltr'><strong>profectum,</strong></span> <span class='ocrx_word' id='word_1_275' title='bbox 1835 3778 1915 3833; x_wconf 91' lang='lat' dir='ltr'><strong>ut</strong></span> <span class='ocrx_word' id='word_1_276' title='bbox 1960 3770 2245 3833; x_wconf 89' lang='lat' dir='ltr'><strong>unicum</strong></span> <span class='ocrx_word' id='word_1_277' title='bbox 2283 3768 2673 3834; x_wconf 86' lang='lat' dir='ltr'><strong>remedium</strong></span> <span class='ocrx_word' id='word_1_278' title='bbox 2708 3780 3199 3835; x_wconf 88' lang='lat' dir='ltr'><strong>sacramento--</strong></span> 
     </span>
     <span class='ocr_line' id='line_1_33' title="bbox 717 3877 2078 3957; baseline -0.001 -16"><span class='ocrx_word' id='word_1_279' title='bbox 717 3894 878 3941; x_wconf 90' lang='lat' dir='ltr'><strong>rum</strong></span> <span class='ocrx_word' id='word_1_280' title='bbox 907 3877 1380 3957; x_wconf 90' lang='lat' dir='ltr'><strong>frequentiam</strong></span> <span class='ocrx_word' id='word_1_281' title='bbox 1405 3877 1633 3939; x_wconf 89' lang='lat' dir='ltr'><strong>nostri</strong></span> <span class='ocrx_word' id='word_1_282' title='bbox 1663 3877 2078 3940; x_wconf 87' lang='lat' dir='ltr'><strong>suadebant.</strong></span> 
     </span>
    </p>

    <p class='ocr_par' dir='ltr' id='par_1_4' title="bbox 707 3982 3185 4705">
     <span class='ocr_line' id='line_1_34' title="bbox 834 3982 3183 4064; baseline 0 -16"><span class='ocrx_word' id='word_1_283' title='bbox 834 3982 976 4048; x_wconf 89' lang='lat'>902.</span> <span class='ocrx_word' id='word_1_284' title='bbox 1063 3982 1224 4047; x_wconf 89' lang='lat' dir='ltr'><strong>Fuit</strong></span> <span class='ocrx_word' id='word_1_285' title='bbox 1253 3992 1492 4047; x_wconf 91' lang='lat' dir='ltr'><strong>autem</strong></span> <span class='ocrx_word' id='word_1_286' title='bbox 1521 3984 1704 4045; x_wconf 87' lang='lat' dir='ltr'><strong>inter</strong></span> <span class='ocrx_word' id='word_1_287' title='bbox 1735 3982 1916 4047; x_wconf 85' lang='lat' dir='ltr'><strong>alios</strong></span> <span class='ocrx_word' id='word_1_288' title='bbox 1946 3984 2247 4063; x_wconf 90' lang='lat' dir='ltr'><strong>insignis</strong></span> <span class='ocrx_word' id='word_1_289' title='bbox 2287 3982 2653 4064; x_wconf 90' lang='lat' dir='ltr'><strong>cujusdam</strong></span> <span class='ocrx_word' id='word_1_290' title='bbox 2682 3984 2989 4048; x_wconf 90' lang='lat' dir='ltr'><strong>hominis</strong></span> <span class='ocrx_word' id='word_1_291' title='bbox 3020 4002 3183 4048; x_wconf 91' lang='lat' dir='ltr'><strong>con-</strong></span> 
     </span>
     <span class='ocr_line' id='line_1_35' title="bbox 715 4089 3184 4171; baseline -0.001 -17"><span class='ocrx_word' id='word_1_292' title='bbox 715 4090 976 4170; x_wconf 89' lang='lat' dir='ltr'><strong>versio,</strong></span> <span class='ocrx_word' id='word_1_293' title='bbox 1012 4091 1162 4170; x_wconf 90' lang='lat' dir='ltr'><strong>qui,</strong></span> <span class='ocrx_word' id='word_1_294' title='bbox 1197 4098 1489 4171; x_wconf 89' lang='lat' dir='ltr'><strong>propter</strong></span> <span class='ocrx_word' id='word_1_295' title='bbox 1531 4090 1814 4153; x_wconf 87' lang='lat' dir='ltr'><strong>labores</strong></span> <span class='ocrx_word' id='word_1_296' title='bbox 1854 4100 1924 4153; x_wconf 87' lang='lat' dir='ltr'><strong>et</strong></span> <span class='ocrx_word' id='word_1_297' title='bbox 1962 4107 2174 4153; x_wconf 91' lang='lat' dir='ltr'><strong>casus</strong></span> <span class='ocrx_word' id='word_1_298' title='bbox 2218 4089 2590 4168; x_wconf 81' lang='lat' dir='ltr'><strong>adverSOS,</strong></span> <span class='ocrx_word' id='word_1_299' title='bbox 2636 4092 2757 4170; x_wconf 91' lang='lat' dir='ltr'><strong>qui</strong></span> <span class='ocrx_word' id='word_1_300' title='bbox 2795 4092 3081 4154; x_wconf 90' lang='lat' dir='ltr'><strong>assidue</strong></span> <span class='ocrx_word' id='word_1_301' title='bbox 3120 4092 3184 4153; x_wconf 92' lang='lat' dir='ltr'><strong>ei</strong></span> 
     </span>
     <span class='ocr_line' id='line_1_36' title="bbox 713 4195 3182 4278; baseline 0 -18"><span class='ocrx_word' id='word_1_302' title='bbox 713 4196 1188 4261; x_wconf 90' lang='lat' dir='ltr'><strong>succedebant</strong></span> <span class='ocrx_word' id='word_1_303' title='bbox 1216 4244 1230 4275; x_wconf 92' lang='lat'><strong>,</strong></span> <span class='ocrx_word' id='word_1_304' title='bbox 1288 4196 1376 4259; x_wconf 90' lang='lat' dir='ltr'><strong>de</strong></span> <span class='ocrx_word' id='word_1_305' title='bbox 1423 4196 1670 4259; x_wconf 89' lang='lat' dir='ltr'><strong>divina</strong></span> <span class='ocrx_word' id='word_1_306' title='bbox 1731 4196 2223 4260; x_wconf 89' lang='lat' dir='ltr'><strong>misericordia</strong></span> <span class='ocrx_word' id='word_1_307' title='bbox 2277 4195 2665 4278; x_wconf 88' lang='lat' dir='ltr'><strong>desperans</strong></span> <span class='ocrx_word' id='word_1_308' title='bbox 2694 4246 2709 4275; x_wconf 94' lang='lat'><strong>,</strong></span> <span class='ocrx_word' id='word_1_309' title='bbox 2763 4197 3182 4261; x_wconf 87' lang='lat' dir='ltr'><strong>decreverat</strong></span> 
     </span>
     <span class='ocr_line' id='line_1_37' title="bbox 712 4301 3179 4383; baseline -0 -16"><span class='ocrx_word' id='word_1_310' title='bbox 712 4305 998 4368; x_wconf 90' lang='lat' dir='ltr'><strong>omnino</strong></span> <span class='ocrx_word' id='word_1_311' title='bbox 1029 4304 1220 4368; x_wconf 87' lang='lat' dir='ltr'><strong>vitae</strong></span> <span class='ocrx_word' id='word_1_312' title='bbox 1251 4319 1426 4365; x_wconf 91' lang='lat' dir='ltr'><strong>suae</strong></span> <span class='ocrx_word' id='word_1_313' title='bbox 1453 4301 1664 4365; x_wconf 90' lang='lat' dir='ltr'><strong>finem</strong></span> <span class='ocrx_word' id='word_1_314' title='bbox 1700 4303 2088 4383; x_wconf 81' lang='lat' dir='ltr'><strong>imponere3</strong></span> <span class='ocrx_word' id='word_1_315' title='bbox 2122 4304 2249 4367; x_wconf 89' lang='lat' dir='ltr'><strong>sed</strong></span> <span class='ocrx_word' id='word_1_316' title='bbox 2279 4321 2441 4366; x_wconf 90' lang='lat' dir='ltr'><strong>cum</strong></span> <span class='ocrx_word' id='word_1_317' title='bbox 2465 4314 2623 4383; x_wconf 88' lang='lat' dir='ltr'><strong>post</strong></span> <span class='ocrx_word' id='word_1_318' title='bbox 2644 4306 2903 4367; x_wconf 88' lang='lat' dir='ltr'><strong>multas</strong></span> <span class='ocrx_word' id='word_1_319' title='bbox 2932 4304 3179 4367; x_wconf 86' lang='lat' dir='ltr'><strong>exhor-</strong></span> 
     </span>
     <span class='ocr_line' id='line_1_38' title="bbox 710 4409 3181 4491; baseline -0 -16"><span class='ocrx_word' id='word_1_320' title='bbox 710 4414 1016 4475; x_wconf 84' lang='lat' dir='ltr'><strong>tationes</strong></span> <span class='ocrx_word' id='word_1_321' title='bbox 1046 4409 1330 4473; x_wconf 89' lang='lat' dir='ltr'><strong>cuidam</strong></span> <span class='ocrx_word' id='word_1_322' title='bbox 1359 4428 1452 4472; x_wconf 84' lang='lat' dir='ltr'><strong>ex</strong></span> <span class='ocrx_word' id='word_1_323' title='bbox 1479 4410 1747 4473; x_wconf 89' lang='lat' dir='ltr'><strong>nostris</strong></span> <span class='ocrx_word' id='word_1_324' title='bbox 1779 4410 2148 4474; x_wconf 87' lang='lat' dir='ltr'><strong>confessus</strong></span> <span class='ocrx_word' id='word_1_325' title='bbox 2180 4420 2389 4489; x_wconf 89' lang='lat' dir='ltr'><strong>esset,</strong></span> <span class='ocrx_word' id='word_1_326' title='bbox 2421 4411 2527 4473; x_wconf 90' lang='lat' dir='ltr'><strong>sic</strong></span> <span class='ocrx_word' id='word_1_327' title='bbox 2552 4428 2681 4491; x_wconf 92' lang='lat' dir='ltr'><strong>per</strong></span> <span class='ocrx_word' id='word_1_328' title='bbox 2710 4409 2845 4474; x_wconf 89' lang='lat' dir='ltr'><strong>Dei</strong></span> <span class='ocrx_word' id='word_1_329' title='bbox 2872 4412 3181 4491; x_wconf 86' lang='lat' dir='ltr'><strong>gratiam</strong></span> 
     </span>
     <span class='ocr_line' id='line_1_39' title="bbox 707 4517 3185 4597; baseline -0.001 -16"><span class='ocrx_word' id='word_1_330' title='bbox 707 4521 778 4581; x_wconf 91' lang='lat' dir='ltr'><strong>in</strong></span> <span class='ocrx_word' id='word_1_331' title='bbox 811 4519 1028 4583; x_wconf 87' lang='lat' dir='ltr'><strong>alium</strong></span> <span class='ocrx_word' id='word_1_332' title='bbox 1065 4518 1302 4580; x_wconf 89' lang='lat' dir='ltr'><strong>virum</strong></span> <span class='ocrx_word' id='word_1_333' title='bbox 1343 4526 1657 4580; x_wconf 87' lang='lat' dir='ltr'><strong>mutatus</strong></span> <span class='ocrx_word' id='word_1_334' title='bbox 1690 4527 1829 4596; x_wconf 92' lang='lat' dir='ltr'><strong>est,</strong></span> <span class='ocrx_word' id='word_1_335' title='bbox 1865 4526 1941 4581; x_wconf 90' lang='lat' dir='ltr'><strong>ut</strong></span> <span class='ocrx_word' id='word_1_336' title='bbox 1971 4518 2189 4581; x_wconf 88' lang='lat' dir='ltr'><strong>animi</strong></span> <span class='ocrx_word' id='word_1_337' title='bbox 2219 4518 2327 4579; x_wconf 92' lang='lat' dir='ltr'><strong>sui</strong></span> <span class='ocrx_word' id='word_1_338' title='bbox 2356 4518 2884 4597; x_wconf 88' lang='lat' dir='ltr'><strong>tranquillitate,</strong></span> <span class='ocrx_word' id='word_1_339' title='bbox 2918 4517 3185 4597; x_wconf 79' lang='lat' dir='ltr'><strong>gaudio</strong></span> 
     </span>
     <span class='ocr_line' id='line_1_40' title="bbox 707 4622 3180 4705; baseline -0.001 -17"><span class='ocrx_word' id='word_1_340' title='bbox 707 4644 792 4689; x_wconf 91' lang='lat' dir='ltr'><strong>ac</strong></span> <span class='ocrx_word' id='word_1_341' title='bbox 827 4625 1018 4687; x_wconf 88' lang='lat' dir='ltr'><strong>vitae</strong></span> <span class='ocrx_word' id='word_1_342' title='bbox 1047 4623 1262 4687; x_wconf 90' lang='lat' dir='ltr'><strong>totius</strong></span> <span class='ocrx_word' id='word_1_343' title='bbox 1293 4626 1617 4703; x_wconf 86' lang='lat' dir='ltr'><strong>exemplo</strong></span> <span class='ocrx_word' id='word_1_344' title='bbox 1649 4625 1785 4704; x_wconf 81' lang='lat' dir='ltr'><strong>eiS,</strong></span> <span class='ocrx_word' id='word_1_345' title='bbox 1820 4624 2073 4705; x_wconf 89' lang='lat' dir='ltr'><strong>quibus</strong></span> <span class='ocrx_word' id='word_1_346' title='bbox 2102 4632 2309 4687; x_wconf 92' lang='lat' dir='ltr'><strong>notus</strong></span> <span class='ocrx_word' id='word_1_347' title='bbox 2340 4633 2524 4703; x_wconf 87' lang='lat' dir='ltr'><strong>erat,</strong></span> <span class='ocrx_word' id='word_1_348' title='bbox 2566 4641 2915 4690; x_wconf 87' lang='lat' dir='ltr'><strong>summam</strong></span> <span class='ocrx_word' id='word_1_349' title='bbox 2948 4622 3180 4689; x_wconf 89' lang='lat' dir='ltr'><strong>aedifi-</strong></span> 
     </span>
    </p>
   </div>
   <div class='ocr_carea' id='block_1_3' title="bbox 3701 0 3723 2902">
    <p class='ocr_par' dir='ltr' id='par_1_5' title="bbox 3701 0 3723 2902">
     <span class='ocr_line' id='line_1_41' title="bbox 3701 0 3723 2902; baseline 0 0"><span class='ocrx_word' id='word_1_350' title='bbox 3701 0 3723 2902; x_wconf 95' lang='lat' dir='ltr'><strong> </strong></span> 
     </span>
    </p>
   </div>
   <div class='ocr_carea' id='block_1_4' title="bbox 3704 3268 3719 5324">
    <p class='ocr_par' dir='ltr' id='par_1_6' title="bbox 3704 3268 3719 5324">
     <span class='ocr_line' id='line_1_42' title="bbox 3704 3268 3719 5324; baseline 0 0"><span class='ocrx_word' id='word_1_351' title='bbox 3704 3268 3719 5324; x_wconf 95' lang='lat' dir='ltr'><strong> </strong></span> 
     </span>
    </p>
   </div>
  </div>
 </body>
</html>
