3742 5392
727 431 846 490 432
1655 430 1911 491 Canon.
1952 432 2107 491 soe.
2146 434 2285 506 st.

856 576 997 640 928.
1085 576 1254 641 Inde
1283 578 1356 641 in
1385 577 1722 659 oppidum
1749 578 2037 641 nomine
2066 576 2513 641 Marchinam
2546 577 2565 609 ¹
2601 596 2679 641 se
2716 578 3037 657 contulit,
3086 578 3203 641 ubi

733 700 1014 747 summa
1042 700 1216 747 cura
1247 702 1334 748 ac
1362 683 1730 764 diligentia
1759 685 2225 748 christianam
2254 685 2655 749 doctrinam
2684 683 2959 749 discere
3001 702 3202 749 cura-

735 800 1016 854 verunt.
1048 790 1360 871 Populus
1389 791 1506 854 ille
1533 791 1608 855 in
1634 792 1917 855 Biscaia
1946 792 2308 872 primariis
2336 793 2515 856 viris
2554 810 2641 855 ac
2680 792 2893 854 etiam
2932 791 3202 855 divitiis

729 898 1074 961 abundat.
1127 896 1443 977 Singulis
1489 897 1738 962 diebus
1785 898 1988 963 festis
2036 898 2532 979 processiones
2574 898 2836 962 fiebant
2878 916 2921 961 a
2958 897 3033 962 P.
3076 898 3203 962 Mi-

729 1004 1008 1083 chaele,
1042 1005 1298 1085 quibus
1329 1022 1578 1069 omnes
1606 1023 1827 1086 usque
1857 1006 1949 1068 ad
1972 1023 2191 1069 unum
2214 1006 2605 1070 intererant
2629 1006 2765 1068 nisi
2788 1005 3056 1069 morbis
3078 1006 3200 1069 im-

731 1112 956 1191 pediti
984 1121 1244 1175 essent.
1276 1111 1445 1176 Inde
1485 1112 1844 1176 redierunt
1888 1111 2277 1193 Ognatem,
2320 1114 2652 1194 quamvis
2690 1113 3065 1193 pauciores
3106 1112 3201 1175 ibi

727 1235 952 1299 quam
981 1218 1139 1282 aliis
1167 1219 1239 1281 in
1269 1220 1470 1297 lociS,
1503 1228 1583 1283 ut
1611 1219 1939 1300 superius
1977 1219 2183 1299 attigi
2212 1218 2269 1297 ¹,
2316 1219 2408 1283 ad
2458 1219 2895 1283 christianae
2944 1218 3203 1283 doctri-

730 1342 872 1387 nae
901 1325 1415 1389 institutionem
1445 1326 1904 1389 accedebant.

857 1432 1001 1495 929.
1085 1430 1225 1496 Sed
1256 1434 1420 1512 quia
1451 1432 1848 1513 Episcopus
1880 1432 2473 1511 Calagurritanus
2514 1430 2536 1461 ⁵
2582 1434 2885 1511 urgebat
2922 1449 3086 1496 eum
3126 1443 3201 1495 ut

729 1556 859 1618 per
885 1539 1185 1619 populos
1212 1539 1536 1602 Biscaiae
1565 1536 1591 1568 ⁴
1619 1538 2073 1617 discurreret,
2098 1538 2441 1601 Ermuam
2468 1538 2491 1570 ³
2516 1556 2591 1601 se
2616 1539 2934 1617 contulit,
2960 1548 3029 1601 et
3054 1550 3201 1611 tam

725 1664 824 1707 ex
855 1644 1317 1715 concionibus
1345 1662 1561 1726 quam
1603 1662 1696 1707 ex
1734 1644 2125 1708 christiana
2179 1645 2503 1708 doctrina
2556 1646 2886 1725 copiosus
2938 1646 3197 1709 ibidem

735 1752 1012 1816 fructus
1053 1744 1391 1815 collectus
1446 1762 1574 1815 est.
1625 1751 1716 1815 Et
1769 1752 2053 1815 rediens
2096 1752 2543 1815 Marchinam
2600 1762 2677 1815 ut
2718 1753 2992 1816 videret
3031 1770 3197 1833 quo-

735 1858 944 1921 modo
973 1876 1050 1921 se
1079 1860 1380 1938 populus
1412 1859 1472 1921 is
1499 1859 1816 1935 haberet,
1851 1858 2111 1922 accidit
2140 1868 2217 1922 ut
2247 1858 2470 1921 falsus
2501 1859 2785 1939 quidam
2828 1877 3071 1922 rumor
3112 1860 3199 1923 de

733 1974 960 2029 morte
988 1963 1066 2027 P.
1099 1965 1466 2028 Michaelis
1498 1960 2081 2046 ibidem'sparsus
2110 1976 2324 2043 esset;
2358 1965 2488 2028 sed
2531 1984 2691 2028 cum
2729 1965 3014 2046 Juvenis
3053 1967 3197 2047 qui-

727 2073 901 2135 dam
921 2120 936 2151 ,
968 2072 1230 2152 populo
1261 2089 1618 2151 egressu5‚
1655 2073 2056 2136 venientem
2084 2072 2162 2136 P.
2187 2072 2609 2135 Michaelem
2634 2073 2931 2151 videret,
2958 2074 3197 2136 statim

731 2180 849 2241 ille
880 2179 972 2242 ad
999 2180 1338 2259 populum
1366 2179 1598 2256 rediit,
1631 2190 1699 2242 et
1730 2196 1891 2242 cum
1921 2195 2184 2258 magna
2207 2180 2645 2242 exultatione
2667 2178 3099 2259 significavit
3121 2198 3196 2243 se

736 2286 1094 2348 viventem
1123 2286 1388 2349 vidisse
1416 2284 1491 2348 P.
1527 2285 1969 2361 Michaelem,
2004 2296 2073 2348 et
2104 2285 2194 2348 ad
2225 2286 2424 2366 ipsos
2455 2286 2879 2365 venientem,
2914 2296 2981 2349 et
3012 2304 3197 2349 cam-

733 2392 940 2471 panis
968 2408 1144 2471 prae
1172 2393 1442 2455 laetitia
1476 2393 1800 2472 pulsatiS,
1833 2409 1994 2455 eum
2024 2402 2495 2473 exceperunt3
2528 2402 2597 2455 et
2636 2410 2799 2455 cum
2841 2404 3003 2455 octo
3046 2393 3197 2456 dies

735 2499 1103 2562 consuetis
1152 2499 1526 2563 charitatis
1569 2500 1901 2580 operibus
1938 2500 2037 2562 ibi
2085 2507 2441 2578 vacasset,
2494 2499 2935 2579 Lequeitium
2985 2501 3198 2563 etiam

733 2605 968 2684 rediit,
1001 2606 1121 2669 ubi
1147 2622 1411 2686 magna
1443 2623 1606 2669 cum
1633 2606 1905 2670 laetitia
1936 2606 2026 2670 ad
2056 2606 2457 2669 doctrinam
2487 2606 2955 2669 christianam
2996 2617 3064 2669 et
3104 2607 3196 2669 ad

730 2711 1258 2777 benedictiones
1306 2723 1559 2777 contra
1605 2714 1899 2776 morbos
1946 2711 2401 2793 accipiendas
2451 2714 2756 2794 populus
2813 2713 3192 2777 concurrit:

731 2820 1014 2884 curavit
1043 2829 1280 2883 autem
1325 2821 1398 2884 in
1437 2819 1771 2901 hospitali
1813 2818 1965 2899 ejus
2003 2820 2243 2899 oppidi
2293 2820 2558 2899 aliquot
2607 2820 2953 2898 cubicula,
3007 2838 3189 2900 quae

725 2936 1130 3008 opportuna
1156 2927 1582 2990 videbantur
1624 2928 2009 3007 extraneis,
2044 2925 2219 2989 Cum
2250 2936 2487 2990 autem
2528 2926 2867 2991 Ermuam
2905 2928 3190 3008 rediret,

730 3033 878 3096 fere
909 3031 999 3096 ad
1029 3034 1336 3097 mediam
1366 3036 1643 3098 leucam
1673 3034 1873 3114 pueri
1898 3052 1983 3097 ac
2008 3034 2283 3113 puellae
2308 3033 2772 3096 christianam
2795 3034 3197 3097 doctrinam

723 3147 1106 3203 cantantes
1136 3140 1200 3203 ei
1231 3141 1726 3219 occurrebant,
1769 3149 1839 3203 et
1878 3140 2203 3203 eumdem
2255 3140 2699 3203 recedentem
2752 3159 2891 3204 non
2941 3143 3195 3205 minori

724 3246 963 3325 spatio
992 3248 1407 3329 prosequuti
1436 3256 1620 3326 sunt,
1656 3256 1724 3310 et
1753 3245 2061 3326 majores
2093 3257 2261 3309 natu
2294 3250 2634 3327 parvulos
2663 3248 2978 3311 humeris
3009 3250 3195 3311 dese·

729 3352 1007 3433 rebant,
1039 3363 1108 3417 et
1137 3355 1264 3417 vix
1293 3352 1568 3417 efficere
1609 3362 1939 3434 poterant
1982 3365 2055 3416 ut
2088 3353 2179 3416 ad
2208 3352 2543 3433 oppidum
2573 3354 2787 3417 etiam
2830 3366 2997 3417 tunc
3022 3356 3199 3419 redi·

727 3470 908 3524 rent.
943 3460 1019 3524 In
1050 3461 1386 3542 oppidum
1417 3460 1820 3541 Vergaram
1851 3477 1929 3522 se
1959 3448 2211 3523 deinde
2242 3461 2720 3538 contulerunt;
2757 3471 2825 3524 et
2864 3461 2959 3524 ibi
3007 3464 3189 3525 chri-

723 3567 1038 3631 stianam
1067 3567 1463 3630 doctrinam
1497 3578 1692 3630 recte
1721 3566 1937 3629 etiam
1966 3565 2365 3629 didicerunt
2396 3564 2442 3643 ⁶,
2479 3578 2547 3629 et
2582 3586 2671 3629 ex
2697 3568 2988 3631 remotis
3013 3570 3191 3633 locis

719 3878 879 3934 Μειγο
899 3880 960 3923 de
981 3880 1098 3933 1747,
1115 3881 1162 3923 el
1183 3882 1302 3923 cual
1319 3881 1402 3923 sue
1424 3881 1487 3924 de
1507 3879 1629 3923 vida
1645 3880 1897 3934 ejemplar
1912 3892 1947 3935 y
1966 3880 2019 3923 la
2035 3880 2257 3923 eseribio
2277 3890 2341 3922 en
2360 3891 2427 3923 un
2446 3886 2583 3924 tomo
2600 3882 2663 3924 de
2679 3890 2869 3926 octavo
2890 3885 2939 3926 el
2958 3884 3014 3926 P.
3034 3884 3203 3937 Agus-

723 3952 807 3993 tln
828 3950 1007 4003 Abad,
1029 3952 1222 3995 Rector
1240 3953 1299 3994 de
1329 3951 1482 3995 dicho
1511 3950 1814 4005 SeminarIo,
1841 3964 1877 4007 y
1896 3962 1951 3994 se
1980 3950 2241 4005 imprimio
2268 3952 2315 3993 el
2348 3954 2449 3995 ailo
2467 3951 2531 3994 de
2558 3952 2659 3996 1763
2676 3964 2741 3996 en
2770 3954 3069 4010 Calatayud
3104 3966 3201 4009 por

725 4020 952 4076 Joaquin
974 4022 1252 4075 Esteban.„
1273 4022 1365 4077 ld..
1390 4022 1514 4066 ibid.

815 4092 831 4125 ¹
886 4093 1175 4149 Mat-quina.

811 4165 834 4196 Ω
891 4164 1089 4220 Supra,
1121 4177 1169 4209 n.
1203 4166 1286 4211 926
1525 4210 1530 4215 ,

807 4237 832 4269 ³
887 4235 978 4281 Dr.
999 4236 1224 4289 joannes
1244 4237 1433 4281 Berua}
1458 4238 1583 4282 Diaz
1609 4236 1671 4280 de
1699 4237 1865 4291 Lago.
1888 4238 2023 4281 Vide
2052 4248 2238 4293 supra,
2261 4245 2299 4282 t.
2323 4250 2357 4291 1,
2380 4250 2417 4283 11
2436 4245 2489 4283 et
2509 4249 2585 4289 ιιι,
2608 4244 2660 4281 et
2682 4249 2811 4281 cave
2836 4239 2887 4281 in
2928 4238 3091 4289 Gaas.
3116 4242 3202 4283 Se-

725 4308 839 4351 ries
857 4308 1266 4363 Episcoporum‚
1284 4320 1405 4363 pag.
1425 4309 1493 4363 21,
1515 4310 1610 4352 col.
1632 4309 1674 4361 2,
1698 4308 2015 4364 typographi
2048 4320 2280 4353 errorem
2295 4342 2307 4363 .
2330 4319 2428 4363 quo
2459 4310 2609 4364 hujtxs
2637 4318 2923 4362 successor,
2948 4310 3199 4354 Dominus

721 4378 954 4424 Didacus
985 4379 1284 4425 Fernandez
1305 4380 1367 4423 de
1399 4380 1654 4433 Cordoba,
1675 4379 1868 4423 dicitur
1898 4388 2107 4423 creatus
2130 4378 2569 4435 Catani-ritanus
2600 4378 2889 4435 Episcopus
2920 4392 3055 4425 anno
3080 4382 3200 4437 1550,

731 4451 847 4495 loco
869 4452 998 4495 1556.

802 4524 826 4555 ⁴
881 4521 1194 4577 subjacebat
1217 4530 1337 4566 tune
1359 4522 1583 4577 Biscaya
1606 4521 1864 4577 Episcopo
1884 4522 2309 4577 Calagurritano,
2330 4533 2465 4566 nunc
2489 4522 2825 4567 Victoriensi.

806 4592 830 4625 ὅ
883 4597 934 4637 et
955 4594 1143 4637 Muam
1164 4594 1322 4637 habet
1341 4604 1452 4646 ma.;
1475 4594 1563 4637 ted
1586 4604 1736 4637 error
1756 4600 1837 4637 est
1863 4604 1960 4647 pro
1979 4592 2210 4646 Ermum,
2228 4593 2363 4648 quod
2383 4590 2626 4647 oppidum
2645 4599 2727 4637 est
2746 4604 2907 4649 prope
2925 4594 3202 4648 Duo-ango.

803 4662 830 4697 ⁰
886 4664 1249 4719 vergarenses
1277 4662 1438 4708 cives.
