3742 5392
1618 507 1745 565 Aa.
1790 507 1930 565 1554
2893 506 2995 565 641

661 656 836 719 1372.
920 655 1110 719 Inter
1149 656 1343 735 ipsos
1386 663 1621 718 autem
1660 652 2115 719 brasilienses
2145 654 2326 717 duos
2365 653 2661 736 judiceS,
2697 655 2998 717 alterum

520 765 872 843 virorum,
931 763 1236 826 alterum
1284 770 1524 826 autem
1570 760 2043 824 foeminarum
2091 761 2424 841 instituit,
2477 761 2732 841 quibus
2782 761 3000 824 etiam

514 888 706 935 cura
755 871 923 935 data
966 878 1073 933 est
1124 867 1527 949 huJusmodi
1575 868 1899 931 homines
1950 867 2042 931 ad
2085 867 2548 932 christianam
2601 868 3001 932 doctrinam

532 976 953 1057 adducendi,
996 986 1066 1041 et
1113 976 1472 1040 ferventer
1515 974 1691 1039 satis
1730 992 1807 1039 se
1843 975 2215 1055 gerebant;
2262 986 2332 1039 et
2371 993 2536 1040 cum
2564 975 2679 1039 vir
2709 975 3002 1057 quidam

529 1085 1021 1149 brasiliensem
1049 1082 1437 1147 foeminam
1456 1098 1845 1163 aggressus
1866 1091 2078 1160 esset,
2105 1082 2250 1163 illa,
2274 1100 2354 1146 se
2375 1081 2762 1146 defendens
2791 1082 3005 1163 (quod

532 1210 677 1255 non
708 1192 958 1255 solitae
987 1198 1195 1255 erant
1225 1188 1629 1268 hujusmodi
1656 1188 2010 1252 foeminae
2038 1188 2327 1268 facere),
2363 1206 2623 1252 nomen
2661 1189 2740 1253 Β.
2844 1188 3007 1253 Vir-

515 1299 723 1379 ,ginis
760 1298 1170 1377 invocabat,
1212 1304 1282 1360 et
1320 1297 1479 1360 viro
1518 1296 1827 1359 dicebat:
1884 1294 2077 1359 “Non
2118 1296 2376 1360 audisti
2429 1305 2505 1360 tu
2555 1296 3006 1360 concionato-

537 1423 689 1469 rem
727 1405 1079 1469 dicentem
1117 1404 1501 1485 quodlicet
1530 1403 1765 1469 nullus
1804 1404 2018 1467 homo
2049 1403 2141 1467 sit
2170 1419 2536 1483 praesenS‚
2569 1403 2691 1483 qui
2729 1419 2860 1467 nos
2905 1403 3007 1466 vi·

518 1513 723 1592 -deat,
756 1512 951 1575 Deus
980 1520 1244 1589 tamen,
1278 1510 1399 1590 qui
1429 1510 1501 1572 in
1531 1509 1748 1573 coelis
1777 1518 1908 1588 est,
1943 1509 2138 1573 videt
2166 1512 2362 1589 nos?„
2389 1510 2592 1573 Aliae
2621 1510 2837 1574 etiam
2865 1509 3006 1573 foe-

534 1620 769 1684 minae
810 1636 970 1722 curn
1002 1619 1113 1681 vir
1146 1618 1401 1698 aliquis
1442 1632 1699 1695 parum
1738 1616 2034 1681 honeste
2072 1634 2196 1699 eas
2242 1617 2753 1717 aiquuepatur,
2789 1617 3006 1681 mina-

526 1728 803 1790 ‘bantur
834 1745 909 1789 se
938 1726 1137 1789 Patri
1167 1723 1659 1787 concionatori
1689 1723 2008 1787 dicturas
2042 1722 2085 1782 ¹.

663 1832 837 1897 1373.
924 1830 1058 1895 Hic
1089 1832 1391 1895 ducatus
1433 1830 1953 1921 praecaeteris
1981 1830 2325 1917 Brasiliae
2367 1831 2762 1911 provinciis
2793 1831 3010 1894 rebus

526 1941 631 2005 ad
681 1941 956 2005 victum
1006 1938 1431 2003 necessariis
1483 1935 1828 2015 abundem
1879 1950 1976 2000 ex
2023 1924 2483 2001 milio²valde
2532 1926 2760 2002 bonus
2803 1940 3011 2019 panis

545 2047 938 2123 conficitur,
973 2046 1094 2127 qui
1120 2045 1605 2125 Portugalliae
1644 2044 1851 2124 panis
1891 2044 2141 2107 similis
2176 2055 2306 2107 est.
2353 2043 2536 2125 Apri
2565 2046 2780 2109 etiam
2813 2046 3014 2109 multi

526 2167 613 2219 -et
643 2155 839 2219 cervi
869 2164 939 2217 et
970 2153 1111 2217 alia
1143 2152 1481 2215 animalia
1512 2161 1778 2214 venatu
1810 2152 2214 2230 capiuntur,
2249 2152 2434 2218 inter
2489 2130 2868 2233 quae'illae
2895 2153 3011 2216 be·

534 2262 723 2326 ⁴stiae
766 2271 962 2341 sunt³
1008 2277 1189 2341 quas
1231 2264 1449 2321 antas
1494 2268 1792 2335 vocant,
1843 2275 2146 2338 quarum
2189 2258 2406 2338 pelles
2459 2274 2676 2338 aegre
2727 2260 3012 2339 gladius

544 2368 910 2451 perforare
946 2376 1201 2448 potest.
1247 2365 1447 2429 Aves
1486 2364 1733 2427 variae
1773 2374 1843 2427 et
1870 2364 2105 2445 pisces
2135 2364 2384 2444 optimi
2427 2365 2812 2446 capiuntur⁴
2836 2366 3012 2448 pon·

517 2476 738 2540 ·deris
768 2475 1085 2553 maximi,
1114 2490 1281 2537 nam
1308 2472 1691 2553 aliquando
1716 2481 2072 2535 trecentas
2097 2481 2166 2535 et
2187 2472 2773 2553 quadringentaS,
2797 2474 3012 2537 immo

532 2593 923 2647 sexcentas
954 2579 1229 2663 [libras]
1248 2578 1625 2657 excedunt;
1660 2596 1797 2657 reS,
1826 2595 2009 2658 quae
2034 2596 2126 2643 ex
2158 2578 2598 2659 portugallia
2629 2577 2876 2644 venire
2905 2580 3012 2645 s'o-

547 2690 808 2766 lebant,
851 2707 1061 2754 rarae
1106 2690 1179 2751 in
1220 2688 1355 2750 hoc
1394 2695 1628 2749 tractu
1667 2686 2234 2764 inveniebantur,
2289 2687 2478 2768 quod
2517 2686 2876 2751 desertum
2925 2690 3014 2751 ab

548 2796 1065 2861 habitatoribus
1111 2791 1486 2876 [lusitanis]
1532 2791 1784 2873 fuerat,
1834 2810 1922 2856 eo
1964 2793 2154 2873 quod
2203 2794 2673 2858 instrumenta
2703 2792 2816 2858 'ad
2865 2812 3014 2859 sac-

532 2905 847 2968 ·charum
876 2902 1391 2967 conficiendum
1422 2900 1751 2963 confecta
1791 2900 2444 2981 conflagraverant;
2489 2900 2614 2965 sed
2653 2902 2856 2965 brevi
2899 2921 3018 2983 po-

550 3013 793 3091 pulum
821 3009 1263 3091 frequentem
1290 3006 1445 3101 fore
1494 3003 1992 3087 sperabat[ur];
2020 3007 2170 3069 vini
2197 3008 2493 3086 penuria
2518 3009 2814 3073 molesta
2837 3019 3015 3088 erat,

552 3118 720 3197 quia
750 3126 1042 3198 propter
1079 3133 1240 3179 eam
1276 3114 1539 3177 Missae
1571 3113 1956 3194 aliquando
1985 3112 2124 3176 dici
2155 3110 2299 3177 non'
2327 3110 2682 3195 poterant;
2719 3134 2851 3179 nec
2881 3116 3016 3179 for-

542 3226 780 3289 micae
824 3222 1325 3305 permittebant
1362 3238 1454 3283 ex
1491 3220 1831 3299 plantatis
1870 3220 2138 3283 vitibus
2188 3237 2494 3284 uvarum
2542 3221 2850 3286 fructum
2881 3224 3018 3286 col-

556 3333 705 3412 ligi.

678 3438 766 3503 Et
790 3439 968 3502 haec
998 3437 1085 3502 de
1114 3436 1494 3499 Provincia
1524 3434 1895 3499 Brasiliae.

641 3682 657 3716 ¹
716 3682 875 3727 Plura
891 3682 952 3724 de
980 3681 1037 3724 Ρ.
1062 3679 1347 3723 Laurentio
1368 3678 1543 3723 Blasio
1577 3680 1695 3723 vide
1718 3680 1767 3723 in
1796 3689 1953 3733 opere
1975 3678 2030 3723 Ρ.
2054 3678 2455 3723 νΛεοοκεειιοο
2487 3681 2647 3725 toties
2676 3682 2856 3735 citato.
2886 3682 2983 3727 liv.
3009 3696 3026 3727 1

530 3780 533 3785 -
560 3754 629 3796 da
654 3751 911 3798 Chronica
930 3753 1001 3795 da
1024 3750 1073 3795 C.
1099 3751 1168 3794 de
1186 3751 1259 3805 J..
1276 3760 1345 3793 nn
1392 3750 1581 3799 185,186
1598 3756 1651 3793 et
1675 3750 1769 3793 187.
1801 3750 2054 3802 Quoniam
2073 3761 2201 3793 vcro
2234 3750 2285 3793 in
2317 3750 2414 3795 hoc
2441 3752 2625 3796 ultimo
2653 3764 2885 3809 numero,
2906 3766 3030 3799 non·

559 3826 702 3869 nulla
720 3837 785 3867 ex
804 3824 1015 3879 scriptis
1036 3823 1213 3867 Patris
1232 3822 1445 3877 josephi
1460 3823 1724 3865 Anchieta
1746 3822 1797 3865 in
1818 3822 2026 3866 laudem
2051 3822 2104 3864 Ρ.
2129 3821 2405 3869 Laurentii
2423 3824 2767 3879 continentur,
2786 3834 3029 3881 opportu-

556 3908 681 3942 num
700 3897 937 3941 duximus
960 3900 1125 3940 totam
1146 3894 1537 3950 paragraphum
1558 3894 1643 3937 hic
1665 3894 1918 3937 inserere.
1941 3894 2096 3937 “Este
2127 3898 2184 3937 so
2221 3894 2502 3939 Sacerdote
2537 3907 2630 3941 era
2663 3909 2693 3942 ο
2723 3883 2960 3943 parocho
2982 3900 3031 3941 d'

558 3970 761 4023 aquelle
779 3979 916 4022 povo
936 3968 1073 4011 todo:
1096 3978 1213 4011 nem
1233 3976 1301 4010 na
1322 3976 1493 4019 nossa,
1514 3976 1631 4009 nem
1650 3977 1729 4009 em
1750 3966 1963 4019 alguma
1988 3967 2144 4011 outra
2165 3965 2358 4020 Igreja.
2382 3966 2546 4013 havit
2576 3979 2727 4022 quem
2761 3972 3029 4025 pregasse,

558 4052 623 4084 ou
652 4040 1000 4092 confessasse,
1031 4050 1097 4083 ou
1132 4038 1474 4088 doutrinasse,
1509 4048 1575 4080 ou
1610 4037 2004 4080 admInistrasse
2034 4044 2363 4082 sacramento
2393 4040 2586 4093 aigum:
2620 4052 2652 4083 a
2684 4042 2808 4085 tudo
2844 4042 3031 4086 acudia

558 4112 681 4155 hum
700 4114 757 4155 so
780 4110 912 4154 Braz
934 4110 1203 4163 Lourenco
1224 4110 1714 4161 incamavelmente,
1736 4120 1765 4151 e
1799 4120 1894 4152 con
1925 4110 2000 4152 tal
2031 4109 2171 4153 fruto
2201 4120 2298 4163 que
2327 4110 2462 4153 disse
2493 4110 2541 4153 d’
2574 4112 2672 4155 elle
2693 4124 2723 4155 o
2744 4115 3030 4173 veneravel

564 4183 731 4226 Padre
753 4181 961 4235 joseph,
984 4192 1081 4236 que
1102 4182 1133 4225 d
1158 4181 1169 4196 ·
1192 4182 1394 4236 aquelle
1412 4182 1529 4224 bom
1546 4188 1720 4233 tempo
1736 4180 1938 4225 dut-ava
1955 4182 2111 4225 ainda
2132 4192 2214 4225 em
2235 4194 2264 4225 o
2280 4193 2386 4229 seu.
2405 4184 2564 4226 sendo
2583 4185 2679 4228 elle
2696 4185 2754 4240 ja
2769 4186 2942 4240 velho,
2965 4197 3033 4231 na

559 4253 692 4296 villa
711 4252 775 4295 do
797 4251 1029 4305 Esplrito
1051 4256 1203 4295 santo
1226 4263 1255 4294 ο
1276 4250 1448 4294 effeito
1464 4250 1531 4294 da
1550 4250 1793 4294 doutrina
1815 4251 1880 4294 do
1916 4250 2103 4305 Padre,
2135 4263 2230 4305 por
2261 4262 2404 4295 estas
2433 4254 2701 4307 palavras:
2732 4254 3036 4301 ‘ventrina-

560 4336 649 4376 νει,
670 4334 699 4366 e
721 4326 956 4376 pregava
976 4323 1097 4377 (diz)
1118 4334 1230 4366 com
1251 4328 1398 4365 tanto
1420 4322 1573 4374 fruto,
1596 4332 1693 4375 que
1724 4322 1857 4365 alem
1895 4321 1958 4365 do
1989 4324 2442 4376 aproveitamento
2477 4324 2570 4368 dos
2594 4326 2724 4379 pais,
2761 4326 2957 4371 ficarao
2979 4340 3036 4373 os

562 4394 711 4438 filhos
731 4404 846 4438 com
867 4401 1017 4438 tanta
1038 4396 1134 4447 luz,
1158 4405 1185 4436 e
1207 4398 1295 4437 tio
1315 4392 1629 4445 affeicoados
1658 4395 1691 4435 a
1710 4392 1936 4444 virtude,
1975 4404 2118 4437 como
2153 4394 2310 4437 ainda
2341 4406 2506 4449 agera
2541 4406 2596 4439 ee
2627 4406 2875 4451 enxeroea,
2897 4410 3038 4454 espe-

558 4467 835 4510 cialmente
856 4477 951 4510 nas
970 4465 1247 4518 mulnet-es,
1270 4477 1329 4509 us
1350 4476 1509 4519 quaes
1530 4464 1576 4507 n·
1594 4465 1803 4517 aqueus
1823 4475 2058 4519 pequena
2089 4465 2238 4509 idade
2267 4468 2539 4519 ganharao
2560 4478 2687 4522 pera
2719 4480 2748 4513 o
2771 4476 2944 4525 tempo
2965 4472 3040 4516 su·

566 4545 685 4583 turo
702 4548 833 4593 pera
854 4537 959 4591 she
982 4548 1106 4593 pera
1126 4548 1247 4581 suas
1280 4537 1445 4590 mbas,
1476 4536 1824 4581 continuando
1855 4536 2002 4590 quasi
2033 4536 2156 4579 todo
2188 4548 2218 4579 o
2249 4536 2468 4581 femineo
2497 4548 2622 4583 sexo
2655 4550 2686 4582 a
2717 4540 2988 4597 con—fissae,
3011 4556 3038 4587 e

553 4610 904 4654 -eommunhao
925 4610 1057 4654 cada
1077 4610 1200 4663 olto,
1224 4621 1251 4652 e
1272 4610 1451 4664 qninze
1472 4608 1601 4660 dias.
1627 4620 1739 4653 eom
1762 4608 1974 4652 notavel
1989 4608 2136 4653 fama
2167 4608 2228 4651 de
2259 4609 2602 4654 honestidnde
2633 4620 2781 4657 entre
2807 4614 2960 4659 todas
2979 4626 3040 4660 aa

564 4682 631 4725 do
652 4681 870 4735 Bran...
906 4680 1009 4726 Sao
1042 4684 1295 4736 palavras
1325 4682 1391 4725 do
1424 4683 1707 4724 veneravel
1744 4680 1932 4727 Padre.
1963 4691 2060 4734 que
2091 4679 2154 4724 he
2177 4681 2290 4723 bem
2323 4680 2407 4724 {he
2429 4683 2694 4735 agradeca
2724 4692 2843 4730 esta
2879 4688 3039 4733 nobre

564 4756 756 4809 villa„
2455 4770 2460 4776 ·

812 4844 887 4903 T.
923 4863 1000 4901 lv.
2689 4866 2752 4917 4¹
