3742 5392
696 425 799 487 136
1610 426 1864 489 Canos.
1909 430 2059 489 Soc.
2100 430 2241 503 Jas.

693 571 935 636 caedis
964 574 1362 655 aliquorum
1382 624 1397 651 ,
1433 593 1595 639 cum
1626 575 1857 655 parati
1887 574 2146 639 fuerint
2177 592 2318 638 non
2347 578 2560 657 pauci
2583 577 2671 640 de
2697 578 2956 659 populo
2989 579 3157 659 lapi-

690 679 897 743 dibus
926 681 1369 745 sacerdotem
1400 683 1593 746 illum
1623 683 1958 760 obruere,
1992 682 2053 745 si
2091 700 2250 745 cum
2297 683 2694 763 impetratis
2731 684 2868 748 illis
2907 685 3158 749 litteris

690 796 942 851 contra
966 789 1202 870 populi
1225 790 1661 853 voluntatem
1686 790 1777 852 ad
1798 790 2216 869 parochiam
2241 791 2662 854 accessisset
2683 789 2940 870 (fuerat
2969 791 3152 855 enim

693 893 757 956 ei
789 891 806 924 ¹
837 911 1180 958 concessa
1210 904 1527 975 potestas
1557 897 1952 975 pat-ochum
1980 896 2288 975 eligendi
2327 913 2537 975 quem
2579 896 2800 961 Sedes
2854 898 3156 979 Aposto-

692 1001 831 1063 lica
857 1000 1311 1065 confirmaret
1324 1002 1380 1080 ).;
1414 1004 1653 1082 itaque
1678 1012 1930 1094 contra
1953 1002 2030 1065 P.
2059 1003 2317 1082 Ignatii
2342 1005 2781 1068 voluntatem
2801 1004 3156 1069 facturum

692 1108 752 1171 si
780 1109 1173 1185 recederet;
1210 1121 1279 1173 et
1304 1112 1399 1173 ita
1430 1111 1688 1174 mansit
1719 1110 1910 1193 apud
1939 1128 2062 1175 eos
2092 1110 2166 1173 P.
2211 1111 2578 1185 AndreaS‚
2609 1110 2836 1175 donec
2852 1110 3156 1175 Romam

687 1216 924 1279 denuo
954 1218 1319 1281 scriberet.

809 1323 951 1388 271.
1040 1324 1222 1405 Quia
1251 1335 1491 1390 tamen
1519 1326 1895 1389 videbatur
1924 1324 2057 1389 sibi
2086 1343 2338 1406 parum
2371 1326 2462 1391 ad
2490 1325 2962 1390 obedientiam
3000 1344 3156 1390 esse

690 1441 1060 1512 promptus
1080 1478 1095 1508 ,
1122 1442 1192 1495 et
1217 1434 1372 1513 plus
1403 1450 1629 1514 aequo
1658 1431 1734 1496 P.
1762 1432 2117 1513 Ignatium
2141 1432 2395 1497 litteris
2419 1433 2684 1497 ursisse
2706 1443 2783 1497 ut
2805 1431 3157 1497 Morbenii

690 1555 851 1602 eum
880 1540 1341 1620 relinqueret,
1376 1540 1705 1620 quamvis
1726 1540 1819 1603 ad
1849 1539 2189 1603 evitanda
2220 1536 2458 1621 [mala]
2489 1539 2560 1603 id
2600 1540 2919 1616 fecisset,
2952 1550 3153 1605 tanto

690 1644 932 1709 dolore
962 1655 1358 1709 commotus
1379 1645 1533 1724 suit,
1564 1655 1639 1709 ut
1660 1646 1831 1710 sein
1849 1644 2135 1710 modurn
2159 1644 2416 1725 SauliS,
2441 1656 2732 1727 propter
2754 1646 3154 1711 inobedien-

687 1751 860 1815 tiam
888 1753 1281 1832 reprobati,
1316 1752 1866 1833 praecidendum
1895 1770 2053 1816 esse
2097 1770 2140 1815 a
2179 1751 2536 1817 Societate
2579 1762 2821 1818 nostra
2851 1754 3151 1832 timeret;

687 1868 755 1921 et
788 1876 949 1923 cum
980 1861 1253 1923 litteras
1284 1859 1359 1923 P.
1395 1860 1681 1940 Ignatii,
1728 1878 1910 1941 quae
1956 1859 2165 1924 officii
2213 1860 2448 1941 ipsum
2497 1872 2819 1926 amanter
2849 1879 3154 1926 commo-

686 1967 971 2043 nebant,
1006 1968 1421 2048 accepisset,
1450 1984 1898 2049 summopere
1922 1969 2226 2030 laetatus
2243 2016 2257 2045 ,
2283 1968 2636 2048 prolixam
2659 1978 2898 2034 tamen
2917 1970 3151 2049 poeni-

685 2074 978 2137 tentiam
1004 2075 1434 2153 postulabat;
1462 2084 1531 2139 et
1552 2074 1741 2137 serio
1764 2074 2294 2139 Morbenienses
2311 2074 2673 2140 admonuit
2697 2084 2773 2139 ut
2793 2076 2930 2140 sibi
2951 2093 3152 2156 paro·

686 2179 895 2243 chum
935 2180 1268 2244 idoneum
1313 2180 1805 2261 providerent,
1850 2180 2241 2244 admonens
2279 2197 2355 2243 se
2398 2181 2640 2245 statim
2680 2182 3151 2246 obedientiam

685 2287 761 2351 Ρ.
806 2286 1064 2367 Ignatii
1093 2298 1635 2369 exequuturum.

803 2394 946 2459 272.
1032 2392 1481 2476 Scripseram
1512 2395 1611 2460 illi
1639 2396 1926 2477 quidem
1949 2395 2146 2459 initio
2176 2394 2382 2476 hujus
2413 2394 2581 2459 anni
2596 2394 2827 2460 denuo
2856 2395 2932 2459 P.
2952 2397 3152 2477 Igna·

690 2502 789 2565 tio
822 2502 1061 2583 populi
1090 2502 1304 2566 totius
1332 2503 1615 2565 nomine
1638 2552 1653 2579 ,
1686 2503 1940 2583 quibus
1969 2502 2234 2565 bonum
2263 2518 2470 2565 suum
2499 2512 2861 2582 pastorem
2901 2502 2978 2565 P.
3013 2501 3153 2566 An-

686 2608 937 2672 dream
967 2609 1465 2673 Galvanellum
1507 2609 1812 2673 retinere
1863 2610 2052 2690 apud
2099 2627 2178 2673 se
2208 2609 2584 2687 curabant,
2635 2619 2704 2673 et
2745 2609 2912 2689 quia
2961 2611 3154 2673 intel-

688 2718 1011 2779 lexerant
1051 2725 1300 2780 contra
1332 2716 1875 2779 constitutiones
1903 2731 2060 2779 esse
2091 2728 2167 2779 ut
2209 2715 2433 2779 nostri
2473 2733 2721 2783 curam
2759 2716 3156 2781 animarum

683 2830 1055 2902 gererent,
1108 2822 1439 2887 dicebant
1490 2840 1567 2885 se
1618 2822 1739 2885 alii
1770 2823 2125 2886 sacerdoti
2176 2839 2420 2886 curam
2450 2824 2636 2887 hanc
2673 2822 3151 2905 impositurOS,
3183 2836 3186 2839 ’

686 2939 763 2992 ut
795 2938 1161 2993 exerceret
1193 2947 1277 2993 ea
1322 2930 1744 3006 ministeria,
1779 2945 1960 3009 quae
1987 2928 2308 2994 Societas
2337 2938 2584 2993 nostra
2623 2946 2750 3010 per
2787 2948 2954 2995 suas
2993 2948 3152 2996 con-

684 3037 1085 3101 stitutiones
1114 3054 1451 3101 exercere
1483 3036 2024 3117 prohibebatur,
2051 3036 2124 3101 id
2145 3046 2422 3100 tanturn
2444 3046 2856 3118 expetentes
2888 3047 2965 3102 ut
2997 3039 3152 3101 titu-

685 3146 829 3209 lum
862 3154 1138 3208 tantum
1163 3144 1348 3209 illius
1378 3144 1767 3225 parochiae
1797 3142 1871 3207 P.
1919 3143 2248 3208 Andreas
2277 3145 2603 3223 haberet,
2635 3154 2706 3209 et
2741 3163 3150 3227 supremam

682 3251 1213 3330 auctoritatem;
1250 3261 1319 3315 et
1349 3250 1633 3332 quando
1672 3252 1898 3315 nostri
1941 3251 2033 3314 ad
2072 3250 2282 3315 Indos
2331 3269 2552 3332 usque
2589 3252 3047 3318 mittebantur
3076 3263 3153 3316 ut

688 3358 1011 3423 Infideles
1035 3358 1406 3438 juvarent,
1440 3358 1833 3424 catholicos
1860 3376 2006 3422 non
2037 3376 2192 3422 esse
2210 3358 2660 3423 deserendos.
2694 3358 2916 3423 Multa
2938 3361 3152 3425 etiam

684 3466 777 3529 de
808 3466 1044 3531 fructu
1061 3516 1076 3545 ,
1111 3466 1229 3548 qui
1259 3484 1349 3531 ex
1372 3464 1523 3546 eJus
1552 3466 1793 3530 labore
1816 3476 1886 3529 et
1907 3464 2254 3530 industria
2279 3466 2741 3546 proveniebat
2759 3516 2773 3545 ,
2800 3465 3150 3538 dicebant;

688 3584 758 3637 et
789 3591 929 3637 non
960 3574 1187 3638 solum
1219 3573 1457 3655 oppidi
1488 3574 1613 3639 sed
1644 3581 1712 3636 et
1741 3573 1960 3637 totius
1999 3572 2312 3653 regionis
2355 3575 2715 3637 lucernam
2745 3591 2902 3637 esse
2937 3574 3154 3639 extin-

680 3681 1041 3760 guendam
1064 3730 1079 3757 ,
1136 3699 1221 3746 eo
1272 3690 1577 3759 remoto,
1634 3681 2062 3745 scribebant.
2119 3680 2227 3743 De
2278 3681 2650 3760 collegiolo
2699 3681 2915 3745 etiam
2964 3682 3154 3746 insti-

694 3788 953 3852 tuendo
984 3805 1147 3852 cum
1175 3787 1253 3852 P.
1288 3788 1565 3869 Ignatio
1590 3796 1920 3868 regentes
1953 3786 2192 3869 populi
2216 3787 2357 3865 (sic
2381 3788 2844 3867 magistratus
2867 3788 3153 3865 vocant)

690 3896 1000 3976 agebant
1022 3944 1036 3973 ,
1071 3907 1140 3960 et
1170 3896 1383 3974 duOS,
1418 3896 1536 3977 qui
1562 3896 1824 3960 scholis
1845 3903 2290 3976 praeessent,
2327 3904 2612 3974 praeter
2647 3895 2877 3975 ipsum
2903 3893 2979 3958 Ρ.
3011 3894 3152 3960 An·

679 4003 934 4067 dream
961 4013 1033 4068 et
1064 4004 1279 4067 alium
1310 4004 1616 4081 socium,
1662 4002 2149 4083 postulabant,
2199 4010 2268 4064 et
2297 4000 2626 4081 domum,
2669 4002 3046 4067 ecclesiam
3086 4014 3155 4066 et

690 4112 1098 4176 necessaria
1160 4111 1252 4175 ad
1321 4121 1625 4191 quatuor
1684 4111 1799 4173 vel
1850 4110 2160 4191 quinque
2225 4108 2518 4171 alendos
2576 4108 2988 4173 offerebant.
3058 4109 3155 4173 At

688 4217 765 4280 P.
799 4217 1126 4281 Andreas
1158 4234 1577 4298 responsum
1600 4234 1677 4281 se
1701 4216 1958 4280 harum
1981 4213 2428 4296 [litterarum]
2453 4233 2595 4279 non
2618 4224 3156 4295 expectaturum

688 4324 1090 4389 affirmabat
1116 4374 1131 4404 ,
1186 4325 1246 4389 si
1308 4325 1488 4389 alias
1554 4324 2000 4389 obedientiae
2057 4323 2330 4387 litteras
2379 4322 2577 4402 prius
2635 4321 2934 4388 videret:
2983 4324 3158 4387 satis

678 4448 1041 4511 superque
1072 4449 1229 4495 esse
1261 4433 1451 4513 quod
1482 4432 1702 4495 semel
1735 4431 1800 4493 ei
1830 4432 2220 4494 reluctatus
2251 4429 2488 4510 aliquo
2519 4430 2733 4493 modo
2755 4428 3029 4494 fuisset.

768 4673 783 4705 ¹
844 4672 903 4717 Id
924 4679 1019 4727 eat,
1039 4677 1245 4728 populo.
