3742 5392
1632 489 1759 547 ΑΝ.
1804 488 1946 547 1554
2919 484 3024 544 185

556 648 797 697 autem
834 632 984 713 ejus
1029 634 1489 698 concionibus
1526 634 1661 697 hoc
1702 642 2042 697 autumno
2081 631 2376 707 habitis,
2409 632 2598 712 quod
2627 630 2716 695 acl
2755 630 3024 693 audito-

560 743 743 805 rium
770 753 841 805 et
868 741 1178 806 fructum
1206 741 1489 820 attinet,
1524 759 1613 804 ex
1642 742 1970 821 superius
2000 728 2208 803 dictis
2237 738 2478 803 inferri
2512 738 2792 819 poterit.

679 848 819 911 394.
908 849 1185 914 Civitas
1212 847 1662 912 Salernitana
1691 848 1962 926 vicina,
1995 846 2328 929 Neapolis
2359 848 2684 927 exemplo
2715 862 3020 909 commo-

556 966 665 1034 ta,
699 957 967 1036 aliquot
1009 973 1291 1020 menses
1330 973 1458 1036 pro
1500 954 1799 1035 collegio
1838 952 2218 1019 Societatis
2267 954 2580 1017 instabat
2617 952 3022 1030 obtinend0,

558 1065 845 1127 domum
874 1082 961 1127 ac
1000 1063 1267 1127 reditus
1297 1062 1643 1144 quosdam
1672 1062 2156 1143 promittebat,
2189 1074 2258 1125 et
2294 1061 2562 1142 reliqua
2595 1061 2848 1141 quibus
2885 1061 3023 1122 col-

558 1171 747 1249 legia
804 1171 1191 1234 sustentari
1249 1172 1507 1249 solent;
1558 1168 1683 1233 sed
1734 1170 2226 1250 operariorum
2275 1168 2602 1251 paucitas
2651 1167 3054 1243 efficiebat,·

559 1279 770 1341 simul
799 1295 961 1341 cum
1002 1277 1255 1341 messis
1292 1276 1811 1356 magnitudine,
1842 1288 1921 1339 ut
1959 1294 2103 1341 non
2130 1276 2337 1341 facile
2377 1274 2778 1355 hujusmodi
2820 1276 3024 1338 colle·

556 1385 711 1464 gia,
772 1384 1195 1465 praesertim
1262 1384 1537 1447 minora
1564 1432 1578 1459 ,
1653 1382 2215 1448 admitterentur.
2270 1382 2657 1448 Trecentos
2727 1384 3026 1446 ducatos

558 1492 775 1555 annui
819 1492 1087 1555 reditus
1131 1502 1201 1554 et
1251 1491 1538 1556 domum
1581 1507 1745 1554 cum
1794 1490 2098 1555 ecclesia
2135 1490 2564 1569 offerebant,
2595 1500 2667 1553 et
2717 1490 3026 1553 nobilem

558 1598 935 1678 quemdam
963 1596 1485 1662 Salernitanum
1523 1598 1894 1679 Neapolim
1920 1599 2289 1676 miserant,
2324 1608 2393 1660 et
2421 1598 3031 1679 Archiepiscopus

563 1705 1050 1769 salernitanus
1094 1705 1109 1735 ¹
1154 1705 1429 1769 litteras
1473 1705 1563 1768 ad
1610 1704 1890 1769 Patrem
1930 1703 2414 1770 Salmeronem
2452 1704 2852 1783 addiderat;
2901 1705 3025 1769 sed

562 1821 945 1894 antequam
981 1822 1323 1894 perpetuo
1352 1812 1605 1876 domus
1632 1821 1702 1875 et
1738 1812 2010 1876 reditus
2049 1813 2350 1891 collegio
2389 1814 2782 1887 unirentur,
2817 1829 3026 1892 expe-

560 1919 686 1982 riri
716 1920 807 1983 ad
832 1928 1108 1999 tempus
1137 1918 1424 2000 aliquod
1452 1920 1832 1999 cupiebant
1854 1920 2208 1999 quomodo
2237 1920 2460 1983 nostri
2489 1919 2562 1981 in
2591 1920 3028 1983 instituenda

554 2025 923 2106 Juventute
946 2044 1021 2089 se
1048 2035 1405 2107 gererent.
1432 2026 1572 2090 Sed
1600 2025 1998 2090 affirmabat
2021 2035 2164 2089 tam
2186 2025 2790 2107 Archiepiscopus
2812 2044 3030 2107 quam

561 2132 817 2197 nobilis
844 2134 991 2210 ille,
1024 2134 1145 2215 qui
1182 2132 1553 2213 Neapolim
1595 2147 1923 2212 venerat,
1956 2150 2100 2197 non
2127 2136 2778 2215 praeterlapsurum
2807 2152 3026 2198 unum

563 2242 680 2305 vel
707 2244 1009 2305 alterum
1038 2256 1303 2304 annum
1332 2242 1500 2321 quin
1538 2240 1941 2321 huJusmodi
1969 2241 2220 2305 domus
2248 2258 2334 2304 ac
2373 2242 2642 2305 reditus
2679 2242 3026 2305 stabiliter

565 2348 997 2412 donarentur
1043 2346 1383 2412 Societati
1422 2366 1464 2411 a
1506 2348 1757 2429 quibus
1796 2350 2166 2428 competit;
2201 2349 2326 2412 sed
2369 2350 2503 2413 hoc
2541 2350 2801 2429 ipsum,
2837 2349 3024 2429 quod

564 2456 955 2536 periculum
994 2456 1231 2519 facere
1272 2454 1718 2534 videbantur,
1752 2474 1841 2519 ne
1870 2456 2363 2519 admitteretur
2393 2454 2809 2536 Collegium,
2843 2456 3032 2519 inter

568 2563 747 2627 alias
790 2580 1069 2641 causaS,
1116 2562 1379 2640 effecit,
1424 2580 1514 2625 ne
1563 2562 1771 2643 hujus
1814 2572 1938 2625 aut
1967 2563 2152 2625 illius
2187 2562 2480 2627 arbitrio
2521 2562 3028 2641 subjacendum

571 2679 757 2733 esset
786 2669 831 2733 ⁸.

678 2776 821 2840 395.
908 2778 1017 2841 Ex
1048 2777 1340 2841 civitate
1362 2776 1630 2841 Caessa
1656 2775 1681 2807 ³
1709 2776 2106 2857 Episcopus
2127 2777 2343 2839 etiam
2365 2787 2434 2840 et
2463 2778 2716 2840 nobilis
2739 2777 3028 2857 quidam

562 2885 753 2948 aliud
780 2883 1173 2965 Collegium
1214 2882 1593 2948 Societatis
1630 2884 2091 2964 expetebant:
2124 2884 2340 2947 distat
2369 2894 2610 2947 autem
2646 2888 2730 2947 e'a
2771 2885 3028 2948 civitas

561 2992 857 3072 triginta
894 2992 1247 3070 milliaria,
1290 2992 1473 3055 sicut
1512 3004 1583 3053 et
1620 2990 2023 3068 Salernum,
2060 2992 2149 3055 ab
2195 2992 2365 3055 urbe
2394 2990 2722 3071 Neapoli;
2757 2992 2882 3055 sed
2909 3008 3028 3055 res

562 3116 1023 3179 progressum
1060 3116 1203 3163 non
1248 3099 1523 3173 habuit,
1571 3117 1701 3162 nec
1740 3110 1889 3163 tam
1927 3101 2147 3164 multa
2188 3099 2465 3163 admitti
2506 3098 2823 3179 Collegia
2867 3116 3030 3179 pro-

566 3215 821 3270 terant,

680 3314 822 3378 396.
909 3314 1102 3377 Loco
1132 3312 1207 3376 Ρ.
1243 3314 1575 3377 Andreae
1614 3314 1954 3377 sacerdos
1997 3315 2253 3394 aliquis
2293 3315 2758 3394 expetebatur
2796 3313 3030 3392 hispa-

565 3423 768 3485 nicae
797 3422 1106 3501 linguae,
1134 3438 1297 3483 cum
1320 3421 1518 3483 multi
1544 3420 2012 3484 confessionis
2032 3421 2268 3501 gratia
2291 3419 2380 3483 ad
2409 3421 2802 3500 Collegium
2833 3436 3028 3483 acce-

566 3530 845 3606 derent;
878 3537 947 3591 et
990 3527 1247 3591 missus
1284 3538 1393 3590 est
1433 3525 1508 3590 P.
1548 3527 2105 3609 christophorus
2143 3527 2230 3590 de
2275 3527 2620 3590 Mendoza
2658 3526 2702 3600 ⁴,
2739 3527 2860 3608 qui
2889 3527 3028 3590 hoc

568 3636 723 3713 ipso
756 3651 943 3697 anno
973 3652 1063 3697 ex
1090 3634 1435 3714 Hispania
1468 3633 1767 3697 Romam
1796 3644 2126 3711 venerat,
2161 3645 2229 3697 et
2269 3652 2412 3698 non
2443 3645 2716 3697 tantum
2746 3632 3033 3697 Confes-

569 3742 742 3806 sarii
771 3740 998 3804 officio
1038 3740 1417 3817 satisfecit,
1452 3741 1577 3804 sed
1618 3742 1834 3804 etiam
1877 3739 2173 3819 Collegii
2212 3740 2472 3805 Rector
2513 3740 2805 3804 effectus
2849 3750 2954 3804 est
2985 3741 3028 3803 ³.

653 4021 668 4053 ¹
727 4020 1077 4076 Hieronymus
1099 4019 1404 4074 Seripando.

646 4093 671 4125 8
724 4090 857 4137 Vide
882 4092 1117 4146 Pontici,
1140 4102 1209 4135 ex
1228 4104 1379 4143 com„
1398 4093 1605 4137 litteras
1626 4092 1692 4136 ad
1731 4092 1943 4136 Patrem
1973 4090 2182 4145 Laynez
2199 4126 2210 4143 ,
2235 4094 2345 4136 sine
2381 4092 2478 4143 die,
2501 4093 2591 4135 sed
2613 4099 2754 4135 certo
2791 4097 2906 4145 post
2935 4092 2964 4134 8
2981 4098 3034 4134 et

568 4172 689 4208 ante
710 4164 765 4207 15
782 4162 1084 4208 Decembris
1107 4166 1227 4209 1552.

646 4234 669 4267 ³
723 4234 808 4281 Sic
840 4237 895 4280 in
927 4248 1039 4287 ms..
1060 4238 1300 4293 quamvis
1322 4248 1421 4281 non
1454 4236 1587 4281 tntis
1620 4238 1920 4291 perspicue;
1943 4238 2030 4280 sed
2069 4246 2360 4282 sermonem
2395 4244 2636 4290 putamus
2669 4246 2782 4279 esse
2813 4236 2875 4279 de
2909 4237 3037 4279 urbe

572 4306 747 4360 Sessa,
777 4309 941 4353 latine
976 4310 1196 4361 Suessa,
1228 4320 1361 4364 quae
1390 4309 1525 4353 idem
1546 4309 1654 4352 sere
1676 4309 1839 4353 distat
1860 4320 1922 4353 ac
1957 4308 2232 4353 Salernum
2263 4309 2329 4352 ab
2349 4310 2478 4352 urbe
2511 4307 2744 4362 Neapoli.
2767 4306 2896 4361 Ejus
2917 4307 3040 4361 Epi·

570 4388 753 4433 scopus
773 4386 894 4424 tunc
915 4387 1031 4425 erat
1049 4382 1307 4425 Galeazzo
1328 4380 1663 4425 Florlmonte.

647 4455 674 4487 ⁴
726 4452 803 4497 De
824 4453 919 4497 hoc
942 4454 1151 4509 saepius
1170 4454 1361 4499 mentio
1384 4455 1527 4498 facta
1548 4460 1627 4498 est
1647 4455 1697 4499 in
1726 4453 2162 4508 praecedentibus
2183 4455 2350 4498 tribus
2371 4454 2524 4507 hujus
2547 4452 2793 4496 Chronica·
2823 4452 3040 4496 volumi-

572 4526 736 4579 nibus,
759 4527 879 4570 dum
898 4526 961 4569 de
982 4528 1137 4571 rebus
1158 4526 1443 4581 Hispaniae
1464 4534 1728 4579 ageretur.

652 4598 673 4630 ⁵
729 4598 892 4642 “Bata
917 4606 1131 4642 temnus
1150 4609 1207 4643 se
1238 4599 1445 4653 partita
1464 4598 1527 4641 de
1550 4596 1713 4642 Roma
1733 4600 1782 4642 el
1813 4598 1869 4641 P.
1893 4598 2155 4643 Criotobal
2177 4600 2238 4642 de
2260 4598 2504 4643 Mendoza
2537 4606 2670 4653 para
2702 4604 2846 4642 ester
2866 4598 2952 4640 ahi
2974 4608 3039 4640 en

572 4668 799 4726 Nepotes
816 4682 853 4727 y
873 4671 1077 4727 tyudar-
1096 4682 1161 4715 en
1190 4671 1240 4714 lo
1260 4682 1357 4727 que
1382 4672 1525 4715 fuere
1559 4676 1833 4720 menester,
1850 4671 2007 4715 hasta
2031 4682 2127 4726 que
2151 4672 2291 4728 haya
2311 4672 2372 4713 de
2397 4673 2442 4714 ir
2463 4673 2494 4713 a
2513 4672 2566 4715 la
2589 4669 2779 4713 Goleta
2793 4702 2803 4721 ,
2825 4678 2921 4723 que
2953 4679 3040 4721 po-

571 4742 687 4787 dria
698 4753 763 4787 no
782 4754 869 4787 ser
886 4750 974 4786 tan
994 4752 1167 4798 presto
1188 4778 1211 4792 ..
1228 4744 1497 4795 Polancus.
1518 4756 1582 4787 ex
1603 4756 1752 4797 com„
1768 4743 1916 4789 Patri
1930 4744 2198 4798 Alphonso
2217 4742 2570 4795 Salmeron,30
2583 4740 3044 4797 septembris-155⁴.-
