3742 5392
1579 465 1708 522 An.
1753 465 1893 522 1554
2900 463 2975 522 69

493 609 807 690 quotidie
837 609 1098 673 Missae
1127 609 1556 673 sacrificium
1585 609 1963 686 celebrari,
1998 619 2066 672 et
2096 609 2399 673 officium
2433 609 2511 672 Β.
2540 607 2866 689 Virginis
2897 618 2966 672 et

491 717 851 780 rosarium
878 717 1118 780 induci
1139 715 1452 796 juberet3
1485 717 1856 797 praeterea
1880 727 1955 780 ut
1985 717 2316 780 mulieres
2344 717 2694 797 quasdam
2731 716 2804 780 in
2824 715 2962 779 fide

495 840 878 904 perversas
908 824 1232 902 separari
1262 825 1352 887 ab
1379 841 1463 886 ea
1494 824 1704 887 domo
1728 821 2043 903 juberet,
2078 835 2147 886 et
2172 842 2259 886 ne
2282 824 2696 888 concionari
2727 841 2965 905 quem-

497 948 714 1012 quam
738 931 1030 1008 ibidem,
1063 930 1199 994 nisi
1227 947 1390 1018 cum
1438 931 1575 1011 ipsi
1605 929 1998 1010 videretur,
2026 931 2500 1011 permitteret;
2534 939 2605 995 et
2626 931 2794 1011 quia
2820 929 2966 993 Du·

499 1038 688 1102 cissa
714 1037 1078 1118 proculab
1108 1037 1264 1118 ipso
1293 1036 1496 1101 Duce
1525 1038 1600 1102 in
1628 1038 1963 1102 distincto
1992 1039 2258 1118 palatio
2287 1037 2655 1102 habitabat
2688 1036 2730 1118 ¹,
2764 1046 2836 1100 et
2864 1038 2965 1102 ita

497 1144 788 1208 liberior
817 1151 972 1208 erat
1003 1143 1094 1207 ad
1123 1161 1240 1208 res
1262 1139 1666 1225 huJusmodi
1695 1162 1909 1226 quam
1939 1153 2329 1226 oporteret,
2364 1162 2524 1208 eam
2552 1145 2845 1225 propius
2876 1145 2969 1208 ad

501 1269 577 1314 se
608 1251 952 1314 accedere
973 1249 1282 1330 J'uberet,
1317 1262 1394 1315 ut
1423 1261 1571 1314 tam
1599 1252 1757 1332 ipsa
1788 1269 2001 1332 quam
2032 1260 2181 1316 tota
2205 1252 2459 1315 domus
2486 1251 2735 1316 melius
2765 1251 2837 1314 in
2869 1251 2967 1314 of-

505 1357 663 1422 ficio
714 1358 1224 1438 contineretur;
1280 1370 1350 1422 et
1400 1359 1564 1440 quia
1582 1408 1597 1437 ,
1652 1358 1893 1422 habito
1948 1375 2299 1450 consensu
2346 1377 2389 1423 a
2436 1357 2635 1440 Rege
2666 1357 2965 1436 Galliae,

500 1465 764 1528 ostium
794 1474 1118 1546 apertum
1147 1465 1520 1530 videbatur
1551 1463 1767 1544 Duci,
1807 1479 1885 1530 ut
1926 1465 2113 1530 serio
2154 1465 2440 1530 domum
2480 1466 2675 1529 illam
2710 1481 2967 1546 purga-

498 1580 638 1654 ret,
671 1572 998 1635 hortatus
1027 1583 1134 1654 est
1163 1589 1325 1635 eum
1355 1571 1430 1636 Ρ.
1465 1571 1883 1636 Pelletarius
1913 1583 1988 1636 ut
2017 1581 2305 1636 strenue
2345 1571 2576 1636 officio
2619 1571 2969 1652 Principis

501 1687 572 1742 et
619 1678 858 1742 mariti
908 1678 1319 1758 fungeretur
1363 1680 1438 1742 in
1480 1679 1612 1758 his,
1657 1679 1752 1742 ad
1793 1696 1977 1759 quae
2026 1679 2099 1743 in
2147 1679 2587 1742 conscientia
2625 1679 2851 1742 teneri
2902 1679 2969 1741 ei

501 1783 1039 1864 significaverat
1067 1783 1113 1848 ².

626 1891 764 1955 125.
852 1891 1193 1956 Probavit
1225 1891 1394 1956 Dux
1423 1893 1694 1972 omnia,
1727 1911 1912 1974 quae
1950 1902 2441 1972 suggesserat,
2485 1893 2815 1973 quamvis
2853 1893 2969 1956 de-

502 1998 762 2062 ducere
790 1997 1172 2063 Ducissam
1225 2017 1268 2062 a
1294 2016 1426 2063 suo
1467 1999 1732 2079 palatio
1785 1998 2063 2064 difficile
2112 1999 2506 2079 videretur,
2561 2000 2747 2081 quod
2776 1999 2968 2064 aliud

501 2105 638 2185 ipsi
673 2106 1106 2170 conveniens
1136 2097 1356 2186 prope
1399 2105 1621 2170 Ducis
1669 2107 2014 2186 palatium
2060 2124 2203 2170 non
2232 2115 2441 2170 esset.
2490 2105 2745 2171 Statim
2793 2123 2972 2188 ergo

500 2214 734 2294 coepit
763 2213 1018 2294 exequi
1047 2212 1215 2276 Dux
1244 2230 1425 2295 quae
1458 2212 1532 2277 P.
1568 2211 1988 2277 Pelletarius
2026 2222 2520 2294 suggesserat,
2553 2223 2622 2278 et
2663 2223 2969 2295 quatuor

501 2320 604 2383 illi
631 2319 800 2397 viri,
833 2320 1361 2384 haereticorum
1390 2320 1662 2401 capita,
1697 2321 1976 2401 expulsi
1998 2319 2304 2384 fuerunt.
2333 2319 2596 2384 Missae
2620 2322 2835 2386 etiam
2860 2339 2963 2385 sa·

497 2425 845 2490 crificium
874 2427 946 2490 in
968 2428 1236 2507 palatio
1267 2425 1619 2492 Ducissae
1650 2427 1965 2509 quotidie
1988 2426 2128 2491 dici
2158 2436 2489 2508 coeptum
2516 2438 2661 2491 est..
2680 2427 2817 2493 Die
2849 2446 2969 2492 au-

497 2541 642 2620 tem
669 2533 872 2616 Jovis
894 2533 1022 2598 Sti.
1055 2535 1248 2598 misit
1270 2535 1596 2598 eumdem
1619 2533 1696 2596 Ρ.
1724 2532 2177 2598 Pelletarium
2199 2542 2274 2598 ut
2296 2533 2589 2599 Missam
2610 2535 2761 2616 ipse
2786 2536 2968 2600 dice·

491 2649 626 2718 ret,
653 2650 721 2704 et
744 2641 1314 2704 communionem
1337 2640 1612 2703 filiabus
1635 2640 2142 2720 impartiretur,
2177 2650 2248 2704 et
2272 2643 2461 2722 apud
2492 2641 2779 2706 easdem
2802 2659 2967 2705 con-

1047 2981 1438 3042 DocTEuRS,
1485 2969 1869 3042 MEDECINS,
1917 2982 2427 3029 APo‘rmCAmEs

779 3134 1000 3178 Antoine
1019 3133 1356 3186 (Basavola>..
1372 3162 1841 3178 .................
1904 3134 2151 3178 medecin.

774 3205 998 3250 Thomas
1017 3206 1080 3249 de
1099 3205 1340 3260 Lucques
1348 3233 1740 3251 ...............
1755 3242 1762 3249 .
1782 3238 1795 3249 .
1808 3237 1823 3251 .
1835 3234 1848 3247 .
1910 3207 2252 3260 apothicaire.

777 3275 1069 3322 Francezco
1089 3277 1260 3331 Porto,
1281 3288 1404 3332 grec
1414 3305 1854 3321 .................
1915 3279 2132 3322 docteur
2146 3284 2199 3322 et
2218 3279 2434 3323 lecteur.

1104 3440 1376 3501 DAMES,
1425 3439 1909 3486 DEMOISELLES
1951 3441 2041 3484 ET
2084 3440 2356 3486 AUTRES

774 3565 946 3611 Renee
968 3565 1030 3610 de
1054 3566 1261 3610 Thunes
1264 3593 1838 3610 ......................

771 3636 1052 3694 Hippolyte
1073 3637 1150 3680 de’
1170 3636 1314 3681 Putti
1325 3664 1834 3680 ..................
1867 3599 1887 3740 ι

773 3707 1038 3752 Gabrielle
1061 3708 1326 3752 Rousseau
1336 3735 1836 3751 ...................
1903 3707 2082 3751 dames
2103 3709 2165 3750 de
2189 3708 2238 3751 la
2261 3709 2524 3752 chambre.

773 3778 1064 3834 Margarite
1084 3778 1126 3822 T
1129 3778 1428 3824 heronneau
1445 3806 1702 3821 ..........
1716 3813 1723 3819 .
1741 3806 1756 3820 .
1771 3807 1782 3820 .
1798 3808 1811 3821 .
1829 3810 1840 3821 .
1869 3745 1887 3852 ⁸

770 3852 980 3906 Aeneae
1001 3850 1167 3896 Naine
1181 3882 1192 3903 ,
1213 3857 1296 3894 etc
1315 3876 1840 3894 ...................
1874 3860 1885 3888 ι

580 3993 968 4044 ΒοοοεΔιυιοιιι,
986 3994 1019 4036 1.
1037 4004 1082 4036 c.
1104 4003 1218 4047 cap.
1241 4004 1292 4044 x,
1313 4002 1434 4046 pag.
1453 3991 1552 4046 235,
1573 3997 1750 4035 annot.
1769 3991 1812 4034 2.
1827 3990 1962 4035 Vide
1985 3991 2143 4036 etiam
2164 3991 2393 4046 Polanci,
2415 4003 2481 4036 ex
2501 4003 2651 4044 com„
2673 3992 2883 4044 litteras
2900 3992 2971 4050 ad

501 4065 562 4110 P.
585 4063 814 4121 Laynez,
833 4065 862 4108 5
889 4065 1088 4120 Aprilis
1118 4065 1294 4110 datas.

581 4139 594 4170 ¹
655 4137 713 4180 In
735 4136 966 4190 Castello
988 4135 1332 4190 Consandoio,
1353 4135 1492 4180 haud
1513 4136 1664 4190 longe
1684 4134 1939 4180 Ferraria
1958 4136 2203 4180 distante.

469 4249 478 4254 .
577 4209 600 4241 ⁸
653 4208 830 4252 Habes
850 4209 934 4252 hic
953 4215 1154 4262 septem
1173 4215 1366 4263 puncta
1387 4207 1727 4262 (spedienti),
1747 4218 1965 4262 quorum
1986 4207 2217 4252 meminit
2237 4208 2463 4256 Bartoli.
2483 4209 2600 4254 dum
2621 4209 2726 4253 ait:
2747 4211 2771 4232 ‘⁶
2784 4209 2963 4262 Questi

489 4279 654 4334 (Dux)
675 4280 929 4336 adunque,
952 4282 1005 4324 la
1024 4279 1307 4324 Domenica
1328 4280 1461 4324 delle
1481 4279 1678 4334 Paline,
1699 4281 1751 4323 1⁸
1771 4280 1924 4333 quale
1946 4279 1979 4323 l'
1996 4289 2130 4323 anno
2153 4281 2259 4325 1554
2274 4313 2287 4334 ,
2309 4281 2359 4325 di
2380 4281 2461 4325 cui
2482 4284 2508 4324 ὲ
2540 4282 2577 4326 il
2604 4282 2737 4326 fatto
2759 4291 2965 4336 presen-

488 4359 561 4404 te,
581 4352 744 4396 cadde
763 4353 848 4395 nel
868 4351 1088 4396 diciotto
1108 4351 1157 4396 di
1181 4350 1372 4405 Marto,
1394 4351 1705 4395 chiamatosi
1729 4352 1766 4395 il
1789 4352 2071 4395 Pelletario
2086 4384 2097 4405 ,
2131 4362 2158 4394 e
2180 4354 2414 4397 tenutolo
2443 4359 2583 4397 tutto
2612 4355 2723 4398 solo
2753 4363 2848 4408 per
2876 4354 2965 4408 piu

487 4425 541 4469 d·
563 4424 650 4468 ιη’
671 4433 764 4468 ora
785 4434 820 4468 a
839 4431 1030 4468 stt-etto
1048 4423 1446 4479 ragionamemo
1465 4433 1623 4478 sopra
1643 4424 1681 4466 il
1701 4434 1847 4466 come
1867 4424 2018 4467 venir
2040 4424 2367 4468 selieemente
2386 4436 2421 4469 a
2440 4436 2571 4480 capo
2592 4426 2643 4470 di
2662 4426 2815 4480 quell’
2838 4425 2963 4470 atfa-

487 4507 570 4551 re,
587 4507 642 4540 σε
662 4497 696 4539 1‘
715 4487 844 4539 ebbe
864 4495 902 4540 ll
922 4495 975 4539 dl
997 4505 1246 4550 appresso
1268 4495 1486 4539 davanti
1507 4506 1603 4538 con
1623 4507 1690 4539 uu
1713 4493 1882 4538 diviso
1902 4495 1955 4539 di
1974 4504 2108 4540 sette
2133 4497 2516 4550 prudentissimi
2538 4497 2793 4552 spedienti
2813 4497 2864 4540 in
2896 4507 2967 4540 un

487 4567 671 4622 foglio,
691 4579 720 4612 e
739 4567 1126 4622 presentoglieli
1147 4578 1180 4611 a
1199 4567 1546 4612 considerare.
1569 4566 1610 4610 11
1630 4567 1813 4622 primo,
1835 4577 1862 4609 e
1885 4568 2110 4622 alquale
2130 4569 2183 4612 in
2203 4569 2370 4623 prima
2391 4570 2435 4613 si
2457 4569 2625 4614 dovea
2656 4569 2753 4614 dar
2772 4571 2963 4624 compi·

489 4645 686 4692 mento,
707 4649 816 4694 era,
837 4639 1146 4683 ricacciare.
1160 4667 1232 4694 ..„
1253 4638 1392 4682 Deu'
1414 4638 1612 4681 Istoria
1633 4639 1779 4681 della
1802 4639 2128 4694 campagnia
2151 4641 2210 4684 di
2232 4639 2391 4694 σεε-εὶ,
2406 4640 2465 4684 L'
2486 4641 2675 4695 ltalia,
2692 4648 2845 4696 parte
2860 4643 2973 4696 pri·
3007 4671 3018 4684 .

491 4721 600 4766 ma,
622 4711 710 4755 ub.
731 4710 774 4758 3,
792 4720 905 4764 cap.
923 4721 981 4764 11,
1003 4721 1130 4766 pag.
1157 4711 1251 4765 134,
1274 4711 1397 4755 edit.
1418 4708 1630 4754 Tauria.
1660 4709 1780 4754 1825,
