3742 5392
902 1387 916 1394 -
988 1305 1120 1401 DE
1179 1305 1512 1400 REBUS
1565 1304 1987 1400 TITUANI
2065 1303 2169 1399 IN
2226 1299 2589 1396 AFRICA

686 2079 860 2144 1218.
947 2079 1392 2145 Versabatur
1416 2079 1492 2144 P.
1524 2081 1837 2165 Joannes
1865 2077 2165 2159 Nugnez
2192 2077 2504 2155 Tituani,
2552 2091 2734 2156 quae
2765 2073 3026 2138 civitas

558 2195 668 2252 est
695 2188 768 2250 in
797 2205 1020 2269 regno
1051 2185 1334 2266 Fessae,
1370 2189 1572 2252 initio
1613 2185 1821 2269 hujus
1861 2186 2029 2251 anni
2059 2203 2223 2250 cum
2261 2183 2516 2248 Fratre
2544 2190 2793 2246 nostro
2820 2181 3023 2261 Igna-

561 2295 664 2359 tio
693 2295 1010 2374 Bogad0,
1045 2303 1114 2358 et
1143 2303 1419 2360 tantum
1450 2296 1901 2360 auctoritatis
1929 2295 1993 2358 ei
2024 2293 2534 2358 conciliaverat
2556 2291 2747 2372 apud
2774 2290 3022 2354 barba-

559 2419 682 2467 ros
709 2403 938 2467 virtus
981 2403 1306 2467 omnibus
1343 2412 1741 2486 perspecta,
1783 2417 1860 2468 ut
1903 2403 1974 2467 in
2011 2418 2276 2482 magna
2320 2399 2791 2465 admiratione
2836 2397 3025 2480 apud

560 2527 948 2574 saracenos
997 2521 1208 2573 esset:
1260 2510 1518 2574 accidit
1558 2521 1798 2574 autem
1833 2520 1913 2573 ut
1942 2509 2098 2573 Rex
2134 2509 2473 2589 Argeliae
2512 2524 2676 2571 cum
2705 2506 3025 2570 exercitu

559 2617 634 2681 in
662 2635 962 2699 regnum
991 2617 1253 2680 Fessae
1285 2617 1613 2694 veniens,
1645 2617 1946 2700 Jarifam
1978 2615 2106 2696 (sic
2138 2625 2401 2680 vocant
2432 2615 2587 2696 ejus
2623 2622 2695 2677 et
2724 2614 3026 2678 aliorum

559 2725 1031 2806 quorumdam
1072 2740 1457 2804 regnorum
1499 2723 1937 2804 Principem)
1968 2723 2378 2804 profligavit
2423 2740 2509 2786 ac
2548 2737 2777 2801 regno
2813 2737 3026 2801 expu-

563 2833 664 2912 lit,
698 2842 766 2895 et
796 2833 1248 2913 captivorum
1275 2831 1828 2895 christianorum
1857 2848 2198 2911 magnam
2226 2831 2507 2911 copiam
2535 2829 2767 2894 eidem
2794 2830 3027 2894 abstu-

563 2939 668 3018 lit,
705 2957 883 3020 quos
911 2940 1137 3020 pretio
1168 2939 1344 3002 satis
1380 2939 1506 3002 vili
1536 2938 1845 3002 vendere
1880 2938 2189 3017 volebat,
2224 2955 2390 3001 nam
2428 2937 2773 3002 ducentos
2812 2938 3031 3018 capti-

535 3045 720 3124 τος,
753 3046 935 3109 inter
967 3063 1144 3127 quos
1174 3048 1578 3127 complures
1607 3054 1810 3108 erant
1848 3044 2146 3124 nobiles,
2188 3045 2447 3125 viginti
2486 3045 2793 3109 millibus
2822 3043 3030 3108 duca·

564 3161 823 3230 torum,
859 3153 1130 3217 scilicet
1159 3151 1483 3233 singulos
1512 3161 1798 3217 centum
1827 3153 2065 3216 aureis
2091 3151 2346 3216 redimi
2374 3152 2674 3216 sinebat:
2700 3153 2879 3216 haec
2908 3153 3031 3216 ita-

564 3276 703 3340 que
728 3276 948 3324 causa
976 3259 1108 3324 fuit
1136 3270 1428 3341 propter
1456 3276 1671 3341 quam
1698 3259 1774 3324 P.
1807 3260 2123 3344 Joannes
2144 3257 2468 3339 Nugnez‚
2494 3260 2617 3356 qui
2646 3277 2775 3324 sex
2807 3273 3036 3323 annos

567 3366 644 3430 in
665 3365 916 3431 Africa
944 3366 1201 3447 fuerat,
1234 3367 1692 3449 captivorum
1721 3367 2115 3431 commodis
2134 3377 2287 3431 tum
2318 3367 2599 3431 animae
2618 3375 2769 3430 tum
2792 3383 3040 3448 corpo-

569 3475 673 3539 ris
699 3474 1121 3554 inserviens‚
1153 3476 1579 3556 multosque,
1626 3475 1750 3556 qui
1788 3473 1938 3554 jam
1976 3493 2019 3538 a
2050 3473 2443 3538 christiana
2481 3474 2827 3555 religione
2856 3475 3041 3539 defe—

570 3590 842 3660 cerant,
890 3582 1429 3662 diligentissime
1457 3598 1834 3660 revocanS,
1868 3591 1940 3646 et
1966 3582 2149 3646 alios
2178 3599 2266 3645 ne
2296 3579 2678 3646 deficerent
2708 3583 2782 3645 in
2812 3582 3043 3646 officio

573 3691 970 3770 continenS,
1003 3690 1351 3770 plurimos
1380 3689 1617 3768 etiam,
1645 3689 1989 3771 quaesitis
2010 3708 2101 3753 ex
2123 3698 2273 3754 tota
2296 3687 2641 3772 Hispania
2666 3691 3046 3771 eleemosy-

575 3798 712 3878 niS,
746 3798 1124 3876 redimenS,
1158 3797 1228 3861 in
1258 3796 1772 3878 Portugalliam
1801 3799 2049 3861 venire
2088 3797 2430 3875 decrevit,
2463 3808 2540 3861 ut
2579 3797 2671 3862 ad
2698 3798 3051 3863 ducentos

575 3905 736 3969 illos
763 3903 1215 3969 redimendos
1242 3905 1619 3986 pecuniam
1649 3916 1957 3970 curaret.

701 4011 877 4076 1219.
965 4011 1225 4092 Quinta
1251 4027 1425 4092 ergo
1449 4011 1562 4075 die
1586 4011 1981 4091 Februarii,
2008 4012 2258 4077 relicto
2282 4013 2476 4076 socio
2498 4024 2575 4077 ut
2598 4015 3049 4094 captivorum

577 4119 975 4185 commodis
1004 4127 1418 4183 consuetam
1445 4137 1739 4200 operam
1766 4130 2100 4198 navaret,
2134 4139 2225 4184 ex
2267 4137 2492 4201 regno
2530 4121 2793 4186 Fessae
2826 4121 3052 4202 profe-

579 4235 739 4290 ctus
784 4226 913 4289 sub
959 4224 1265 4290 medium
1310 4243 1626 4291 mensem
1671 4225 2045 4291 Februarii
2074 4225 2581 4309 Ulyssiponam
2608 4231 2957 4311 pervenit,
2980 4240 3052 4294 et

543 4337 550 4344 '
581 4349 825 4398 secum
856 4333 1149 4413 triginta
1177 4343 1248 4396 et
1279 4341 1586 4416 quatuor
1613 4333 1941 4414 captivos
1965 4333 2282 4415 adduxit,
2309 4353 2612 4418 quorum
2634 4335 2861 4416 major
2879 4353 3059 4419 pars

582 4456 967 4520 puerorum
995 4457 1082 4504 ac
1112 4441 1509 4521 puellarum
1539 4451 1716 4519 erat,
1749 4439 1873 4522 qui
1901 4440 2110 4506 fidem
2135 4441 2283 4523 jam
2314 4454 2780 4523 negaverant,
2814 4445 2905 4508 ad
2942 4461 3051 4508 sa·

583 4563 1014 4610 racenorum
1037 4548 1154 4611 vel
1177 4534 1597 4627 J‘udaeorum
1625 4547 1996 4628 perfidiam
2021 4548 2475 4614 declinando:
2500 4551 2687 4614 hanc
2710 4566 2885 4631 ergo
2909 4560 3050 4615 tur·

587 4670 781 4717 mam
807 4671 852 4716 a
882 4653 1250 4718 daemonis
1277 4653 1602 4718 faucibus
1631 4664 1951 4736 ereptam
1981 4655 2163 4735 Regi
2206 4655 2686 4736 Portugalliae
2724 4676 3053 4739 praesen-

589 4760 808 4838 tavit,
842 4761 962 4843 qui
990 4778 1123 4841 pro
1151 4778 1282 4825 sua
1313 4762 1576 4842 pietate
1615 4777 2052 4843 magnopere
2098 4765 2403 4828 laetatus
2452 4775 2591 4830 est:
2644 4767 2829 4831 inter
2876 4768 3061 4832 alios
