3742 5392
1737 1380 1798 1461 11
1831 1385 1856 1428 ¹·

532 1763 918 1810 MONITORIO
963 1763 1098 1808 PER
1149 1763 1380 1808 TUTTA
1432 1760 1528 1806 LA
1578 1761 1832 1807 INSULA
1876 1761 1971 1808 DE
2014 1759 2343 1808 CORSICHA
2391 1764 2483 1808 DE
2528 1763 2787 1809 ESSERE
2832 1763 3005 1808 MAN·

665 1869 852 1916 DATO
893 1869 1117 1915 SENZA
1153 1869 1362 1915 SPESE
1404 1867 1500 1914 DE
1539 1867 1790 1914 POUERI
1818 1869 2025 1915 PRETI
2063 1870 2279 1916 DALLI
2319 1871 2591 1926 VICARIJ
2621 1871 2754 1916 PER
2782 1871 3009 1916 TUTTE

671 1978 761 2024 LE
805 1976 1244 2024 PARROCCHIE
1282 1975 1520 2022 DELLA
1563 1975 1744 2022 LoRo
1787 1976 2060 2024 DIOCESI
2100 1977 2243 2024 FRA
2284 1978 2523 2024 GIORNI
2564 1979 2915 2033 QUINDECI.

672 2387 896 2452 Accio
947 2388 1080 2451 che
1117 2387 1166 2451 il
1196 2385 1304 2482 ,δέ
1333 2405 1479 2452 non
1507 2387 1828 2451 ricercca
1852 2385 2021 2450 dalli
2044 2383 2235 2450 mani
2258 2401 2406 2448 nre.
2434 2394 2824 2466 quantunq.
2853 2403 3015 2450 men

541 2495 859 2573 ¹douessi,
893 2493 1304 2574 Comissarij
1335 2495 1493 2559 dis.
1527 2495 1680 2572 εδδ,
1734 2493 1782 2558 il
1817 2509 2092 2574 sangue
2123 2491 2301 2556 delle
2347 2492 2580 2555 anime
2624 2491 2694 2556 di
2736 2495 3014 2574 peccati

555 2603 754 2665 iuxta
1660 2608 1685 2640 ²
1737 2617 1865 2680 per
1921 2616 2064 2664 non
2118 2598 2395 2663 hauerli
2448 2595 2790 2663 admoniti
2834 2599 3016 2665 fatto

543 2708 723 2788 -ogni
741 2707 1106 2787 diligentia
1130 2725 1394 2772 ancora
1418 2708 1552 2771 che
1571 2708 1993 2787 bisognasse
2016 2713 2309 2769 mettere
2325 2708 2396 2768 la
2408 2706 2699 2787 propria
2724 2707 2875 2771 vita
2891 2725 3015 2789 per

547 2816 785 2878 salute
816 2813 928 2877 del
955 2815 1330 2895 prossimO,
1365 2816 1690 2879 metterla
1718 2813 2091 2877 volentieri
2120 2829 2248 2894 per
2291 2829 2534 2876 amore
2576 2810 2688 2877 del
2727 2814 3019 2894 signore

561 2921 820 2986 Nostro
848 2921 1019 3005 Jesu
1045 2921 1279 3002 X’p0.,
1309 2924 1518 3002 quale
1555 2937 1804 3001 sparse
1831 2929 2017 2984 tutto
2057 2921 2103 2983 il
2141 2937 2270 2983 suo
2308 2920 2822 2999 pretiosissimo
2861 2940 3021 2986 san·

560 3047 702 3110 gue
745 3045 873 3111 per
910 3046 1063 3092 nr0.
1113 3045 1386 3104 amore,
1428 3045 1569 3091 non
1610 3027 1966 3091 cercando
2006 3032 2097 3090 ne
2135 3027 2435 3106 honore,
2478 3031 2567 3090 ne
2610 3027 2887 3106 denari,
2931 3035 3021 3092 ne

564 3137 764 3219 pnti.,
796 3143 886 3200 ne
914 3137 1159 3215 robba‚
1191 3142 1282 3199 ne
1308 3135 1557 3200 fauore
1598 3136 1684 3199 de
1721 3131 2046 3198 Nessuno
2074 3133 2193 3197 Ma
2233 3132 2605 3198 refutando
2645 3136 2815 3214 ogni
2850 3153 3019 3216 gua·

537 3244 833 3324 'dagnio
865 3253 932 3306 et
969 3244 1268 3325 rispetto
1306 3243 1393 3306 de
1429 3241 1734 3319 homini,
1778 3241 1841 3305 si
1876 3256 2294 3322 puneranno
2322 3253 2783 3320 grauemente
2812 3245 3024 3324 quelli

558 3351 700 3414 che
730 3359 1151 3415 tenter-anno
1179 3350 1426 3412 venire
1455 3347 1522 3412 d’
1555 3349 1673 3413 noi
1710 3366 1850 3412 con
1878 3349 2052 3427 pnti.
2095 3347 2294 3411 accio
2323 3348 2573 3412 sianno
2610 3351 2767 3413 loro
2805 3367 3023 3416 esem-

569 3458 688 3538 pio
718 3467 787 3520 et
815 3456 1120 3521 Terrore
1149 3457 1282 3520 del’
1308 3456 1517 3521 Altri.
1551 3453 1731 3519 Pero
1760 3473 1837 3520 se
1867 3455 2279 3519 admonisce
2308 3463 2495 3518 sotto
2526 3472 2709 3536 pena
2752 3455 2840 3522 de
2877 3477 3029 3525 sco-

571 3563 1046 3628 municatione
1078 3571 1148 3626 et
1178 3563 1264 3627 de
1290 3562 1393 3626 50.
1445 3561 1566 3627 A.‘¹¹
1598 3563 1684 3626 de
1712 3578 1952 3626 essere
1978 3560 2319 3642 applicati
2356 3579 2399 3625 a
2428 3563 2673 3642 poueri
2707 3572 2777 3627 et
2819 3582 3033 3647 opere

571 3671 707 3752 pie,
743 3679 813 3733 et
844 3672 1021 3734 altre
1050 3688 1229 3751 pene
1251 3670 1647 3749 arbitrarie,
1681 3669 1813 3733 che
1843 3666 2165 3732 Nessuno
2196 3669 2267 3732 di
2297 3669 2773 3750 qualsiuoglia
2794 3672 3033 3751 degni-

571 3782 668 3857 τὸ,
701 3778 808 3841 sia
839 3796 881 3841 o
911 3785 1132 3858 prete,
1165 3795 1230 3855 ο,
1263 3775 1500 3855 Frate,
1533 3775 1978 3858 Episcopale,
2012 3794 2054 3839 o
2085 3777 2263 3838 altre
2292 3791 2595 3856 persone
2618 3777 2858 3857 Laice,
2889 3797 3034 3844 non

571 3885 954 3948 ardiscano
989 3883 1058 3948 di
1086 3881 1438 3964 predicar,
1471 3889 1562 3946 ne
1589 3883 1953 3964 insegnar,
1985 3889 2075 3946 ne
2104 3870 2533 3963 interpretat
2570 3883 2641 3947 la
2670 3886 3032 3963 scrittura,

577 4009 708 4056 nec
751 3991 1064 4073 publice,
1108 4007 1240 4054 nec
1278 3991 1588 4070 priuate,
1633 3989 1764 4054 che
1805 3989 2037 4070 prima
2072 4005 2215 4053 non
2254 3989 2457 4052 siano
2498 3992 2873 4072 approbati
2912 4011 3039 4073 per

576 4116 726 4161 nre.
761 4100 887 4161 lre.
921 4096 1214 4177 patenti,
1241 4097 1440 4160 accio
1463 4113 1606 4159 non
1628 4097 1831 4159 siano
1854 4095 2235 4174 Ingannati
2258 4096 2306 4159 li
2327 4095 2576 4176 poueri
2597 4094 2845 4179 Populi
2869 4099 3041 4163 dani

577 4205 738 4269 salsi
767 4204 1200 4286 predicatori
1228 4219 1428 4267 come
1459 4203 1578 4282 ogi
1607 4220 1695 4265 ne
1723 4209 1763 4266 e
1791 4203 2001 4283 pieno
2040 4203 2093 4267 Il
2133 4203 2423 4282 mondo,
2468 4203 2604 4267 che
2641 4204 2775 4268 che
2812 4208 3041 4286 predi-

568 4329 756 4377 cano
787 4311 904 4374 ehi
939 4328 1065 4392 per
1105 4326 1295 4374 vana
1333 4309 1598 4389 gloria,
1643 4309 1757 4372 chi
1795 4325 1923 4389 per
1962 4308 2504 4390 aguadagnare,
2552 4312 2933 4391 aggabano
2978 4316 3043 4377 le

576 4401 842 4499 ponere
881 4419 1139 4482 anime.

662 4621 678 4654 ¹
735 4623 898 4668 Arch.
916 4622 1063 4666 Rom.
1085 4621 1138 4666 S.
1158 4623 1186 4676 J
1193 4621 1638 4677 .-Apographum
1659 4621 1855 4665 saeculi
1878 4631 1969 4665 xvx
1987 4653 1999 4674 ,
2020 4621 2071 4664 in
2092 4619 2285 4674 duplici
2322 4622 2445 4667 folio
2466 4633 2550 4668 nn.
2582 4623 2663 4668 257
2682 4631 2735 4670 et
2754 4625 2837 4670 258
2851 4659 2863 4682 ,
2886 4627 3051 4672 inser-

579 4701 690 4739 tum
711 4695 977 4748 volumini,
997 4695 1082 4739 cui
1102 4695 1152 4739 in
1174 4695 1328 4739 dorso
1349 4695 1432 4738 hic
1455 4693 1652 4738 titulus:
1677 4691 1959 4748 Epistulae
1983 4692 2207 4748 Mixtae,
2231 4693 2388 4739 1553.

661 4767 684 4800 Ω
737 4765 916 4812 Simile
937 4767 1164 4822 spatium
1185 4777 1410 4812 vacnum
1429 4771 1510 4810 est
1528 4766 1580 4810 ln
1603 4765 1926 4820 apographo.

825 4856 900 4914 T.
937 4873 1014 4912 ιν.
2699 4875 2769 4931 45
