3742 5392
771 510 848 572 82
1691 509 1946 569 (ΞΗκοΝ.
1990 508 2142 569 Soc.
2182 511 2323 583 Jsss.

899 655 1033 719 143.
1121 656 1285 720 Alia
1316 656 1594 719 interim
1626 666 1968 719 consueta
1992 656 2382 721 ministeria
2402 655 2927 720 confessionum
2952 667 3020 719 et
3049 673 3234 720 com-

771 764 1186 828 munionum
1214 764 1285 826 in
1318 764 1578 843 templo
1608 775 1856 826 nostro
1898 780 2027 842 pro
2071 780 2264 826 more
2312 763 2830 827 exercebantur
2879 781 3043 826 cum
3092 781 3237 826 ma-

767 869 918 952 'gna
946 869 1310 934 hominum
1340 868 1770 950 frequentia,
1804 870 2132 949 quamvis
2159 868 2511 933 foeminae
2535 869 2733 934 viros
2754 887 3053 934 numero
3082 869 3255 932 vin-·

774 986 1036 1042 cerent.
1099 975 1349 1058 Coepit
1405 987 1646 1040 autem
1700 976 1776 1040 P.
1841 976 2255 1041 Pelletarius
2311 977 2575 1042 Rector
2640 976 2726 1060 de
2783 977 3232 1040 sanctissimo

770 1094 1222 1148 sacramento
1252 1084 1744 1148 Eucharistiae
1775 1084 1863 1146 ab
1896 1085 2048 1164 ipso
2083 1083 2261 1146 festo
2314 1083 2650 1164 Corporis
2703 1083 2965 1147 Christi
3012 1101 3235 1164 usque

772 1192 864 1255 ad
893 1192 1320 1271 vigesimam
1349 1191 1667 1271 quintam
1694 1191 1859 1274 Julii
1884 1190 2233 1255 disserere
2254 1241 2268 1270 ,
2295 1200 2366 1254 et
2388 1201 2535 1254 tam
2563 1193 2781 1254 muita
2806 1201 3090 1271 tamque
3114 1207 3233 1270 ap-

769 1298 1002 1378 posita
1033 1316 1116 1361 ea
1147 1298 1234 1361 de
1265 1317 1342 1362 re
1373 1298 1608 1362 dicere
1637 1298 1988 1362 Dominus
2016 1297 2208 1362 dedit
2230 1348 2244 1374 ,
2277 1308 2353 1361 ut
2374 1297 2565 1362 fama
2588 1316 2716 1378 per
2738 1306 2963 1362 totam
2987 1298 3231 1362 urbem

763 1403 1196 1469 suavissima
1248 1422 1502 1486 sparsa
1553 1405 1675 1484 sit3
1729 1414 1798 1468 et
1838 1405 2126 1485 quidam
2150 1453 2165 1484 ,
2206 1405 2327 1485 qui
2365 1405 2451 1468 de
2481 1403 2834 1469 sacrificio
2866 1404 3127 1470 Missae
3154 1405 3232 1467 li·

772 1512 976 1575 brum
1027 1513 1448 1592 scripserat,
1505 1512 1596 1576 ad
1648 1510 2259 1576 confirmationem
2304 1529 2551 1574 eorum
2572 1560 2587 1590 ,
2636 1529 2817 1592 quae
2868 1528 2996 1574 suo
3048 1511 3228 1575 libro

768 1619 1184 1699 complexus
1213 1629 1402 1697 erat,
1435 1620 1790 1682 consuluit
1811 1617 1887 1682 P.
1916 1617 2402 1697 Pelletarium,
2428 1627 2498 1681 et
2519 1619 2609 1681 ab
2632 1618 2881 1683 eodem
2904 1635 3046 1682 non
3070 1634 3230 1698 poe-

763 1727 1134 1791 nitendum
1164 1727 1508 1790 auxilium
1537 1726 1834 1807 accepit.

895 1834 1030 1900 144.
1117 1833 1370 1897 Mulier
1399 1835 1782 1915 quaedam,
1815 1851 1858 1896 a
1890 1851 2028 1914 qua
2059 1833 2177 1897 diu
2209 1833 2509 1898 maritus
2536 1835 2760 1915 ipsius
2783 1833 3129 1910 abfuerat,
3159 1843 3227 1898 et

765 1941 856 2006 de
886 1960 1025 2022 quo
1056 1941 1502 2005 nesciebatur
1532 1941 1651 2004 ubi
1680 1949 1905 2019 esset,
1941 1941 2060 2004 alii
2102 1940 2364 2004 nubere
2407 1941 2724 2021 volebat;
2772 1941 2897 2006 sed
2938 1941 3226 2021 quidam

761 2067 857 2112 ex
886 2049 1150 2112 nostris
1175 2048 1504 2112 Patribus
1537 2065 1696 2111 eam
1727 2047 1815 2110 ab
1847 2047 1982 2110 hac
2012 2048 2392 2127 sententia,
2424 2047 2542 2111 cui
2578 2047 3093 2134 consanguinei
3129 2048 3228 2111 fa-

765 2155 1060 2234 vebant,
1097 2156 1389 2233 avertit3
1423 2163 1492 2218 et
1523 2172 1684 2219 cum
1713 2156 1911 2235 prius
1937 2172 2028 2218 ne
2059 2155 2149 2218 ad
2180 2153 2441 2218 Missae
2479 2155 2763 2235 quidem
2800 2154 3227 2220 sacrificium

765 2264 886 2326 iila
917 2271 1204 2343 propter
1234 2262 1711 2325 conscientiae
1743 2263 2106 2325 stimulum
2153 2261 2257 2324 ire
2298 2271 2573 2342 posset,
2630 2280 2713 2326 eo
2764 2261 3071 2325 adducta
3121 2271 3227 2324 est

763 2378 844 2433 ut
872 2378 1130 2434 octavo
1159 2387 1438 2451 quoque
1467 2368 1578 2432 die
1608 2370 1700 2433 ad
1740 2368 2256 2433 confessionem
2282 2377 2362 2432 -et
2411 2370 2979 2433 communionem
3030 2386 3229 2432 acce-

760 2477 996 2556 deret,
1031 2486 1098 2541 et
1126 2475 1275 2539 fere
1308 2474 1617 2557 quotidie
1647 2493 1857 2540 sacro
1890 2475 2284 2539 interesset.

890 2583 1026 2647 145.
1115 2582 1482 2663 Quaedam
1511 2583 1874 2662 mulieres,
1910 2600 1953 2645 a
1982 2582 2166 2662 turpi
2192 2581 2344 2645 vita
2383 2592 2798 2663 revocatae,
2830 2583 2905 2646 in
2943 2582 3227 2664 pietatis

757 2691 1095 2772 operibus
1144 2699 1213 2754 et
1256 2700 1869 2754 sacramentorum
1910 2688 2341 2798 frequentia,
2391 2690 2655 2769 optimo
2696 2691 3021 2770 exemplo
3070 2691 3228 2754 aliis

761 2799 1176 2878 praelucere
1207 2805 1616 2877 coeperunt.

888 2904 1024 2967 146.
1111 2903 1478 2984 Quaedam
1533 2890 1817 2984 muli'er,
1870 2903 2084 2984 gravi
2124 2911 2543 2985 paupertate
2588 2905 2966 2984 oppressa,
3028 2923 3105 2968 se
3156 2916 3225 2968 et

755 3181 1014 3225 rationem
1035 3181 1294 3224 exaravit.
1315 3178 1468 3232 (Vide
1489 3190 1664 3233 supra,
1686 3189 1807 3234 pag·-
1836 3178 1915 3232 79,
1938 3189 1987 3222 n.
2018 3178 2111 3233 138,
2146 3183 2321 3223 annot.
2348 3177 2414 3230 Β.)
2434 3178 2645 3223 Adeone
2665 3179 2933 3234 impudens
2959 3185 3013 3223 et
3038 3181 3229 3224 stultus

758 3253 1015 3307 putandus
1031 3259 1109 3296 est
1131 3251 1457 3304 Pelletarius,
1484 3251 1752 3306 impudens
1774 3251 1860 3306 qui
1892 3257 2000 3294 tam
2020 3257 2203 3304 aperte
2218 3250 2269 3294 in
2290 3261 2346 3294 re
2370 3258 2479 3294 tam
2497 3251 2651 3306 gravi
2686 3252 3011 3305 mentiretur,
3032 3254 3225 3296 stultus

750 3325 844 3380 qui
873 3336 972 3369 non
993 3325 1197 3367 timeret
1218 3334 1282 3366 ne
1305 3324 1365 3366 de
1399 3323 1665 3367 mendacio
1686 3323 2083 3366 convinceretur
2112 3333 2289 3366 eorum
2322 3322 2633 3376 testimonio,
2664 3323 2766 3377 qui,
2806 3330 3020 3377 praeter
3040 3325 3228 3378 ipsum,

749 3398 820 3440 -de
847 3407 922 3449 re,
957 3407 1089 3450 quae
1109 3395 1331 3439 omnium
1363 3396 1561 3438 animos
1596 3394 1859 3449 implebat,
1892 3393 2109 3437 Romam
2140 3393 2319 3437 eodem
2340 3398 2571 3448 tempore
2600 3394 2919 3439 scribebant?
2952 3395 3061 3440 Nec
3093 3397 3222 3440 stui-

753 3468 908 3512 -titiae
945 3475 1121 3510 notam
1149 3466 1374 3520 effugere
1408 3473 1582 3520 posset
1602 3465 1856 3520 Ignatiua,
1880 3477 2030 3519 quern
2060 3473 2233 3510 tamen
2257 3465 2475 3508 stultum
2510 3465 2646 3510 haud
2681 3465 2834 3510 facile
2868 3466 3007 3510 dicet
3040 3472 3222 3511 auctor

751 3540 989 3594 opusculi
1010 3539 1260 3592 Ignattus
1279 3547 1382 3581 von
1402 3537 1597 3592 Loyola
1630 3547 1702 3580 an
1732 3537 1831 3580 der
1851 3533 2173 3579 Romischen
2196 3536 2368 3580 Curio.
2390 3535 2624 3590 Ignatius
2634 3538 2769 3580 enim
2787 3542 2895 3581 tam
2910 3543 3087 3582 certus
3102 3545 3219 3582 erat

755 3622 889 3654 vera
901 3621 1028 3663 esse,
1045 3619 1178 3664 quae
1191 3620 1226 3652 a
1242 3608 1523 3652 Pelletario
1539 3609 2007 3658 enarrabantur,ut
2024 3607 2134 3662 ejns
2148 3608 2357 3652 litteras
2376 3617 2477 3651 non
2496 3607 2661 3652 solum
2690 3608 2741 3652 in
2762 3607 3035 3653 universas
3057 3608 3229 3653 Socie-

754 3682 884 3726 tatls
916 3682 1094 3725 domos
1118 3680 1350 3724 mitteret
1371 3679 1527 3734 (Vide
1561 3678 1752 3722 Carras
1784 3679 1849 3722 de
1884 3677 1993 3722 San
2022 3678 2257 3732 Ignatio,
2278 3683 2315 3722 t.
2354 3689 2428 3732 nr,
2459 3689 2579 3733 pag.
2599 3679 2714 3732 523),
2732 3680 2823 3722 sed
2845 3679 3005 3724 etiam
3024 3681 3227 3725 ostendi

752 3761 968 3798 curaret
990 3760 1101 3797 tum
1116 3751 1303 3795 Alexio
1325 3750 1582 3804 Fontana,
1605 3757 1715 3794 tum
1737 3749 2003 3795 cardinali
2026 3749 2150 3794 Polo
2164 3755 2219 3793 et
2234 3750 2297 3793 de
2323 3749 2539 3804 But-gos,
2563 3751 2648 3805 qui
2668 3761 2844 3794 omnes
2870 3751 2921 3794 in
2943 3751 3228 3806 Imperato-

755 3828 834 3871 ris
860 3825 1007 3870 curia
1025 3823 1284 3868 Bruxeiiis
1312 3824 1556 3877 agebant,
1578 3823 1662 3866 ubi
1696 3823 1856 3867 etiam
1898 3823 2082 3866 aderat
2102 3821 2455 3867 Ferrariensls
2476 3821 2635 3865 Ducis
2654 3823 2875 3877 legatus..

838 3895 945 3941 Nec
961 3897 1129 3941 solum
1149 3894 1345 3939 Druffel
1364 3897 1438 3947 (et
1458 3893 1543 3949 qui
1565 3905 1682 3937 eum
1718 3894 2004 3946 imitantnr3
2038 3893 2331 3937 imitatores
2363 3894 2500 3936 enim
2532 3893 2693 3937 habet
2725 3900 2835 3938 tum
2864 3895 2914 3938 in
2936 3893 3221 3938 Germania

757 3975 868 4014 tum
885 3975 1040 4013 extra
1059 3968 1222 4020 illam)
1243 3967 1631 4022 hagiographos
1663 3965 1885 4021 Jesuitas
1905 3972 2152 4019 tanquam
2172 3965 2363 4009 nuliius
2400 3965 2640 4020 ponderis
2672 3966 3106 4021 auctoritatisque
3136 3979 3218 4010 ex-

749 4042 936 4097 plodit3
957 4041 1049 4084 aed
1069 4051 1186 4084 cum
1205 4045 1534 4084 monumenta
1554 4038 1768 4090 edimus,
1799 4049 1826 4080 e
1848 4037 2033 4092 quibus
2061 4036 2408 4091 hagiographi
2442 4037 2517 4080 ilii
2538 4047 2661 4081 suas
2681 4038 3011 4082 narrationes
3044 4039 3227 4083 hause-

750 4123 892 4168 runt,
913 4120 1148 4157 nostram
1183 4112 1238 4156 in
1269 4111 1463 4155 edendo
1493 4110 1644 4154 fidem
1676 4109 2077 4163 religionemque
2108 4109 2159 4152 in
2192 4108 2401 4153 dubium
2421 4108 2603 4154 vertit.
2622 4108 2775 4164 (Vide
2797 4121 2923 4164 opus
2942 4121 3104 4164 supra
3136 4112 3225 4155 cit.

755 4187 1008 4242 Ignatius
1025 4195 1127 4228 von
1159 4181 1373 4236 Loyola,
1395 4187 1512 4233 etc..
1538 4179 1747 4236 passim,
1768 4185 1822 4225 et
1843 4178 2113 4223 HerkuIes
2144 4189 2247 4222 von
2280 4179 2539 4232 Ferrum,
2567 4188 2683 4236 etc.,
2715 4191 2836 4236 paz.
2866 4181 2938 4234 37,
2968 4189 3144 4227 annot.
3166 4183 3229 4239 2.)

755 4259 860 4303 Nos
889 4259 942 4302 in
969 4256 1034 4301 iis
1071 4256 1280 4300 edendis
1311 4254 1438 4298 nihii
1471 4253 1696 4297 scienter
1715 4251 2106 4306 suppressimus,
2125 4251 2254 4296 nihii
2286 4251 2689 4306 immutavimuS,
2719 4261 2973 4308 quatenus
3004 4264 3101 4309 per
3129 4254 3221 4298 hu-

753 4341 963 4377 manant
982 4334 1216 4373 nostram
1237 4326 1546 4370 tenuitatem
1575 4323 1724 4369 licuit
1747 4333 1938 4379 perque
1958 4323 2307 4375 librariorum.
2328 4335 2455 4378 quos
2485 4325 2625 4368 nacti
2654 4335 2845 4378 sumus,
2870 4325 3229 4381 typographo·

757 4413 970 4457 rumque
991 4411 1171 4445 curam
1191 4404 1244 4442 et
1277 4397 1560 4442 solertiam,
1593 4396 1694 4440 Sed
1725 4396 1847 4450 quid
1867 4393 2077 4439 tandem
2095 4395 2197 4438 erit
2217 4406 2317 4449 quo
2350 4395 2466 4440 istis
2498 4395 2803 4440 sublimibus
2830 4396 3039 4439 criticis
3072 4396 3230 4440 satis·

751 4475 871 4520 fiat?
900 4473 1092 4518 Nostra
1118 4469 1334 4514 sinceris
1361 4468 1476 4513 veri
1494 4468 1816 4513 amatoribus
1835 4468 2074 4521 nulloque
2095 4472 2320 4510 mentem
2342 4466 2658 4521 praejudicio
2678 4468 2946 4522 occupatis
2964 4477 3219 4512 commen-

749 4547 1010 4592 dabimus.

836 4621 908 4663 At
929 4615 1202 4662 methodus
1221 4626 1321 4658 non
1342 4614 1532 4668 placet.
1552 4612 1700 4656 Esto.
1724 4610 1953 4655 Cunctas
1972 4610 2218 4654 adhibere
2238 4609 2408 4665 simul,
2440 4609 2624 4664 quibus
2654 4615 2871 4654 utuntur
2898 4611 3095 4667 passim
3116 4612 3223 4656 edi·

745 4699 909 4745 tores,
931 4687 1217 4741 methodos,
1237 4697 1336 4741 quo
1356 4684 1888 4738 cunctispiaeeamns,
1912 4693 2011 4726 non
2030 4683 2279 4726 valemus.
2301 4681 2372 4726 Et
2392 4682 2513 4737 quid
2533 4681 2741 4726 tandem
2762 4681 3037 4727 methodus
3056 4684 3218 4728 officit

753 4761 1000 4809 veritati?
