3742 5392
841 496 952 558 7OE
1765 495 2021 559 Canon.
2062 498 2217 560 Soc.
2257 499 2396 572 με.

847 643 1227 708 maledetto
1257 644 1348 708 da
1384 648 1524 708 .s.t⁰
1553 642 1790 709 Pietro
1829 661 2031 709 come
2072 647 2145 708 al
2193 656 2383 728 pute.
2438 663 2664 712 sonno
2710 649 3071 713 maledetti
3119 649 3303 712 Tutti

847 751 1062 832 quelli
1091 768 1357 815 ancora
1389 751 1521 814 che
1563 768 1953 832 comprano
1984 770 2027 815 o
2058 753 2388 818 vendano
2418 755 2471 818 li
2506 754 2849 835 Benefitij,
2895 772 3086 834 cure,
3120 755 3305 820 chie-

843 875 945 939 se,
984 867 1054 922 et
1082 875 1248 923 cose
1276 858 1738 923 Eclesiastice
1768 875 1904 923 con
1944 859 2269 940 simonia,
2313 878 2456 925 non
2496 861 2762 942 sagano
2800 862 2849 925 il
2890 861 3169 942 flagello
3199 863 3307 926 del

849 975 992 1030 ,8.ΐο
1025 967 1099 1029 in
1128 976 1378 1047 questo
1410 966 1694 1046 mondo,
1727 967 2092 1032 maledetti
2119 970 2257 1031 nel’
2290 967 2523 1032 Altro.

966 1071 1068 1138 20.
1155 1071 1329 1137 Item
1353 1081 1542 1138 sotto
1572 1074 1750 1138 ditta
1780 1092 1965 1156 pena
1996 1075 2129 1140 che
2156 1092 2299 1140 non
2330 1075 2392 1139 si
2420 1076 2654 1141 leuino
2679 1077 2729 1140 li
2756 1077 2957 1158 corpi
2984 1078 3199 1141 morti
3218 1077 3307 1140 da

847 1181 1064 1262 quelli
1093 1181 1224 1246 che
1259 1181 1482 1246 fanno
1511 1183 1741 1263 quelle
1781 1183 2181 1263 operationi
2232 1199 2434 1246 come
2470 1182 2757 1263 infideli,
2796 1183 3310 1248 stracciandosi

850 1289 916 1352 le
944 1289 1249 1368 guancie
1279 1298 1348 1352 et
1389 1288 1646 1369 capelli
1686 1298 1758 1353 et
1803 1305 2049 1369 carne,
2090 1307 2209 1355 ma
2244 1290 2308 1354 si
2344 1291 2633 1354 lassano
2675 1289 2727 1353 li
2770 1291 2969 1371 corpi
2998 1291 3212 1354 morti
3238 1290 3310 1353 in

853 1411 1026 1460 casa
1053 1395 1232 1476 10r0,
1264 1396 1466 1459 accio
1495 1397 1814 1461 riceuino
1853 1397 1925 1460 la
1959 1414 2145 1477 puza
2186 1398 2262 1460 in
2302 1406 2505 1478 parte
2546 1395 2732 1461 della
2768 1406 2973 1478 parte
3010 1397 3143 1460 che
3172 1415 3309 1462 me-

847 1520 1037 1566 neno
1067 1502 1256 1566 dalla
1287 1519 1417 1566 sua
1445 1502 1813 1580 insedelta;
1847 1512 2100 1584 questo
2148 1506 2248 1568 tal
2284 1504 2531 1585 pianto
2570 1503 2930 1586 disperato
2967 1503 3059 1567 da
3090 1519 3314 1584 segno

848 1610 982 1676 che
1010 1628 1155 1676 non
1180 1612 1472 1677 credino
1501 1615 1572 1676 la
1600 1612 2122 1677 resurrectione
2150 1621 2421 1676 nostra.

974 1718 1080 1784 21.
1163 1719 1341 1785 Item
1370 1727 1558 1785 sotto
1587 1721 1689 1784 tal
1713 1737 1901 1802 pena
1929 1719 2061 1783 che
2102 1735 2182 1784 se
2212 1727 2435 1784 metta
2473 1719 2523 1782 il
2550 1727 2824 1784 santflw
2863 1726 3316 1783 sacramento

853 1827 928 1892 in
955 1844 1101 1891 vno
1147 1827 1497 1893 honorato
1534 1827 2029 1892 Tabernaculo
2071 1828 2144 1891 in
2198 1825 2681 1902 ciascheduna
2720 1823 3221 1890 Parrocchiale
3248 1824 3320 1888 in

857 1949 1058 1999 mezo
1087 1936 1202 2000 all’
1237 1933 1486 1999 Altare
1513 1933 1887 2016 maggiore
1916 1935 1990 1998 in
2020 1935 2318 1998 termine
2347 1934 2436 1997 de
2462 1933 2583 1998 doi
2610 1933 2807 1998 mesi.

974 2041 1078 2106 22.
1166 2041 1340 2106 Item
1391 2051 1578 2106 sotto
1627 2044 1699 2106 la
1737 2041 2125 2106 medesima
2164 2058 2350 2122 pena
2398 2038 2595 2104 Tutti
2633 2039 2684 2103 li
2722 2038 3216 2104 biastematori
3257 2047 3324 2101 et

855 2150 1310 2214 incantatori.

979 2256 1080 2322 23.
1171 2257 1352 2326 Item,
1393 2265 1580 2321 sotto
1628 2257 1698 2320 la
1747 2257 2028 2338 prefata
2067 2273 2252 2337 pena
2293 2257 2363 2319 lo
2405 2264 2594 2334 pnte.
2628 2252 3009 2320 Monitorio
3039 2269 3187 2317 non
3220 2253 3326 2316 sia

857 2379 1094 2429 messo
1133 2363 1224 2428 da
1267 2363 1570 2430 Alcuno.
1616 2365 1696 2430 In
1733 2364 1805 2428 la
1841 2363 2097 2429 bastia.
2130 2363 2204 2428 in
2234 2361 2421 2429 Casa
2464 2361 2651 2427 della
2688 2379 2842 2427 nra.
2890 2361 3099 2425 solita
3152 2361 3323 2424 resi·

855 2469 1122 2552 dentia,
1155 2472 1277 2536 alli
1313 2469 1432 2536 28.
1465 2472 1554 2536 de
1581 2473 1875 2538 mere.
1913 2470 2089 2536 1553.
