3742 5392
1518 498 1525 503 “
1627 487 1755 546 ΑΝ.
1800 486 1942 545 1554
2911 486 3020 543 045

674 631 850 698 1380.
934 634 1094 698 Hoc
1116 651 1302 698 anno
1325 633 1727 698 distinctius
1747 634 2270 712 intellexerunt,
2295 650 2478 713 quae
2500 634 2695 697 circa
2715 642 3014 695 mortem

546 740 627 804 P.
658 739 1029 805 Francisci
1058 739 1332 805 Xavier
1361 740 1796 820 acciderant,
1829 757 2038 821 quem
2062 739 2353 821 quidam
2375 739 2601 804 DnuS.
2627 738 2944 803 Alvarus
2968 738 3012 817 ¹,

549 846 1005 912 Gubernator
1043 849 1233 912 arcis
1276 848 1597 913 Malacae
1640 858 1854 929 atque
1896 846 2048 928 eJ'us
2092 848 2315 926 urbis,
2357 846 2448 910 ad
2476 845 2686 911 Sinas
2734 857 3018 909 euntem

548 973 713 1019 cum
742 954 1022 1020 Didaco
1051 954 1340 1019 Pereira
1369 953 1416 1034 ⁹,
1449 972 1659 1036 quem
1687 954 1932 1019 Indiae
1952 954 2252 1019 Pro-rex
2275 952 2298 984 ³
2321 954 2673 1033 Legatum
2694 952 3019 1016 mittebat

551 1060 642 1125 ad
672 1061 944 1142 Regem
979 1060 1349 1140 Sinarum,
1382 1062 1709 1142 graviter
1751 1073 2170 1141 persecutus
2210 1061 2472 1140 fuerat,
2519 1058 2811 1142 ejusque
2859 1077 3013 1123 san·

547 1177 703 1232 ctos
734 1178 1034 1233 conatus
1064 1170 1515 1250 impedierat,
1549 1181 1619 1233 et
1651 1170 1934 1233 demum
1972 1169 2324 1249 Legatum
2365 1167 2847 1249 praedictum,
2896 1168 3017 1247 qui

550 1284 620 1339 et
646 1276 857 1339 navis
885 1275 1215 1340 dominus
1244 1287 1419 1357 erat,
1455 1278 1526 1340 in
1558 1294 1923 1340 carcerem
1954 1274 2383 1356 conjecerat,
2407 1286 2476 1341 et
2499 1276 2600 1339 ita
2623 1274 2699 1338 P.
2726 1274 2786 1337 F
2791 1275 3016 1338 ranci-

548 1398 737 1461 scuS,
769 1382 1080 1447 humana
1114 1385 1308 1446 omni
1338 1400 1462 1464 spe
1492 1382 1897 1460 destitutuS,
1925 1384 2164 1446 socios
2186 1383 2461 1447 itineris
2483 1382 2832 1465 Japonem
2861 1400 3014 1445 ver·

546 1506 667 1553 sus
688 1488 824 1553 iter
845 1489 1215 1553 instituere
1232 1490 1463 1571 jussit3
1493 1491 1643 1571 ipse
1664 1508 1839 1554 vero
1864 1491 1938 1554 in
1957 1490 2207 1554 eadem
2229 1490 2400 1554 navi
2424 1489 2680 1553 Didaci
2701 1488 3010 1567 Pereira,

549 1596 693 1677 qui,
726 1606 804 1659 ut
832 1596 1141 1661 diximus
1170 1594 1217 1675 ⁸,
1251 1598 1325 1661 in
1347 1614 1639 1661 carcere
1668 1598 1992 1662 Malacae
2014 1598 2475 1674 retinebatur,
2508 1596 2599 1661 ad
2628 1595 2834 1662 Sinas
2857 1614 3013 1677 pro·

549 1720 879 1785 gressuS,
913 1705 1068 1769 sine
1110 1702 1347 1786 aliquo
1388 1705 1475 1771 de
1514 1703 1907 1785 Societate,
1949 1721 2289 1785 magnam
2328 1706 2594 1786 piperis
2636 1721 3008 1783 summam,

549 1827 734 1891 quae
764 1812 1103 1877 trecentis
1133 1813 1369 1876 aureis
1400 1810 1423 1843 ⁸
1454 1813 1991 1892 aestimabatur,
2021 1813 2308 1876 cuidam
2329 1812 2540 1877 Sinae
2564 1812 2916 1875 obtulerat
2938 1821 3013 1874 ut

550 1934 627 1981 se
656 1918 727 1981 in
758 1918 1147 1999 civitatem,
1180 1936 1395 1999 quam
1417 1920 1743 1984 Cantaon
1763 1928 2054 1999 vocant,
2081 1920 2483 1997 deduceret,
2507 1927 2576 1981 et
2604 1918 2678 1981 in
2709 1917 3015 1998 quadam

551 2027 786 2105 platea
815 2024 966 2106 ejus
995 2027 1191 2090 urbis
1220 2028 1450 2107 ipsum
1480 2028 1944 2107 relinqueret;
1978 2036 2048 2090 et
2085 2026 2226 2090 hoc
2255 2026 2560 2107 pretium
2605 2024 3013 2089 solvebatur

542 2141 845 2213 propter
873 2133 1297 2212 periculum,
1332 2133 1520 2213 quod
1550 2134 1663 2196 ille
1694 2134 1974 2197 subibat
2005 2132 2211 2213 juxta
2247 2134 2444 2211 leges
2472 2132 2818 2209 Sinarum,
2864 2133 3011 2211 qui·

548 2238 682 2302 bus
711 2240 1015 2320 capitale
1045 2250 1152 2303 est
1182 2241 1654 2319 alienigenam
1686 2241 2046 2303 hominem
2089 2241 2162 2303 in
2190 2255 2492 2318 regnum
2532 2238 2704 2302 illud
2732 2238 3011 2301 induce-

546 2362 651 2424 re;
684 2355 753 2409 et
782 2347 1113 2427 quamvis
1142 2348 1549 2410 humanitus
1588 2348 1739 2428 ipse
1768 2348 1843 2412 P.
1888 2348 2319 2412 Franciscus
2357 2347 2664 2410 evadere
2707 2364 2852 2409 non
2893 2362 3008 2425 po-

547 2453 800 2516 tuisset
827 2453 944 2516 vel
973 2465 1274 2518 mortem
1302 2456 1420 2519 vel
1447 2455 1861 2519 servitutem
1893 2465 2014 2520 aut
2044 2472 2410 2541 carcerem
2431 2462 2885 2534 perpetuum,
2920 2451 3011 2514 ad

550 2559 731 2622 haec
760 2560 998 2623 omnia
1026 2562 1517 2641 posthabenda
1558 2580 1719 2626 eum
1757 2562 2162 2643 impellebat
2202 2562 2426 2625 sames
2465 2578 2550 2624 ac
2589 2561 2746 2623 sitis
2788 2560 3010 2624 divini

548 2664 842 2730 honoris
873 2676 942 2729 et
972 2669 1223 2731 salutis
1262 2647 1693 2747 animarum3
1728 2680 1800 2732 et
1828 2668 1995 2732 dum
2036 2670 2186 2749 ipse
2216 2676 2628 2749 expectaret
2664 2676 3007 2731 mercato·

552 2790 703 2835 rem
748 2772 975 2852 illum,
1023 2791 1185 2837 cum
1225 2793 1365 2856 quo
1410 2786 1878 2855 convenerat,
1933 2776 2201 2857 placuit
2248 2774 2534 2839 divinae
2583 2774 2897 2838 Bonitati
2937 2774 3010 2837 in

545 2879 853 2960 quadam
868 2880 1099 2945 insula
1117 2880 1472 2961 Sinarum,
1493 2901 1675 2965 quae
1694 2894 1976 2963 portum
2000 2883 2213 2947 habet
2245 2881 2672 2957 (Sanchoam
2696 2880 3003 2959 vocant),

544 3003 835 3050 servum
864 3004 1073 3051 suum
1102 2989 1193 3052 ad
1221 3006 1297 3052 se
1331 3008 1617 3069 vocare,
1652 3000 1730 3055 ut
1758 2992 2087 3070 superius
2117 2990 2384 3053 dictum
2423 3000 2531 3052 est
2557 2986 2602 3051 ⁶.

673 3092 847 3157 1381.
937 3094 1125 3159 Obiit
1156 3106 1393 3160 autem
1416 3109 1621 3162 extra
1650 3097 1897 3161 navim
1924 3098 1997 3159 in
2028 3096 2280 3159 aeditis
2309 3096 2732 3177 quibusdam
2762 3096 3010 3174 monti-⁵

542 3200 674 3263 bus
723 3202 961 3281 portui
1010 3201 1554 3283 imminentibuS,
1599 3206 1673 3267 in
1722 3204 2082 3284 tuguriolo
2121 3204 2430 3284 quodam
2485 3203 2528 3281 ⁷,
2573 3202 2686 3266 die
2725 3194 3010 3264 veneris

624 3441 640 3473 ¹
702 3442 931 3487 Alvarus
952 3443 1209 3497 d’Ataide‚
1232 3443 1543 3489 Malacensis
1562 3446 1701 3489 arcis
1722 3446 2044 3491 Praefectus.

620 3514 643 3545 ¹
702 3514 906 3559 Perera
929 3515 979 3557 ln
1014 3526 1130 3566 ms.;
1154 3516 1347 3560 rectius
1371 3523 1544 3561 tamen
1567 3518 1790 3561 Pereira
1822 3526 1874 3562 et
1907 3518 1984 3563 ita
2016 3519 2320 3572 scribemus,
2351 3518 2552 3572 quoties
2583 3516 2681 3559 hoc
2711 3526 2894 3559 nomen
2929 3527 3010 3559 oc-

550 3586 793 3629 currerit.

622 3656 646 3688 ³
698 3656 746 3699 D
787 3656 1085 3710 Alphonsus
1107 3658 1169 3700 de
1192 3658 1455 3703 Noronha.

624 3730 645 3760 ⁴
700 3727 759 3771 In
780 3729 1016 3781 margine
1037 3729 1169 3772 haec
1190 3732 1371 3785 verba,
1394 3742 1549 3775 manu
1572 3733 1634 3776 P.
1663 3732 1904 3776 Sacchini
1924 3733 2141 3787 scripta,
2165 3732 2510 3787 reperiuntur:
2525 3731 2664 3775 “Non
2683 3732 2838 3785 plane
2854 3730 3010 3773 habe-

544 3802 700 3843 batur
721 3800 771 3843 in
793 3810 1047 3855 carcere.„
1068 3800 1137 3845 Et
1160 3813 1285 3845 vere
1308 3804 1511 3858 quidem
1546 3816 1708 3859 neque
1728 3806 1780 3848 in
1812 3805 2032 3857 litteris,
2063 3816 2196 3859 quae
2227 3806 2293 3849 ad
2325 3814 2419 3848 nos
2447 3815 2608 3859 usque
2637 3812 3005 3859 pervenerunt,

543 3881 707 3925 neque
728 3872 865 3925 apud
896 3870 1175 3917 historicos
1205 3881 1313 3917 tum
1331 3886 1513 3919 sacros
1544 3882 1651 3919 tum
1670 3877 1992 3931 prophanos,
2015 3877 2101 3930 qul
2132 3878 2194 3920 de
2217 3877 2297 3920 his
2327 3880 2482 3921 rebus
2512 3876 2700 3920 Indicis
2729 3876 3004 3929 scripsere,

540 3944 698 3985 ullam
718 3942 871 3997 huius
890 3945 1117 3987 carceris
1140 3948 1449 3990 mentionem
1470 3948 1664 3991 factam
1685 3950 1988 4003 reperimus.

620 4010 645 4043 ⁸
695 4012 860 4056 “Pure
880 4013 987 4057 alla
1008 4012 1103 4057 fine
1125 4026 1193 4059 un
1215 4027 1278 4059 ve
1300 4017 1493 4069 n’ebbe,
1515 4026 1839 4062 mercatante
1863 4018 2065 4074 Cinese,
2087 4020 2140 4063 in
2161 4019 2240 4063 cui
2258 4022 2376 4073 pote
2397 4019 2488 4073 pin
2505 4018 2684 4062 l’amor
2701 4018 2750 4061 di
2769 4024 3005 4061 trecento

538 4084 773 4137 pardais
800 4083 851 4128 dl
878 4095 1009 4139 pepe
1038 4086 1133 4129 che
1163 4097 1226 4129 ne
1257 4089 1485 4131 avrebbe
1516 4090 1567 4132 in
1600 4090 1814 4143 premio,
1848 4090 1944 4133 che
1977 4092 2015 4133 il
2049 4091 2205 4135 timor
2237 4092 2377 4134 della
2410 4096 2577 4133 morte
2611 4090 2722 4141 che,
2758 4089 3002 4131 convinto

539 4155 719 4199 d'aver
739 4154 1025 4200 introdotto
1046 4168 1112 4200 un
1134 4158 1408 4202 forestiero
1430 4160 1479 4203 in
1501 4162 1619 4214 quel
1638 4160 1832 4213 Regno,
1853 4172 1916 4203 ne
1933 4164 2164 4205 avrebbe
2181 4162 2231 4205 in
2249 4173 2398 4215 pena.
2417 4162 2462 4205 E
2477 4172 2605 4205 sono
2621 4162 2636 4204 i
2653 4160 2884 4215 pardais
2901 4170 3004 4202 nna

542 4232 765 4281 moneta,
788 4226 881 4269 che
902 4227 953 4270 in
974 4230 1090 4281 quel
1115 4236 1287 4283 tempo
1312 4242 1533 4275 correva
1554 4243 1585 4275 a
1608 4232 1775 4276 dodici
1798 4233 1947 4275 reali:
1969 4243 2064 4276 ora
2084 4236 2110 4277 e
2134 4234 2332 4277 ridotta
2353 4244 2384 4277 a
2406 4244 2472 4278 un
2495 4240 2638 4276 terzo
2657 4242 2850 4285 mena„
2871 4230 3011 4281 Bas<

538 4308 671 4350 rou,
692 4298 952 4342 Memorie
972 4300 1243 4354 istoru-he,
1263 4301 1353 4346 lib.
1374 4302 1420 4357 2,
1440 4313 1554 4357 cap.
1582 4303 1651 4346 24.

616 4368 641 4401 ⁶
696 4367 840 4413 Tom.
861 4380 916 4423 11,
938 4382 1057 4426 pag.
1076 4371 1175 4427 783,
1198 4384 1247 4415 n.
1266 4374 1363 4418 763.

618 4440 639 4470 ⁷
695 4440 857 4485 “Erat
876 4442 927 4485 id
951 4445 1215 4498 tugurium
1250 4456 1314 4488 ex
1334 4446 1399 4489 iis
1419 4448 1732 4500 mapalibus,
1751 4458 1883 4502 quae
1905 4449 1972 4492 ad
1992 4455 2283 4493 extremam
2305 4450 2500 4494 littoris
2519 4460 2666 4494 oram
2685 4448 2939 4499 Lusitani.
2969 4460 3009 4491 a

537 4510 675 4555 Sinis
695 4512 1057 4558 aedificatione
1075 4517 1344 4571 prohibiti,
1364 4518 1537 4562 subito
1558 4520 1859 4564 excitabant
1876 4552 1886 4571 .
1917 4528 1970 4565 et
1990 4521 2040 4565 in
2070 4521 2312 4565 d1scessu·
2333 4522 2724 4575 disturbabant,
2743 4520 2919 4564 ventis
2947 4529 3001 4564 et

540 4584 823 4637 frigoribus
841 4586 1132 4641 pervium„
1164 4586 1479 4643 Oatasntm,
1506 4588 1599 4644 Op.
1622 4594 1721 4639 cit.
1740 4602 1790 4646 p.
1820 4602 1867 4646 1,
1889 4592 1979 4635 lib.
2012 4603 2115 4645 111,
2140 4606 2188 4637 n.
2226 4592 2317 4636 108.
2340 4592 2506 4644 Quale
2539 4602 2694 4647 porro
2716 4592 2871 4637 fuerit
2901 4591 3002 4637 hoc

541 4655 875 4711 tuguriolum,
895 4658 1113 4711 pulchre
1132 4658 1449 4713 descriptum
1470 4661 1634 4706 habes
1654 4663 1793 4717 apud
1812 4662 2058 4719 Bam-om,
2087 4663 2180 4718 Op.
2200 4666 2309 4713 cit„
2329 4664 2415 4706 lib.
2433 4674 2486 4715 n,
2507 4674 2622 4718 cap.
2637 4663 2708 4718 24,
2730 4665 2872 4708 hisce
2888 4674 3004 4709 ver-

539 4728 635 4769 bis:
660 4730 737 4771 ⁴...
770 4726 814 4771 si
837 4738 1075 4773 avveune
1097 4731 1145 4774 di
1170 4731 1381 4776 vederlo
1416 4735 1497 4777 un’
1518 4736 1815 4779 amorevole
1846 4734 2194 4789 Portoghese,
2225 4735 2440 4789 Giorgio
2467 4736 2698 4781 Alvarez
2714 4770 2724 4789 ,
2759 4748 2788 4780 e
2807 4748 2908 4779 non
2928 4738 3006 4790 gn
