3742 5392
1648 498 1776 556 ΑΝ.
1823 500 1962 555 1554
2930 495 3039 554 307

569 650 699 711 bus
732 646 922 727 apud
952 646 1027 709 P.
1067 646 1463 709 Adrianum
1507 646 1942 725 profecerat,
1999 644 2358 720 adierunt,
2413 644 2532 723 qui
2584 660 2740 705 cum
2788 659 3038 721 aegro-

576 766 794 831 taret,
849 754 1136 833 rogavit
1185 764 1471 817 nostros
1522 765 1596 815 ut
1637 770 1885 817 eorum
1924 751 2180 831 aliquis
2229 768 2359 814 sua
2410 750 2485 814 in
2534 751 2837 814 ecclesia
2876 767 3034 814 con—

575 863 1016 935 cionaretur,
1072 860 1259 941 quod
1305 878 1464 923 curn
1513 878 1657 922 non
1705 858 2046 922 mediocri
2098 858 2583 922 consolatione
2633 858 3038 921 auditorum

571 968 928 1049 praestitit
947 967 1023 1031 Ρ.
1043 967 1475 1046 Bernardus;
1493 978 1562 1029 et
1584 966 1913 1047 quamvis
1930 965 2286 1045 profestus
2303 964 2453 1028 dies
2469 972 2680 1043 esset,
2701 965 3041 1045 templum

574 1076 1034 1139 nihilominus
1062 1075 1350 1155 plenum
1377 1074 1529 1137 fuit.

693 1183 835 1245 653.
925 1180 1327 1245 Canonicus
1357 1190 1592 1244 autem
1621 1181 1910 1260 quidam
1942 1182 2027 1243 de
2070 1178 2577 1243 reformatione
2628 1179 2819 1242 vitae
2863 1195 3035 1241 suae

574 1302 861 1353 nostros
891 1290 1260 1352 consulere
1291 1288 1606 1367 cupienS,
1635 1288 1725 1351 ad
1749 1288 2061 1350 vicinam
2083 1287 2463 1367 quamdam
2486 1285 2889 1365 Abbatiam,
2923 1302 3041 1348 no-

575 1398 762 1459 mine
785 1396 976 1459 Liesi
1005 1394 1044 1473 ¹,
1074 1394 1251 1458 duas
1272 1394 1435 1458 inde
1451 1396 1694 1457 leucas
1712 1394 2115 1473 distantem,
2138 1394 2435 1457 adduxit
2456 1394 2502 1456 ἐ
2530 1392 2779 1457 Abbas
2802 1402 3040 1456 autem

575 1514 644 1567 ct
673 1504 873 1567 multi
914 1502 1230 1581 religiosi
1271 1501 1420 1581 ejus
1464 1502 1879 1565 monasterii
1918 1501 2314 1581 spiritualia
2354 1500 2697 1563 exercitia
2735 1499 3041 1564 Lovanii

577 1612 926 1690 fecerant,
963 1620 1032 1673 et
1060 1609 1267 1672 valde
1301 1610 1374 1671 in
1403 1606 1833 1671 Societatem
1861 1606 2098 1671 affecti
2140 1618 2376 1685 erant;
2408 1625 2541 1670 nec
2570 1608 2800 1669 solum
2838 1623 3043 1669 cano-

577 1718 803 1796 nicuS,
839 1717 964 1780 sed
993 1715 1238 1779 Abbas
1269 1725 1338 1779 et
1365 1714 1681 1793 religiosi
1707 1714 1797 1776 de
1827 1714 2041 1778 rebus
2082 1694 2229 1776 suis
2259 1713 2745 1794 spiritualibus
2775 1711 3043 1775 confer·

579 1841 656 1887 re
710 1841 871 1887 cum
913 1822 1182 1886 nostris
1211 1823 1430 1885 multa
1461 1819 1676 1885 biduo
1707 1830 2109 1901 potuerunt.
2156 1819 2362 1883 Alter
2390 1820 2607 1883 etiam
2651 1819 3039 1883 canonicus

581 1932 881 1994 Hauena
911 1928 934 1959 ³
963 1929 1210 1992 eodem
1244 1929 1473 2004 venit,
1509 1929 1630 2008 qui
1653 1930 1997 1992 concione
2024 1944 2101 1990 se
2134 1935 2564 1991 commotum
2595 1927 2874 1991 dicebat
2904 1926 3043 1989 Ab·

582 2038 769 2114 bati,
805 2047 874 2099 et
905 2036 1060 2099 ideo
1092 2036 1184 2098 ad
1223 2036 1599 2099 consilium
1639 2036 2021 2116 petendum
2069 2053 2111 2099 a
2155 2035 2421 2098 nostris
2464 2035 2551 2098 de
2596 2035 2784 2098 vitae
2830 2032 3044 2096 refor-

584 2146 896 2207 matione
926 2142 1286 2213 veniebat:
1321 2154 1391 2205 et
1422 2152 1568 2204 tam
1597 2142 1713 2205 hic
1743 2158 1956 2223 quam
1980 2142 2175 2222 prior
2198 2142 2587 2205 canonicus
2609 2142 2701 2203 ad
2723 2140 3044 2221 spiritua—

585 2253 679 2315 lia
711 2251 1053 2315 exercitia
1101 2248 1551 2329 suscipienda
1596 2266 1673 2311 se
1715 2248 1777 2312 T
1779 2265 2121 2313 ornacum
2164 2259 2505 2312 venturos
2542 2249 3039 2328 promiserunt.

583 2359 854 2421 Eodem
907 2357 980 2420 in
1035 2359 1226 2432 loc0,
1281 2356 1585 2434 scilicet,
1637 2356 1856 2434 Liesi,
1917 2356 1993 2419 P.
2056 2356 2463 2420 Bernardus
2518 2356 2591 2418 in
2650 2355 3043 2435 parochiali

592 2466 894 2530 ecclesia
927 2465 1390 2527 concionatus
1436 2473 1574 2539 est,
1622 2476 1691 2526 et
1735 2462 1810 2525 P.
1859 2462 2239 2541 Quintinus
2281 2463 2637 2542 religiosis
2681 2463 2929 2541 latine,
2973 2474 3043 2525 et
3119 2534 3123 2539 ,

586 2573 873 2653 quidem
902 2589 1064 2635 cum
1095 2570 1579 2635 satisfactione
1609 2582 1680 2633 et
1710 2571 2203 2634 admiratione.
2237 2569 2371 2633 Die
2401 2573 2609 2633 lunae
2631 2570 2954 2649 sequenti
2971 2570 3045 2633 in

588 2698 853 2761 magna
879 2679 1184 2760 quadam
1217 2678 1562 2758 parochia
1601 2686 2018 2758 expectatus
2061 2677 2138 2740 P.
2184 2676 2591 2741 Bernardus
2632 2676 3046 2740 concionari

583 2790 846 2871 populo
877 2796 1171 2879 coactus
1200 2794 1342 2865 est;
1375 2785 1500 2849 sed
1529 2795 1600 2848 et
1629 2785 1778 2865 ipse
1802 2784 1878 2847 P.
1913 2785 2291 2864 Quintinus
2322 2785 2394 2847 in
2434 2786 2865 2849 monasterio
2902 2802 3042 2848 mo-

585 2895 879 2958 nialium
896 2895 1034 2957 hoc
1057 2894 1286 2974 ipsum
1309 2892 1684 2973 praestitit,
1709 2909 1877 2955 nam
1899 2903 2129 2955 mater
2151 2892 2565 2955 monasterii
2588 2892 2876 2971 Liesim,
2901 2910 3045 2955 una

587 3004 794 3065 leuca
823 3002 1227 3077 distantem,
1262 3009 1558 3063 venerat
1588 3009 1664 3062 ut
1691 3000 2021 3080 precibus
2044 2999 2179 3061 hoc
2206 3000 2639 3079 impetraret.

705 3107 848 3171 654.
933 3106 1444 3171 Processerunt
1471 3105 1724 3169 deinde
1756 3107 1935 3170 duas
1964 3107 2079 3169 vel
2118 3115 2263 3169 tres
2292 3107 2533 3169 leucas
2562 3106 2634 3169 in
2664 3106 3045 3186 quamdam

586 3215 974 3279 Abbatiam
1002 3213 1437 3292 monialium,
1463 3213 1582 3277 ubi
1605 3230 1865 3293 magno
1898 3230 2058 3277 cum
2090 3212 2346 3277 affectu
2368 3214 2951 3293 expectabantur;
2978 3223 3046 3277 et

585 3340 745 3387 cum
775 3321 1164 3385 Abbatissa
1192 3322 1265 3383 in
1295 3320 1677 3401 quamdam
1704 3322 1942 3384 aulam
1968 3338 2094 3385 eos
2125 3322 2555 3402 deduxisset,
2590 3323 2875 3387 curavit
2902 3340 3042 3386 mo·

584 3430 858 3493 nachas
888 3445 1134 3492 omnes
1163 3427 1744 3506 congregandaS,
1780 3438 1850 3491 et
1878 3439 2229 3507 rogarunt
2258 3440 2542 3494 nostros
2570 3441 2648 3493 ut
2678 3430 2916 3509 aliqua
2956 3429 3045 3491 ad

585 3537 904 3617 ipsarum
961 3533 1356 3614 profectum
1411 3535 1903 3614 loquerentur,
1964 3535 2153 3615 quod
2222 3552 2468 3599 omnes
2525 3547 2671 3600 tres
2730 3536 3047 3599 vicissim

589 3638 1058 3724 [praestitere]
1091 3658 1253 3704 cum
1285 3640 1462 3703 mira
1492 3641 1905 3704 monialium
1944 3644 2464 3722 consolatione,
2506 3660 2723 3724 quam
2759 3660 2920 3706 curn
2951 3644 3046 3705 in·

587 3752 762 3814 tima
793 3749 1192 3829 gratiarum
1223 3748 1503 3811 actione
1533 3766 1624 3811 ex
1653 3748 1899 3811 intimo
1930 3760 2230 3813 testatae
2257 3760 2442 3831 sunt;
2477 3760 2546 3813 et
2575 3750 2903 3831 quamvis
2933 3770 3049 3815 no-

587 3866 777 3921 stros
809 3869 1150 3935 rogarent
1175 3866 1251 3917 ut
1274 3873 1358 3918 eo
1382 3854 1453 3917 in
1476 3856 1633 3917 loco
1663 3865 1868 3918 nocte
1898 3856 2019 3919 illa
2050 3868 2440 3935 manerent,
2472 3876 2563 3920 ne
2593 3867 2829 3923 tamen
2857 3858 3051 3921 vide·

589 3974 835 4027 rentur
877 3962 1168 4043 hospitii
1212 3960 1718 4026 commoditate
1757 3961 1952 4027 ducti
1992 3963 2085 4027 ad
2126 3981 2211 4026 ea
2250 3965 2712 4044 praestanda,
2755 3983 2937 4045 quae
2976 3966 3049 4030 in

587 4072 903 4149 ipsarum
942 4070 1253 4149 gratiam
1291 4069 1825 4148 praestiterant,
1883 4070 2281 4134 maluerunt
2332 4069 2403 4133 in
2454 4088 2719 4151 pagum
2766 4075 3051 4135 nomine

587 4176 996 4255 Vinchium,
1029 4193 1172 4239 non
1195 4172 1408 4255 longe
1431 4176 1520 4237 ab
1543 4173 1849 4238 Abbatia
1880 4175 2285 4256 distantem,
2312 4178 2670 4258 progredi;
2702 4197 2834 4242 nec
2865 4180 3053 4242 enim

592 4322 619 4329 -ο

669 4384 683 4415 1
745 4382 828 4427 Ita
849 4383 934 4426 hic
954 4390 1006 4425 et
1027 4382 1160 4425 infra
1182 4382 1454 4437 perspicue
1475 4382 1525 4425 in
1548 4393 1640 4425 ms.
1663 4381 1944 4427 Dumnacus
1963 4385 2101 4432 (vide
2122 4398 2299 4441 supra,
2337 4394 2516 4431 annot.
2541 4386 2584 4441 2,
2606 4386 2672 4431 ad
2694 4398 2743 4430 n.
2763 4386 2864 4439 662)
2884 4388 3050 4430 vertit

587 4454 843 4499 LiessieS.
865 4454 934 4497 Et
959 4465 1015 4497 re
1046 4454 1250 4507 quidem
1275 4464 1400 4497 vera
1424 4454 1603 4497 Abbas
1624 4454 1918 4500 Laetiensis
1946 4458 2032 4510 (de
2055 4456 2336 4513 Liessies),
2366 4458 2662 4503 Ludovicus
2694 4458 2913 4507 Blosius.
2936 4470 3053 4502 cum

586 4526 892 4583 quibusdam
920 4526 1150 4581 ejusdem
1179 4526 1436 4569 Abbatiae
1469 4526 1744 4581 religiosis,
1777 4526 1999 4572 Lovanii
2033 4531 2297 4575 exercitiis
2326 4532 2685 4585 spiritualibus
2720 4532 2911 4575 exculti
2946 4530 3053 4574 sue-

585 4604 724 4643 rant.
744 4598 880 4642 Vide
903 4608 1078 4651 supra,
1101 4604 1138 4640 t.
1160 4608 1231 4641 m.
1253 4608 1300 4651 p.
1321 4598 1420 4645 277.
1443 4605 1617 4642 annot.
1637 4597 1998 4644 2-011verius
2020 4602 2307 4656 scripserat
2332 4602 2539 4658 Ltessy.

669 4669 692 4702 ⁸
747 4669 850 4722 Sic:
867 4679 1046 4713 sensus
1069 4676 1240 4712 tamen
1263 4668 1480 4723 requirit
1504 4678 1560 4713 ut
1581 4671 1842 4715 scribatur
1865 4672 2087 4716 adveni!
2107 4681 2198 4718 aut
2222 4675 2341 4728 quid
2362 4675 2552 4719 simile.

671 4741 696 4773 ³
749 4740 882 4785 Vide
902 4752 950 4785 n.
969 4741 1382 4794 praecedentem.
