3742 5392
1618 508 1748 567 Ax.
1791 506 1932 567 1554
2893 508 3006 569 589

532 654 930 733 Episcopus
955 652 1386 731 Placentiae,
1420 653 1846 732 admitteret,
1871 672 1957 717 eo
1986 656 2175 735 quod
2201 655 2513 718 vicinum
2541 663 2728 718 esset
2757 672 3002 720 mona·

536 759 752 823 sterio
781 758 854 823 S.
893 758 1080 841 Justi
1118 766 1163 839 ¹,
1189 760 1377 841 quod
1419 777 1592 824 suae
1646 761 2035 824 senectutis
2085 760 2324 824 sedem
2375 762 2735 840 delegerat
2785 760 3003 825 Caro-

536 869 648 930 lus
672 866 743 929 V
771 867 1189 948 Imperator,
1221 884 1390 931 nam
1432 867 1525 931 ad
1552 865 1690 931 Dei
1732 867 2146 948 obsequium
2190 876 2260 931 et
2303 884 2688 947 regnorum
2718 868 2998 932 illorum

536 974 910 1038 utilitatem
939 973 1249 1037 futuram
1279 991 1437 1037 esse
1465 973 1541 1037 P.
1568 974 1938 1039 Francisci
1966 991 2128 1037 cum
2157 992 2241 1037 eo
2284 974 3000 1039 communicationem

532 1082 895 1161 sperabat.

667 1187 841 1252 1253.
927 1187 1199 1251 Nobilis
1227 1188 1515 1269 quidam
1545 1198 1699 1253 erat
1728 1190 1801 1253 in
1842 1188 2042 1252 curia
2069 1187 2119 1267 ¹,
2150 1189 2462 1272 Joannes
2499 1189 2586 1252 de
2615 1188 2998 1271 Mosquera

534 1296 843 1373 nomine,
899 1296 1019 1376 qui
1066 1312 1251 1359 unus
1298 1313 1390 1359 ex
1437 1294 1862 1359 Rectoribus
1901 1296 2418 1365 vallisoletanis
2450 1292 2474 1326 ⁸
2513 1305 2688 1373 erat,
2741 1297 2856 1360 vir
2905 1298 2996 1361 ab

530 1403 863 1465 omnibus
890 1402 1282 1482 Hispaniae
1312 1402 1727 1483 proceribus
1754 1412 1989 1466 notus:
2021 1403 2137 1466 hic
2166 1418 2390 1482 usque
2420 1401 2601 1466 adeo
2633 1402 2844 1466 rebus
2872 1402 3000 1467 So-

532 1510 815 1573 cietatis
843 1509 1303 1573 adversarius
1332 1518 1510 1587 erat,
1544 1520 1643 1587 ut,
1678 1526 1841 1574 cum
1870 1510 2027 1589 ipso
2056 1508 2169 1573 die
2197 1508 2318 1573 ΞΜ
2352 1508 2647 1573 Antonii
2669 1510 2757 1573 de
2786 1509 3000 1573 Pata·

532 1617 653 1678 vio
681 1625 847 1680 ante
876 1626 1200 1705 nostrum
1228 1617 1563 1697 templum
1595 1616 1957 1695 transiret,
1987 1616 2062 1679 in
2089 1634 2230 1697 quo
2258 1616 2579 1698 plenaria
2625 1616 2994 1697 indulgen·

530 1723 635 1786 tia
664 1722 833 1786 illud
869 1723 1336 1787 invisentibus
1365 1724 1733 1804 proposita
1762 1733 1938 1801 erat,
1975 1723 2399 1787 deliberaret
2419 1740 2560 1787 non
2594 1723 2873 1804 ingredi
2901 1725 2995 1788 ad

536 1848 695 1894 eam
722 1830 1201 1908 obtinendam,
1234 1847 1322 1893 ne
1352 1829 1536 1893 sorte
1578 1830 1888 1911 aliquem
1939 1846 2030 1893 ex
2077 1830 2342 1893 nostris
2391 1830 2690 1910 videret;
2746 1832 2864 1895 hic
2893 1840 2996 1895 ta-

535 1954 701 2000 men
728 1936 916 2000 intra
944 1954 1077 2001 sex
1106 1938 1223 2001 vel
1270 1948 1539 2018 septem
1588 1937 1740 2001 dies
1788 1938 1894 2000 sic
1943 1938 2368 2000 sententiam
2411 1939 2738 2017 mutavit,
2785 1948 2862 2001 ut
2903 1956 2994 2001 ex

530 2044 797 2124 oppido
848 2044 935 2107 de
983 2042 1359 2108 Simancas
1379 2092 1394 2123 ,
1438 2044 1629 2124 quod
1678 2043 1957 2107 duabus
2011 2043 2236 2107 leucis
2281 2042 2702 2107 Vallisoleto
2751 2042 2993 2125 distat,

532 2148 611 2212 P.
655 2150 1047 2215 Francisco
1092 2152 1368 2215 litteras
1404 2150 1794 2231 scripserit,
1838 2150 2095 2231 quibus
2137 2166 2214 2213 se
2259 2148 2712 2229 significabat
2761 2152 2880 2215 illo
2923 2152 2997 2215 in

536 2258 799 2337 populo
829 2257 1118 2321 domum
1146 2257 1409 2321 habere
1448 2274 1611 2321 curn
1658 2257 1869 2322 horto
1910 2256 2123 2320 valde
2167 2257 2376 2333 bon0,
2409 2274 2624 2337 quam
2652 2256 2994 2323 Societati

535 2372 823 2428 nostrae
852 2364 1333 2443 dedicaverat,
1368 2375 1439 2427 et
1469 2364 1874 2446 postulabat
1903 2382 1948 2427 a
1974 2363 2050 2427 P.
2085 2364 2473 2427 Francisco
2502 2375 2615 2444 ut,
2659 2382 2823 2429 cum
2863 2383 2994 2447 per

536 2472 705 2535 illud
735 2472 1069 2552 oppidum
1099 2472 1462 2551 transiret,
1495 2473 1688 2534 illam
1716 2471 1966 2535 videre
1997 2472 2229 2535 vellet.
2276 2469 2457 2566 Cum
2492 2488 2666 2551 ergo
2711 2471 2804 2535 ad
2842 2472 3000 2537 fun·

534 2577 890 2642 dationem
922 2578 1221 2658 Collegii
1250 2577 1657 2643 Placentiae
1685 2576 2052 2641 recederet
2081 2575 2106 2608 ⁴
2134 2588 2204 2641 et
2246 2578 2582 2659 oppidum
2620 2577 2994 2644 Simancas

528 2695 720 2749 esset
743 2686 815 2749 in
841 2686 1115 2764 itinere,
1142 2686 1387 2749 invisit
1406 2685 1757 2767 Joannem
1778 2684 2256 2765 Mosqueram,
2284 2686 2406 2766 qui
2431 2697 2856 2767 praeceptor
2879 2690 2996 2751 vel

532 2792 1195 2857 Commendatarius
1224 2802 1379 2856 erat
1409 2789 1454 2872 ³,
1487 2793 1628 2873 qui,
1664 2807 2099 2871 magnopere
2128 2794 2433 2855 laetatus
2463 2791 2697 2856 Patris
2726 2794 2994 2859 adven·

534 2910 634 2980 tu,
661 2900 901 2963 statim
932 2900 1384 2963 donationem
1412 2899 1599 2962 illius
1628 2896 1882 2962 domus
1912 2910 1980 2961 et
2023 2899 2276 2962 hortus
2315 2897 2552 2963 facere
2598 2900 2990 2980 constituit;

526 3018 625 3085 et,
659 3007 1011 3070 accersita
1040 3024 1287 3083 uxore,
1323 3022 1504 3086 quae
1535 3006 1700 3069 alibi
1731 3014 1911 3081 erat,
1947 3005 2304 3069 communi
2326 3021 2679 3069 consensu
2700 3017 2861 3087 post
2884 3024 2991 3070 re·

530 3130 814 3177 cessum
844 3112 920 3175 P.
956 3112 1014 3175 F
1016 3112 1327 3175 rancisci
1354 3129 1515 3175 eam
1542 3110 1886 3175 Societati
1913 3110 2290 3189 donarunt,
2337 3130 2424 3175 ac
2464 3112 2672 3175 simul
2717 3111 2994 3178 dotatu-

530 3238 653 3283 ros
680 3238 757 3284 se
786 3219 1181 3300 Collegium
1210 3218 1381 3283 illud
1404 3219 1904 3300 promiserunt.

658 3328 833 3391 1254.
921 3326 1267 3391 Miraculo
1297 3326 1698 3390 tribuebant
1728 3324 2050 3389 homines
2077 3324 2264 3388 hanc
2299 3324 2722 3406 Mosquerae
2767 3337 2993 3390 muta·

532 3436 824 3513 tionem,
856 3452 1019 3497 cum
1048 3434 1140 3497 ab
1169 3449 1311 3496 uno
1340 3444 1659 3496 extremo
1693 3432 1784 3495 ad
1814 3432 2007 3496 aliud
2035 3432 2341 3494 transire
2371 3432 2753 3506 videretur;
2790 3442 2860 3498 et
2887 3434 2995 3498 sic

533 3542 606 3604 in
636 3540 887 3621 spiritu
914 3539 1241 3621 profecit,
1274 3548 1351 3602 ut
1381 3555 1543 3602 cum
1575 3538 1771 3618 prius
1802 3546 2093 3618 propter
2121 3537 2530 3601 inimicitias
2561 3549 2842 3602 veteres
2871 3540 2993 3603 sti·

528 3656 739 3727 patus
768 3647 1214 3728 sclopetariis
1241 3655 1311 3709 et
1340 3646 1498 3709 aliis
1527 3646 1934 3710 hominibus
1962 3645 2054 3708 ad
2084 3645 2194 3708 sui
2224 3644 2621 3709 custodiam
2660 3646 2995 3710 incedere

528 3755 778 3817 solitus
804 3763 1014 3833 esset,
1043 3752 1191 3834 jam
1221 3754 1374 3817 sine
1403 3770 1574 3817 ense
1606 3770 1733 3834 per
1762 3752 2035 3815 curiam
2065 3750 2220 3829 iret,
2255 3751 2366 3813 his
2409 3752 2695 3815 veniam
2735 3752 2994 3817 condo-

527 3861 789 3937 nand0‚
823 3862 914 3926 ab
943 3862 1081 3925 illis
1108 3861 1436 3941 petend0‚
1469 3872 1539 3923 et
1580 3858 1673 3922 ad
1715 3857 2056 3940 quidquid
2095 3858 2195 3920 illi
2236 3859 2498 3921 vellent
2541 3876 2618 3922 se
2663 3870 2994 3941 paratum

529 3967 927 4032 exhibendo
955 3966 1002 4030 ⁶.

524 4112 593 4119 ---

605 4174 624 4208 ¹
680 4172 891 4218 Scilicet
914 4172 1232 4218 monasterio
1251 4172 1475 4216 fratrum
1493 4171 1689 4215 ordinis
1708 4169 1890 4215 Sancti
1912 4169 2228 4227 Hieronymi.
2247 4170 2312 4214 de
2343 4169 2503 4215 Yuste
2525 4169 2686 4215 dicto.

605 4248 627 4277 ἱ
680 4244 738 4290 ln
769 4245 929 4289 Curia
958 4244 1119 4299 Regis
1150 4243 1393 4298 Philippi,
1428 4248 1497 4297 et,
1526 4244 1626 4287 hoc
1672 4244 1889 4287 absente
1904 4274 1916 4295 ,
1953 4240 2208 4296 Principis
2244 4241 2475 4294 joannae
2490 4274 2501 4293 ,
2539 4240 2703 4296 Regni
2736 4244 2995 4297 guberna·

524 4319 691 4363 tricis.

602 4390 625 4421 δ
677 4388 771 4433 “El
792 4388 1151 4433 Comendador
1171 4387 1286 4432 Don
1305 4385 1440 4440 Juan
1458 4386 1521 4430 de
1540 4385 1833 4441 Mosquera,
1856 4385 2085 4439 Regidor
2108 4384 2169 4427 de
2201 4385 2408 4438 aquen:
2430 4384 2587 4428 Corte
2616 4397 2650 4440 y
2671 4385 2733 4427 de
2765 4396 2888 4441 muy
2909 4396 2998 4430 eo-

518 4462 707 4505 nocida
724 4471 961 4514 sanctem
980 4460 1318 4513 CinnmooS,
1338 4460 1373 4502 l.
1394 4469 1459 4512 c..
1482 4458 1569 4503 lib.
1586 4468 1658 4509 tv.
1680 4468 1794 4512 cap.
1816 4468 1890 4509 ix,
1910 4456 1952 4510 §-
1978 4456 2017 4499 l.

612 4536 625 4565 ²
680 4533 741 4575 Ρ.
770 4532 1083 4577 Franclscus
1101 4531 1317 4587 Borgia.

602 4604 625 4635 ὅ
676 4604 809 4657 Quid
830 4604 1032 4647 nomine
1052 4602 1517 4647 Commendatarti
1535 4602 1735 4656 equitis
1768 4604 1825 4645 m
1862 4602 2204 4645 militaribus
2243 4600 2527 4643 ordinibus
2561 4598 2759 4651 veniat,
2795 4597 2993 4643 dictum

519 4681 601 4719 est
624 4676 675 4719 in
694 4674 937 4719 Litterae
958 4674 1419 4728 Quadrimestres‚
1438 4680 1481 4717 t.
1506 4684 1540 4727 1,
1562 4684 1687 4727 pag.
1712 4673 1808 4726 295,
1830 4680 2012 4717 annot.
2033 4670 2081 4715 1.

603 4745 626 4775 ’ἲ
680 4745 883 4799 “Vivia,
904 4757 969 4790 no
989 4746 1099 4791 solo
1120 4746 1543 4791 cristianamente
1568 4756 1632 4789 en
1652 4745 1924 4799 companln
1941 4743 2006 4787 de
2021 4754 2080 4787 ou
2101 4742 2284 4797 MuJer,
2301 4742 2414 4785 sino
2451 4752 2548 4795 que
2571 4745 2781 4795 empezo
2800 4743 2994 4786 osada·
