3742 5392
708 446 818 503 344
1635 444 1887 503 Cuaox.
1932 444 2083 504 Soc.
2128 444 2263 518 jas.

713 590 991 653 laudem
1023 590 1311 653 recitari
1339 586 1682 669 solebant;
1717 608 1848 654 nec
1875 590 2019 669 jam
2051 594 2279 655 solum
2303 592 2711 655 scholastici
2734 592 3033 669 externi,
3059 590 3183 654 sed

711 698 928 761 etiam
957 697 1462 760 Universitatis
1505 698 1947 778 professores
1991 698 2343 761 interdum
2394 698 2861 777 accedebant,
2906 709 2975 761 et
3014 698 3179 761 dum

714 805 1026 868 externis
1075 804 1620 883 argumentandi
1668 806 1867 868 locus
1911 805 2151 884 datur,
2208 806 2279 869 in
2318 806 2503 870 diem
2555 787 2965 886 sequentem
3014 822 3181 869 suas

709 912 1230 991 disputationes
1259 909 1540 974 differre
1569 912 1798 976 nostri
1828 913 2269 993 cogebantur
2317 911 2367 985 ¹:
2407 914 2795 976 intererant
2842 922 2911 975 et
2948 913 3175 975 nostri

711 1019 1014 1081 aliorum
1047 1018 1672 1098 disputationibuS,
1705 1036 1836 1083 nec
1869 1020 2105 1083 minus
2144 1022 2407 1084 acriter
2438 1038 2651 1101 quam
2682 1018 3001 1083 modeste
3040 1018 3174 1083 dis-

713 1127 1090 1205 putabant;
1130 1135 1199 1188 et
1240 1126 1556 1202 demum,
1599 1126 2119 1206 professoribus
2163 1128 2337 1207 ipsis
2374 1128 2669 1191 testibus
2708 1137 2775 1191 et
2820 1137 2970 1191 tota
3012 1126 3174 1191 Uni·

713 1234 1083 1309 versitate,
1118 1234 1342 1297 nostri
1375 1233 1554 1297 inter
1585 1236 1855 1315 primos
1894 1243 1963 1298 et
2006 1235 2125 1315 qui
2166 1236 2475 1298 maxime
2506 1235 2961 1317 profecerunt
2990 1252 3179 1297 com-

711 1340 1314 1404 memorabantur.

833 1446 974 1509 733.
1059 1446 1138 1511 In
1169 1448 1547 1528 postremis
1575 1448 1687 1511 his
1718 1448 2077 1511 mensibus
2110 1450 2277 1513 anni
2301 1448 2587 1528 Juvenis
2616 1450 2905 1529 quidam
2948 1447 3031 1511 24
3062 1466 3181 1509 an-

714 1572 846 1619 nos
877 1556 999 1618 vix
1027 1564 1238 1618 natus
1267 1555 1622 1618 admissus
1651 1565 1788 1633 est,
1824 1556 1944 1635 qui
1975 1556 2291 1620 omnium
2318 1572 2673 1620 consensu
2703 1556 2775 1619 in
2820 1555 3179 1620 Universi-

713 1672 857 1725 tate
889 1662 1272 1725 Valentina
1299 1662 1373 1724 in
1403 1662 1664 1740 linguis
1684 1662 1951 1741 primas
1978 1663 2291 1739 tenebat;
2318 1680 2517 1737 nam,
2547 1671 2834 1743 praeter
2857 1662 3172 1737 latinam,

713 1771 818 1833 sic
862 1786 1197 1848 graecam
1242 1769 1618 1847 didicerat,
1664 1778 1742 1831 ut
1793 1786 1952 1831 eam
1996 1770 2274 1850 publice
2312 1780 2551 1849 posset
2590 1769 2945 1849 profiteri;
2994 1777 3064 1832 et
3106 1768 3177 1830 in

716 1876 1025 1939 hebraeo
1048 1894 1169 1939 eos
1191 1875 1456 1939 fecerat
1479 1892 1929 1956 progressuS,
1956 1885 2031 1939 ut
2055 1884 2279 1939 totam
2304 1893 2585 1939 sacram
2608 1877 2945 1957 paginam
2970 1875 3178 1938 facile

723 1983 1178 2062 interpretari
1207 1999 1416 2062 posse
1445 1984 1821 2046 diceretur.
1856 1982 1930 2045 In
1962 1982 2356 2059 medicinae
2402 1984 2617 2046 etiam
2653 1983 2993 2046 facultate
3036 1984 3177 2045 lau-

719 2106 918 2153 ream
947 2100 1358 2170 acceperat;
1393 2098 1460 2151 et
1491 2107 1651 2152 cum
1683 2087 1834 2167 eJ‘us
1879 2090 2243 2168 ingressus
2286 2106 2430 2153 non
2468 2106 2737 2169 paucos
2776 2108 2866 2153 ex
2907 2090 3177 2152 schola·

719 2197 918 2260 sticis
946 2197 1488 2273 commovisset,
1523 2206 1668 2259 tres
1699 2196 1816 2258 alii
1849 2198 1963 2258 vel
1998 2206 2303 2275 quatuor
2334 2197 2463 2259 sub
2496 2198 2661 2259 anni
2694 2194 2901 2258 finem
2944 2196 3017 2258 in
3057 2193 3173 2257 So-

715 2306 894 2367 cieta
905 2312 1046 2366 tem
1078 2303 1393 2382 cooptati
1416 2314 1580 2366 sunt
1601 2302 1646 2365 ¹.

839 2411 978 2473 734.
1071 2410 1245 2473 Cum
1278 2409 1353 2472 P.
1386 2408 1660 2473 Natalis
1682 2410 2092 2473 Valentiam
2118 2428 2357 2474 mense
2382 2411 2570 2493 Julio
2596 2411 2937 2483 venisset,
2966 2420 3035 2472 et
3056 2408 3176 2471 So·

715 2518 996 2581 cietatis
1026 2517 1426 2581 Institutum
1460 2535 1543 2580 ac
1575 2517 2115 2581 constitutiones
2145 2534 2287 2580 non
2320 2518 2673 2581 attulisset
2702 2518 2931 2580 solum
2959 2514 3081 2580 sed
3106 2525 3175 2578 et

717 2625 1182 2703 declarasset,
1237 2633 1309 2686 et
1350 2622 1553 2703 juxta
1603 2640 1848 2686 earum
1900 2640 2225 2687 normam
2282 2642 2397 2687 res
2451 2624 2815 2688 Valentini
2874 2624 3172 2701 Collegii

711 2732 1230 2809 constituisset,
1265 2732 1559 2793 multum
1591 2732 1917 2794 omnibus
1946 2732 2209 2793 nostris
2240 2740 2309 2793 et
2350 2731 2861 2794 aedificationis
2902 2741 2971 2793 et
3011 2748 3169 2794 con-

715 2839 1089 2901 solationis
1119 2838 1372 2901 attulit.
1418 2835 1722 2916 Injunxit
1765 2838 1881 2899 ille
1924 2838 2203 2917 quidem
2250 2836 2326 2900 P.
2372 2838 2735 2917 Baptistae
2780 2846 2855 2900 ut
2898 2846 3169 2900 tantum

715 2948 990 3008 decimo
1021 2946 1263 3026 quinto
1293 2961 1570 3025 quoque
1595 2945 1706 3008 die
1731 2946 2310 3021 concionaretur;
2338 2944 2496 3021 sed,
2524 2945 2691 3025 quia
2714 2962 2863 3007 rem
2888 2943 3175 3007 tandem

715 3052 864 3131 ejus
894 3053 1189 3115 arbitrio
1222 3053 1632 3132 reliquerat,
1667 3069 1806 3116 non
1838 3053 2061 3133 potuit
2093 3052 2453 3114 hominum
2500 3051 2857 3113 devotioni
2898 3050 3171 3113 satisfa-

715 3176 907 3237 cere,
941 3158 1075 3222 nisi
1106 3157 1542 3239 frequentius
1572 3159 1643 3222 id
1673 3169 2164 3240 exequeretur.

834 3266 972 3329 735.
1059 3266 1217 3348 Jam
1246 3267 1382 3330 hoc
1425 3284 1609 3329 anno
1643 3267 1990 3345 agebatur
2032 3265 2409 3328 Valentiae
2440 3266 2525 3353 de
2568 3265 2778 3329 domo
2819 3265 3173 3328 Professo-

711 3391 871 3437 rum
903 3393 944 3437 a
976 3374 1274 3453 collegio
1299 3386 1630 3454 separata
1655 3374 2115 3452 instituenda,
2142 3383 2211 3436 et
2242 3370 2645 3453 conjecerat
2670 3374 2916 3437 oculos
2942 3372 3012 3435 P.
3043 3372 3173 3436 Ba·

717 3485 938 3563 ptista
979 3482 1052 3545 in
1089 3482 1428 3563 optimum
1475 3480 1850 3563 quemdam
1894 3482 2105 3545 situm
2147 3483 2221 3543 in
2263 3479 2495 3543 medio
2539 3480 2763 3557 urbiS,
2812 3482 2987 3543 satis
3029 3497 3171 3542 am-

715 3592 943 3670 plum,
979 3590 1096 3672 qui
1136 3590 1743 3652 confraternitatis
1789 3588 2159 3668 cujusdam
2198 3597 2353 3652 erat
2394 3586 2452 3666 ⁸,
2493 3597 2563 3651 et
2608 3588 2980 3651 videbatur
3022 3587 3088 3649 ei
3132 3605 3175 3649 a

713 3697 867 3759 Deo
897 3697 1096 3760 locus
1124 3696 1216 3759 ad
1246 3698 1382 3759 hoc
1415 3713 1592 3775 opus
1621 3703 2067 3772 reservatus;
2100 3695 2485 3757 utebantur
2507 3703 2739 3757 autem
2765 3694 2987 3757 nostri
3011 3693 3175 3756 Pro-

715 3804 904 3881 regis
933 3800 956 3833 ⁴
987 3802 1305 3884 [favore]
1339 3804 1430 3865 ad
1461 3803 1656 3866 illum
1689 3801 2182 3879 obtinendum,
2217 3802 2337 3883 qui
2382 3818 2583 3864 suam
2625 3819 2918 3881 operam
2960 3801 3175 3863 liben-

796 4046 808 4077 ¹
869 4044 1080 4090 Scilicet
1097 4078 1108 4097 ,
1129 4050 1186 4089 ut
1207 4047 1400 4089 nostris
1419 4044 1747 4089 scholasticis
1766 4056 1820 4087 se
1853 4044 1903 4087 ln
1924 4046 2189 4097 arguendo
2209 4044 2485 4088 exercendi
2518 4046 2661 4087 locus
2682 4044 2829 4087 fieret
2845 4078 2855 4098 ,
2880 4046 2928 4089 in
2953 4048 3177 4091 alterum

703 4118 844 4161 diem
864 4118 1240 4171 disputationes
1261 4117 1568 4171 protrahere
1588 4117 1817 4171 oportuit
1833 4128 1843 4169 ;
1862 4118 2081 4170 primum
2104 4114 2239 4159 enim
2257 4122 2422 4160 totum
2442 4116 2539 4159 sibi
2559 4116 2959 4161 vindicaverant
2974 4120 3177 4161 externi

715 4190 998 4233 auditores.

788 4261 812 4292 ¹
866 4260 1018 4305 Haud
1039 4262 1190 4306 facile
1221 4268 1300 4305 est
1322 4268 1465 4305 certo
1495 4271 1733 4304 asserere
1753 4261 1867 4314 quis
1897 4262 1980 4304 hic
2014 4261 2304 4305 eruditione
2339 4260 2554 4313 insignis
2582 4262 2791 4314 juvenis
2820 4262 3015 4305 fuisset.
3038 4260 3176 4305 Nulli

709 4333 846 4377 enim
877 4345 1080 4386 eorum,
1103 4335 1189 4389 qni
1220 4333 1271 4377 in
1291 4334 1556 4377 veteribus
1577 4332 1897 4376 documentis
1927 4334 2022 4375 hoc
2046 4342 2180 4375 anno
2212 4330 2525 4375 Societatem
2548 4331 2827 4376 Valentiae
2861 4331 3083 4387 ingressi
3103 4333 3179 4376 di·

709 4410 913 4459 cuntur,
935 4406 1083 4459 plene
1107 4406 1420 4449 conveniunt
1441 4416 1505 4447 ea
1521 4438 1531 4455 ,
1555 4416 1685 4459 quae
1707 4404 1769 4447 de
1791 4404 1889 4447 hoc
1910 4410 2211 4454 narrantur,
2238 4403 2333 4447 nisi
2368 4403 2501 4447 forte
2526 4402 2563 4445 P
2596 4403 2779 4456 Joanni
2804 4404 2952 4459 Rojel
2968 4438 2977 4455 ,
2996 4404 3057 4447 de
3078 4416 3179 4458 qno

709 4487 884 4531 snpra,
904 4488 1025 4531 pag.
1043 4477 1141 4531 335,
1163 4488 1212 4521 n.
1233 4476 1328 4531 714,
1353 4476 1438 4531 qui
1458 4481 1632 4520 tamen
1655 4486 1751 4519 non
1774 4476 1927 4529 hujus
1949 4475 2068 4519 anni
2100 4474 2374 4529 postremis
2402 4475 2661 4518 mensibus
2693 4476 2783 4518 sed
2806 4475 2974 4529 Aprili
3008 4474 3179 4519 Socie-

709 4555 874 4592 tatem
895 4548 1159 4605 ingressns
1189 4556 1285 4595 est.

790 4620 812 4651 ³
865 4618 958 4665 Ms.
980 4622 1063 4666 hic
1083 4632 1359 4675 perperam
1374 4653 1384 4673 ,
1407 4626 1462 4663 nt
1482 4620 1629 4663 nobis
1650 4620 1876 4671 videtur,
1899 4619 2057 4663 habet
2079 4619 2218 4673 quod
2238 4618 2669 4671 confraternitas
2687 4618 2905 4671 quidem
2928 4623 3065 4661 erat.

790 4694 814 4725 ⁴
867 4692 1220 4737 Bernardinus
1242 4693 1303 4735 de
1323 4689 1591 4736 Cardenas
1614 4699 1663 4734 et
1687 4690 1943 4745 Pacheco,
1966 4690 2083 4735 Dux
2104 4691 2165 4734 de
2192 4689 2462 4744 Maqneda.
