3742 5392
1610 472 1738 531 ΑΝ.
1782 473 1923 533 1554
2890 465 3006 533 ’409

527 620 702 684 illud
731 636 1167 701 magnopere
1195 621 1696 701 expetendum;
1726 638 1893 684 nam
1924 630 2208 700 praeter
2237 637 2456 683 onera
2486 620 2877 701 praedicta,
2903 624 2994 685 le·

509 728 712 791 -ctori
739 726 956 790 etiam
983 727 1408 806 theologiae,
1442 726 1854 790 Charlavali
1882 730 1922 803 ⁸,
1957 727 2366 790 necessaria
2396 727 2487 789 ad
2524 723 2795 791 victum
2838 742 2995 809 sup2

523 834 912 915 peditanda
942 842 1167 912 erant,
1201 834 1356 897 sive
1385 832 1540 914 eJ'us
1571 850 1787 914 opera
1821 834 1895 897 in
1926 834 2331 914 theologica
2353 836 2655 899 lectione
2679 835 2999 900 Societas

528 950 869 1020 uteretur,
897 942 1052 1005 sive
1073 959 1240 1005 non.
1269 940 1444 1004 Cum
1469 940 1684 1004 etiam
1705 958 1848 1003 non
1875 942 2270 1005 abundaret
2295 943 2661 1022 operariiS,
2688 960 2775 1006 ac
2797 958 2996 1022 prae·-

529 1048 774 1112 sertim
823 1048 1237 1122 lectoribuS,
1290 1045 1642 1127 SocietaS,
1698 1057 1766 1109 et
1817 1056 2153 1127 ageretur
2202 1047 2576 1112 Cordubae
2624 1050 2713 1113 de
2763 1050 2998 1114 studio

532 1157 742 1236 pleno
771 1154 1204 1218 instituendo
1224 1203 1239 1232 ,
1270 1172 1414 1217 non
1443 1170 1883 1234 magnopere
1922 1155 2205 1218 solliciti
2232 1164 2437 1218 erant
2479 1156 2706 1219 nostri
2734 1157 2822 1220 de
2864 1158 2996 1220 hu*

527 1261 834 1343 jusmodi
862 1262 1180 1341 Collegio
1212 1262 1664 1341 suscipiendo
1694 1260 1738 1325 ³.

656 1368 831 1432 1001.
919 1369 998 1432 In
1032 1370 1292 1450 oppido
1325 1368 1568 1433 Osuna
1591 1369 2153 1433 Universitatem
2175 1380 2503 1437 erexerat
2536 1371 2792 1435 Comes
2828 1373 2995 1437 Uret

528 1493 750 1556 gnae,
792 1485 863 1538 et
903 1476 1102 1539 multi
1143 1476 1313 1539 boni
1349 1494 1438 1539 ac
1477 1476 1670 1539 docti
1707 1476 1846 1539 viri
1896 1475 2322 1541 Societatem
2369 1486 2689 1542 nostram
2734 1479 2995 1543 ibidem

527 1584 964 1665 exoptabant
991 1581 1037 1645 ⁸.
1070 1582 1310 1646 Distat
1351 1582 1684 1647 Corduba
1721 1584 2039 1663 quinque,
2072 1585 2293 1648 leucis
2328 1584 2595 1648 Osuna.
2638 1585 2993 1650 Volebant

614 1780 630 1813 ί
687 1780 852 1824 “Para
879 1783 930 1824 la
963 1780 1222 1824 direccion
1245 1780 1328 1823 del
1350 1779 1560 1835 Colegio
1583 1794 1617 1837 y
1638 1784 1933 1826 enseiianza
1961 1782 2024 1825 de
2055 1783 2107 1825 ia
2128 1784 2355 1836 teologia
2390 1784 2528 1838 trajo
2546 1783 2625 1835 (Β.
2648 1783 2829 1835 Avila)
2848 1786 2881 1827 a
2900 1784 2993 1827 dos

531 1852 593 1895 de
613 1864 702 1896 sns
720 1854 833 1896 mas
853 1852 1150 1895 fervorosos
1170 1852 1450 1907 discipulos
1464 1885 1476 1903 .
1498 1854 1576 1895 100
1596 1852 1852 1896 Doctores
1874 1852 2196 1897 Bernardino
2226 1852 2472 1898 Carleval
2494 1868 2529 1911 y
2548 1855 2713 1910 Diego
2747 1855 2907 1901 Perea
2928 1856 2990 1899 de

529 1923 806 1977 Valdivia,
826 1935 925 1978 qne
945 1924 1084 1967 leian
1111 1924 1340 1978 teologia
1358 1926 1667 1967 escolastica
1697 1936 1732 1979 y
1755 1924 2023 1977 positiva...
2042 1922 2219 1967 Mussoz
2234 1957 2245 1977 ‚
2268 1923 2562 1969 lbra-“Es
2594 1932 2793 1969 mnerto
2824 1926 2993 1969 habra

531 1996 624 2039 dos
643 1996 758 2039 dias
791 2007 858 2039 00
886 1998 1018 2039 buen
1053 1996 1322 2051 bombrey
1340 1994 1627 2039 aficionado
1645 2000 1679 2039 a
1709 1996 1762 2039 la
1784 1996 2097 2049 Compafiia.
2116 2006 2215 2049 que
2244 2006 2301 2039 00
2322 1998 2480 2041 llama
2510 1996 2678 2041 Pedro
2706 1998 2769 2041 de
2789 1996 2937 2049 Jae'n.
2955 2010 2991 2053 y

530 2072 801 2122 pareceme
821 2068 891 2111 ha
911 2067 1096 2122 deJado
1114 2067 1365 2111 heredero
1385 2067 1437 2111 al
1457 2066 1667 2121 Colegio
1688 2068 1752 2110 de
1775 2066 1962 2121 Baeza,
1983 2079 2081 2121 que
2102 2068 2163 2111 de
2184 2069 2291 2111 alla
2321 2079 2413 2111 nos
2442 2069 2547 2113 han
2568 2070 2759 2113 escrito
2777 2081 2834 2113 se
2863 2070 2991 2123 apli·

526 2142 662 2183 caba
680 2150 776 2195 por
794 2141 844 2182 el
863 2138 920 2182 P.
941 2138 1092 2183 Mtro.
1113 2140 1276 2183 Avila
1293 2139 1426 2195 yios
1458 2145 1602 2182 otros
1634 2146 1884 2193 patronos
1902 2142 1936 2183 a
1968 2144 2183 2183 nuestra
2204 2140 2506 2194 Compania.
2526 2138 2773 2184 Dicenme
2801 2140 2991 2185 valdra

528 2212 675 2256 01000
695 2214 726 2255 0
744 2212 846 2254 seis
866 2210 956 2255 mil
975 2210 1202 2255 ducados
1221 2212 1272 2253 10
1292 2222 1390 2265 que
1409 2210 1544 2265 deja.
1561 2210 1687 2254 Dios
1707 2212 1754 2253 ie
1776 2211 1917 2266 haya
1938 2210 2103 2255 hecho
2122 2212 2305 2265 gracia
2322 2214 2354 2255 a
2374 2212 2426 2255 ia
2446 2212 2685 2265 posesion
2702 2218 2887 2256 eterna
2906 2212 2990 2255 del

530 2284 673 2327 00100
691 2294 821 2339 0ος0
839 2296 875 2339 y
897 2284 1105 2337 riqueza
1123 2290 1347 2337 eterna.„
1369 2282 1622 2325 Polaticus
1635 2314 1647 2333 ,
1669 2293 1735 2325 ex
1755 2294 1900 2333 com„
1919 2282 2069 2326 Patri
2090 2282 2407 2339 Hieronymo
2426 2284 2611 2335 Nadai,
2628 2284 2678 2328 21
2700 2283 2837 2337 Junii
2863 2284 2985 2328 1554.

609 2356 632 2381 “
686 2354 960 2410 Nunquam
979 2354 1132 2409 hujus
1154 2353 1370 2408 Collegit
1390 2365 1481 2398 seu
1501 2354 1880 2398 Universitatis
1898 2364 2076 2399 curam
2106 2356 2333 2408 suscepit
2363 2354 2598 2400 Societas
2610 2369 2623 2409 ;
2644 2356 2733 2399 sed
2753 2355 2995 2411 colleg-io-

531 2430 636 2472 inm
651 2460 663 2479 ,
678 2428 768 2473 nbi
789 2427 1118 2471 humaniores
1147 2427 1357 2471 litterae
1386 2426 1712 2479 docerentur.
1733 2426 2002 2470 inchoavit
2022 2438 2157 2471 anno
2181 2426 2784 2473 15⁶9.··-··E1Memoria1...
2806 2440 2871 2473 en
2890 2440 2989 2484 qne

529 2502 583 2543 la
603 2498 951 2544 Universidad
969 2510 1027 2543 00
1048 2498 1269 2553 qnejaba
1290 2500 1343 2542 ai
1365 2498 1582 2553 Consejo
1601 2499 1663 2541 de
1685 2498 1905 2543 Castilla
1926 2498 1989 2541 de
2018 2501 2094 2542 los
2113 2499 2343 2543 desaires
2363 2511 2459 2554 que
2480 2500 2675 2545 recibia
2695 2512 2759 2545 en
2778 2512 2840 2545 sn
2870 2502 2991 2546 mis-

529 2583 614 2615 mo
633 2572 836 2625 pneblo,
860 2571 1030 2615 indica
1049 2571 1166 2615 bien
1186 2574 1218 2613 a
1248 2572 1328 2613 las
1347 2572 1522 2614 claras
1542 2582 1602 2614 sn
1623 2570 1937 2615 decadencia
1955 2604 1965 2623 ,
1988 2575 2067 2614 asi
2090 2582 2187 2625 qne
2208 2571 2438 2615 faitaron
2469 2583 2531 2615 en
2558 2567 2667 2616 'ella
2687 2574 2736 2615 01
2770 2572 2989 2627 espiritu

528 2645 591 2688 de
610 2655 672 2687 sn
690 2643 945 2687 fundatior
963 2655 998 2698 y
1019 2642 1274 2697 primeros
1295 2648 1574 2687 maestros.
1593 2652 1737 2684 como
1757 2641 1945 2685 sucede
1965 2652 2029 2685 en
2052 2642 2203 2686 todas
2224 2641 2303 2686 las
2322 2642 2654 2687 fundaciones
2672 2643 2736 2687 de
2757 2649 2869 2687 este
2900 2646 2987 2698 ge·

527 2726 704 2760 nero...
724 2714 806 2759 La
826 2714 888 2759 de
913 2714 1095 2763 Baeza.
1115 2725 1212 2768 qne
1235 2720 1362 2758 tuvo
1382 2726 1502 2769 muy
1521 2720 1674 2757 santo
1693 2716 1892 2768 origen,
1913 2725 2040 2768 pero
2060 2726 2157 2769 qne
2178 2714 2328 2758 debio
2348 2715 2537 2759 decaer
2556 2727 2627 2773 ya
2646 2727 2711 2759 en
2731 2717 2783 2759 la
2803 2726 2989 2770 segun-

527 2788 595 2832 da
627 2786 791 2831 mitad
824 2787 909 2830 del
940 2786 1074 2840 siglo
1106 2796 1214 2840 xvt,
1235 2788 1344 2829 solo
1374 2790 1518 2830 tenia
1551 2788 1838 2829 enseflanza
1858 2786 1922 2828 de
1944 2786 2157 2842 Artesy
2178 2784 2469 2841 Teologia.‚,
2502 2786 2582 2831 LA
2610 2786 2843 2840 Fusa-rs,
2865 2789 2900 2831 1.
2924 2798 2989 2841 c.,

532 2870 646 2913 cap.
671 2868 866 2903 xxvm.

611 2930 634 2961 ³
686 2930 772 2973 ⁴⁵1).
792 2930 924 2983 Jnan
945 2928 1118 2974 ‘senez
1150 2930 1312 2973 Giton
1329 2963 1339 2983 ,
1361 2938 1547 2974 cnarto
1577 2930 1750 2973 Conde
1785 2931 1847 2973 de
1871 2931 2045 2974 Urena
2062 2964 2073 2983 ,
2092 2943 2123 2983 y
2154 2931 2317 2975 Seflor
2336 2932 2399 2973 de
2419 2933 2499 2975 las
2518 2932 2677 2974 villas
2706 2930 2768 2974 de
2800 2929 2990 2982 Osuna,

514 3000 745 3047 catalla
759 3035 770 3055 ,
791 3001 969 3045 Moron
987 3015 1023 3058 y
1044 3008 1190 3046 otras
1204 3034 1216 3055 ,
1238 3002 1392 3045 fundo
1412 3011 1523 3047 este
1545 2998 2124 3057 Colegio·Universidad
2139 3036 2150 3056 ,
2174 3014 2251 3046 asi
2281 3013 2427 3046 como
2462 3003 2689 3046 tambicn
2719 3003 2773 3046 la
2799 3000 2995 3056 Iglesia

531 3072 764 3128 Coiegial
785 3074 920 3118 dela
941 3074 1123 3119 misma
1147 3076 1290 3117 villa.
1312 3074 1548 3129 Erigiola
1569 3077 1602 3118 a
1625 3074 1772 3118 modo
1803 3075 1865 3117 de
1893 3074 2186 3129 capellania
2218 3086 2364 3128 lcosa
2391 3076 2541 3120 rara!
2564 3086 2627 3117 en
2656 3075 2893 3129 sun-agio
2912 3075 2995 3119 del

532 3147 673 3190 aima
693 3147 756 3190 de
777 3148 830 3189 la
850 3146 1086 3191 Condesa
1113 3158 1175 3190 sn
1205 3148 1410 3201 madre,
1433 3158 1527 3201 por
1545 3157 1679 3203 enyo
1707 3148 1907 3191 motivo
1935 3150 1987 3191 la
2024 3148 2175 3191 titulo
2198 3148 2259 3191 de
2290 3149 2343 3190 la
2376 3146 2629 3191 Purisima
2649 3132 2994 3201 'Concepciom

526 3218 842 3262 aiendiendo
863 3222 894 3261 a
914 3220 967 3261 la
988 3228 1120 3272 gran
1141 3218 1390 3263 devocion
1411 3219 1474 3261 de
1495 3220 1704 3273 aqna-lla
1725 3218 1925 3263 Senora
1945 3222 1978 3263 a
1998 3219 2149 3263 dicho
2170 3218 2407 3273 Sagrado
2428 3218 2678 3263 Misterio.

611 3288 661 3333 Y
681 3290 1055 3334 considerando
1074 3290 1354 3344 asimismo,
1377 3290 1544 3333 ariade
1566 3292 1619 3333 la
1639 3290 1931 3343 fundacion,
1953 3292 2031 3334 100
2048 3292 2226 3335 bienes
2247 3302 2343 3345 que
2362 3302 2418 3334 se
2438 3291 2656 3345 podrian
2677 3290 2949 3343 0000οε010
2967 3290 2999 3332 a

530 3372 782 3416 personas
799 3360 1013 3417 pobres,
1033 3373 1131 3416 qne
1155 3373 1218 3405 no
1239 3364 1414 3405 tenian
1438 3363 1489 3405 ni
1509 3362 1698 3416 podian
1721 3368 1868 3406 tener
1890 3362 2104 3418 aparejo
2124 3363 2187 3406 de
2208 3362 2456 3417 estndiar,
2477 3363 2621 3417 quise
2651 3360 2880 3407 tambien
2899 3372 2997 3416 qne

529 3435 744 3479 ademtis
763 3434 826 3478 de
858 3436 911 3477 la
945 3432 1186 3488 Sagrada
1205 3434 1484 3489 Teologia.
1505 3435 1717 3479 hubiese
1749 3436 1979 3479 tambien
2014 3446 2077 3478 en
2106 3434 2263 3479 dicha
2282 3432 2632 3479 Universidad
2662 3432 2907 3477 catedras
2936 3433 2997 3477 de

532 3504 782 3558 canones,
804 3506 950 3561 leyes
968 3518 1004 3561 y
1023 3504 1278 3550 medicina
1296 3538 1306 3551 .
1325 3516 1519 3561 porqne
1543 3506 1759 3550 muchas
1778 3516 2030 3560 personas
2050 3506 2228 3549 fuesen
2262 3505 2657 3560 aprovechadas
2684 3516 2721 3561 y
2742 3505 3001 3549 alambra-

531 3578 628 3621 das
643 3588 740 3621 con
763 3578 842 3621 las
861 3578 1024 3621 letras
1044 3576 1106 3619 de
1129 3579 1206 3621 100
1228 3578 1460 3631 teologus
1479 3590 1514 3634 y
1533 3578 1760 3622 medicos
1773 3610 1784 3631 ,
1806 3588 1953 3621 como
1973 3578 2229 3621 remedius
2257 3578 2551 3621 necesarios
2570 3587 2703 3631 para
2726 3586 2945 3631 cnerpos
2964 3588 2999 3633 y

530 3658 663 3703 para
691 3649 876 3702 almas,
897 3660 932 3703 y
953 3650 1028 3691 los
1049 3649 1270 3703 legistas
1296 3662 1332 3705 y
1351 3650 1672 3697 canonistas.
1689 3659 1835 3693 como
1863 3660 2115 3705 personas
2144 3661 2242 3704 que
2275 3650 2720 3694 necesariamente
2750 3648 2999 3692 conviene

533 3718 782 3763 habel-las
799 3732 863 3763 en
885 3722 938 3763 la
959 3720 1226 3774 republica
1247 3719 1499 3764 cristiana
1513 3753 1524 3773 ,
1544 3732 1675 3774 para
1697 3720 1943 3764 defendet
1962 3722 2041 3764 los
2060 3720 2308 3764 derechos
2326 3734 2362 3777 y
2378 3720 2591 3775 justicia
2608 3753 2618 3773 ,
2640 3731 2737 3774 qne
2758 3721 2836 3764 100
2857 3720 2999 3763 hom-

534 3794 655 3835 bres
684 3791 883 3845 pucden
916 3805 952 3848 y
971 3793 1152 3835 000100
1183 3792 1480 3846 pretender,
1499 3803 1533 3847 y
1553 3802 1684 3845 para
1713 3803 1812 3847 qne
1847 3802 1911 3835 en
1944 3798 2057 3836 esto
2078 3792 2227 3846 dejen
2262 3794 2461 3835 lnmbre
2492 3792 2569 3835 100
2598 3792 2735 3835 tales
2767 3791 3000 3835 letrados

531 3864 773 3906 hombres
791 3862 854 3906 de
875 3864 1081 3919 conseJo
1111 3875 1146 3918 y
1165 3873 1292 3907 sano
1323 3872 1560 3916 parecer.
1581 3862 1723 3906 Todo
1754 3865 1803 3907 10
1835 3865 1955 3907 cual
1986 3864 2225 3917 pretendi
2255 3864 2554 3907 encaminar
2576 3865 2630 3907 al
2649 3862 2823 3907 anima
2842 3861 2907 3905 de
2940 3874 2999 3905 su

534 3934 752 3979 Senoria
780 3946 875 3988 por
894 3946 980 3977 ser
999 3935 1242 3990 ejercicio
1262 3935 1324 3978 de
1342 3934 1559 3979 caridad
1580 3934 1642 3978 de
1663 3946 1761 3990 qne
1786 3934 1909 3979 Dios
1938 3934 2161 3979 Nnestro
2196 3935 2359 3977 Senot
2378 3946 2435 3979 es
2469 3946 2587 3989 mny
2606 3934 2843 3989 servido;
2864 3946 2903 3991 y
2922 3935 2997 3977 010

517 4008 782 4061 ›embargo
802 4007 864 4051 de
885 4018 972 4050 ser
989 4007 1266 4051 fundacion
1285 4007 1348 4050 de
1369 4006 1644 4050 antoridad
1663 4040 1674 4062 ,
1696 4013 1787 4051 tan
1807 4009 2094 4051 solamente
2116 4008 2259 4062 quise
2290 4008 2499 4062 ponerle
2522 4009 2733 4051 nombre
2754 4006 2817 4049 de
2846 4018 2999 4061 cape-

536 4079 700 4123 llania
718 4078 780 4121 de
802 4079 854 4122 la
873 4081 1078 4123 senora.

613 4149 861 4204 Encarga
879 4151 1031 4204 lnego
1051 4153 1084 4194 a
1104 4160 1164 4194 sn
1185 4150 1290 4205 hijo
1309 4164 1345 4207 y
1365 4161 1578 4194 sncesor
1597 4161 1660 4194 en
1681 4152 1729 4194 el
1749 4150 2040 4195 Patronato
2058 4162 2155 4206 qne
2178 4152 2305 4195 mire
2333 4160 2431 4205 por
2451 4152 2502 4194 la
2522 4150 2798 4194 fundacion
2826 4162 2861 4207 y
2880 4160 2995 4205 pro-

530 4232 656 4265 0000
678 4224 895 4265 obtener
913 4224 966 4266 la
996 4222 1314 4277 aprobacion
1334 4220 1419 4266 'del
1441 4222 1567 4279 Rey,
1590 4232 1736 4267 como
1756 4234 1813 4267 se
1847 4224 1918 4267 ha
1938 4224 2105 4268 hecho
2138 4233 2270 4277 para
2305 4232 2449 4267 otros
2468 4221 2996 4277 Colegios·Universi·

519 4292 723 4346 -dades3
742 4306 778 4349 y
797 4303 895 4347 qne
916 4294 1068 4348 aquei
1087 4304 1148 4337 sn
1171 4300 1483 4338 testamento
1502 4306 1558 4337 se
1579 4294 1780 4339 tnviese
1812 4304 1908 4350 por
1928 4295 2186 4339 esci-itura
2206 4295 2268 4338 de
2290 4294 2565 4338 fundacion
2594 4294 2659 4337 ad
2694 4300 2995 4348 perpetuam

521 4364 610 4407 sei
629 4366 946 4409 memoriam.

613 4435 802 4480 Creese
824 4448 922 4491 qne
941 4439 1138 4482 obtnvo
1172 4440 1222 4482 la
1243 4440 1559 4493 aprobaeion
1581 4440 1662 4484 del
1693 4440 1874 4484 mismo
1903 4438 2229 4493 Emperador
2250 4438 2434 4483 Carlos
2459 4438 2519 4491 V,
2548 4450 2579 4493 y
2602 4442 2679 4481 asi
2713 4441 2764 4482 lo
2798 4438 2909 4481 dice
2945 4440 2997 4481 la

521 4506 842 4563 inscripcion
863 4508 1186 4554 dedicatoria
1207 4510 1375 4553 trente
1395 4513 1428 4554 a
1445 4514 1500 4555 la
1521 4510 1738 4566 Capilla:

1591 4620 1655 4664 D.
1685 4621 1746 4665 Ο.
1775 4620 1842 4665 Μ.
1876 4621 1927 4665 S.

617 4724 808 4772 illinus.
831 4733 882 4771 et
904 4726 1146 4773 Excmna.
1166 4728 1230 4772 D.
1252 4729 1314 4773 D.
1337 4729 1562 4781 Joannes
1582 4729 1756 4774 Tellez
1778 4730 1939 4774 Giton
1960 4729 2035 4773 IV
2059 4730 2298 4774 Urennae
2330 4728 2540 4785 Comes,
2563 4728 2723 4782 Regis
2752 4728 3000 4773 Camera-
