3742 5392
796 475 905 534 595
1712 472 1967 533 Cnaou.
2011 471 2166 531 Soc.
2207 472 2349 544 jas..

796 622 987 685 cium
1014 636 1225 689 suurn.
1253 618 1294 698 ¹,
1323 619 1600 687 mittere
1629 626 1707 681 ut
1726 634 1890 681 eam
1911 618 2283 684 inchoaret
2301 666 2316 695 ‚
2353 617 2450 683 ad
2478 615 2684 697 cujus
2716 616 2996 685 initium
3025 614 3102 681 P.
3128 617 3270 683 An.-

795 729 1034 795 tonius
1063 727 1151 790 de
1180 726 1515 791 Corduba
1542 736 1817 804 septem
1853 726 1969 788 vel
2009 734 2171 789 octo
2207 724 2520 790 novitios
2558 723 2862 803 collegii
2899 722 3272 792 Salmanti-

793 835 1028 899 censis
1060 834 1199 913 (cui
1228 844 1595 915 tamquam
1624 832 2234 912 superintendens
2261 839 2626 912 praeerat,⁴
2651 831 2814 909 licet
2843 830 2920 896 P.
2951 830 3269 897 Hermm-

793 942 923 1005 dez
950 941 1213 1007 Rector
1242 945 1453 1016 esset)
1486 941 1693 1007 simul
1725 958 1888 1005 cum
1916 940 2222 1021 pecunia
2257 939 2352 1003 ad
2389 955 2643 1003 eorum
2683 939 3274 1005 sustentationem

794 1050 1209 1113 necessaria
1236 1046 1504 1129 [misit],
1548 1056 1640 1125 et,
1682 1048 1843 1111 aliis
1881 1046 2165 1111 aliunde
2195 1046 2544 1127 acceptis„
2566 1044 2946 1113 duodecim.
2964 1048 3082 1111 vel
3103 1063 3271 1126 qua-

792 1157 1186 1221 tuordecim
1212 1156 1522 1220 novitios
1544 1173 1630 1219 eo
1656 1154 2102 1235 colligendos
2116 1151 2324 1233 huius
2335 1152 3269 1233 domusfundamentajace-

791 1284 868 1329 re
886 1265 1131 1329 voluit.
1152 1262 1398 1327 Voluit
1423 1272 1663 1326 autem
1682 1280 1814 1327 suo
1841 1263 2038 1326 socio
2055 1264 2374 1342 seipsum
2397 1262 2684 1344 privare
2707 1260 2783 1325 P.
2811 1260 3274 1341 FranciscuS,

790 1385 943 1437 tum
970 1374 1138 1453 quia
1170 1387 1604 1452 magnopere
1634 1370 1932 1435 affectus
1961 1370 2056 1436 ad
2083 1372 2221 1434 hoc
2249 1386 2444 1451 opus,
2471 1370 2868 1449 videbatur,
2901 1378 3056 1435 tum
3079 1370 3274 1451 quod

792 1480 883 1545 ad
925 1480 1251 1560 quemvis
1290 1495 1661 1543 numerum
1704 1478 2134 1542 novitiorum
2176 1477 2274 1541 ibi
2315 1475 2668 1555 alendum,
2716 1477 2934 1541 etiam
2962 1495 3054 1541 ex
3092 1480 3270 1542 elee-

789 1587 1130 1667 mosynis,
1186 1587 1541 1649 animatus
1590 1596 1743 1648 erat
1761 1634 1776 1663 ‚
1829 1596 1900 1649 et
1936 1583 2301 1648 Palentiae
2339 1584 2736 1665 Episcopus
2782 1583 2837 1662 ⁸,
2884 1586 3018 1648 sub
3061 1584 3272 1664 cujus

786 1694 1095 1764 dioecesi
1126 1693 1499 1759 Simancas
1530 1701 1706 1769 erat,
1741 1709 1952 1757 suum
1979 1693 2196 1757 etiam
2225 1690 2320 1756 ad
2347 1692 2424 1755 id
2443 1693 2792 1757 auxi-lium·
2811 1692 3046 1757 fuerat
3067 1694 3262 1775 polli-

792 1804 997 1865 citus.
1042 1800 1393 1882 Sperabat
1430 1801 1647 1865 etiam
1687 1800 1763 1864 P.
1806 1799 2240 1863 Franciscus
2274 1798 2466 1879 quod
2507 1800 2690 1863 alios
2725 1800 3168 1865 instituendo.
3191 1811 3264 1865 et

794 1910 947 1990 ipse
976 1908 1000 1939 ³
1030 1909 1103 1971 in
1141 1909 1392 1989 spiritu
1428 1907 1635 1988 juxta
1674 1906 2052 1971 Societatis
2093 1907 2495 1972 institutum
2532 1906 2934 1987 proficeret,
2975 1909 3168 1989 quod
3195 1920 3268 1971 et

793 2017 1090 2095 ipsemet
1121 2015 1477 2096 sperabat.
1512 2015 1709 2079 Tunc
1736 2014 2090 2079 admissus
2113 2023 2224 2077 est
2254 2014 2438 2079 inter
2465 2014 2646 2078 alios
2675 2014 2751 2078 P.
2785 2014 3068 2095 Gaspar
3097 2014 3262 2079 Fer-

791 2121 1087 2197 nandez,
1121 2124 1498 2197 toletanu5‚
1546 2122 1667 2201 qui
1706 2132 1958 2202 postea
1995 2120 2445 2201 Neapolitani
2483 2120 2784 2201 collegii
2811 2120 2942 2186 fuit
2970 2121 3255 2187 Rector.

918 2230 1094 2293 1207.
1180 2230 1571 2307 Consilium
1601 2230 1880 2309 regium
1907 2228 2098 2293 dedit
2138 2228 2416 2292 civitati
2452 2230 2886 2297 cordubensi
2912 2229 3266 2310 quosdam

792 2336 1060 2400 reditus
1090 2348 1255 2399 octo
1285 2354 1656 2414 annorum,
1689 2352 1994 2417 quorum
2021 2352 2304 2399 summa
2331 2336 2421 2399 ad
2451 2347 2756 2415 quatuor
2801 2336 3022 2401 millia
3049 2338 3262 2401 duca·-

790 2454 1025 2507 torum
1058 2444 1507 2519 ascendebat,
1535 2443 1627 2506 ad
1649 2442 1949 2523 Collegii
1969 2443 2199 2506 nostri
2221 2444 2586 2519 auxilium,
2614 2453 2685 2506 et
2707 2444 3162 2523 prorogaturi
3187 2446 3258 2507 in

794 2558 1181 2631 posterum,
1210 2551 1271 2613 si
1293 2567 1473 2630 opus
1492 2558 1701 2625 esset,
1727 2550 2180 2614 videbantur.
2211 2548 2350 2613 Sed
2379 2549 2996 2631 haec,„antequam
3023 2569 3114 2614 ex
3141 2569 3260 2614 cu·

795 2658 905 2720 ria
934 2654 959 2689 ⁴
988 2657 1352 2721 recederet
1392 2656 1443 2719 P
1510 2656 1964 2735 FranciscuS‚
1997 2668 2166 2721 acta·
2187 2656 2494 2721 fuerunt.

921 2762 1097 2829 1268.
1184 2764 1575 2827 Admonuit
1606 2763 1683 2827 P.
1726 2763 2158 2829 Franciscus
2197 2764 2652 2829 scribendum
2699 2782 2868 2829 esse-
2899 2764 2976 2828 P.
3027 2765 3260 2845 Bapti-

790 2881 958 2937 stae·
974 2870 1063 2933 de
1092 2870 1353 2935 Barma
1386 2880 1462 2933 ut
1489 2878 1713 2933 totam
1754 2887 2004 2933 curam
2041 2869 2466 2935 Provinciae
2503 2869 2922 2950 Aragoniae
2953 2872 3262 2953 suscipe-

787 2986 901 3042 ret
920 2978 1211 3059 perinde
1238 2995 1323 3042 ac
1346 2978 1409 3041 si
1428 2977 1515 3041 de
1532 2977 1653 3041 illa
1673 2977 2024 3041 rationem
2041 2976 2206 3041 Deo-
2220 2985 2410 3041 esset
2431 2976 2860 3059 reddituruS,
2888 2979 2986 3043 ita
3010 2990 3090 3043 ut
3109 2988 3260 3043 tan-

789 3094 940 3153 tum
964 3102 1221 3151 nomen
1243 3084 1717 3148 Provincialis
1738 3084 1839 3147 illi
1859 3084 2160 3162 deesset,
2187 3085 2380 3165 quod
2402 3083 2478 3148 Ρ.
2506 3082 3260 3165 suadae-relinquere-

788 3200 941 3270 tur„
960 3208 1171 3272 quem
1192 3200 1262 3255 et
1285 3190 1807 3255 exhortandum
1827 3192 2200 3271 censebat„
2211 3201 2292 3255 ut
2317 3208 2489 3257 sese·
2507 3192 2581 3255 in
2607 3192 2896 3257 domurn
2924 3193 3264 3273 aliqum

788 3297 1006 3362 studii
1062 3306 1131 3361 et
1181 3297 1733 3378 praedicationis
1783 3297 2044 3377 gratia,
2089 3298 2460 3378 colligeret
2497 3298 2562 3361 ⁸:
2609 3298 2702 3362 ad
2745 3299 3265 3379 benignitatem

788 3405 1005 3473 etiam
1030 3414 1100 3469 et
1122 3421 1461 3483 amorem,
1485 3414 1636 3469 tam
1657 3421 1833 3485 erga
1855 3414 2388 3486 nostrosquam
2414 3422 2598 3483 erga
2612 3416 2952 3469 externos
2981 3423 3152 3487 prae
3179 3422 3259 3469 se

787 3512 1188 3591 fflendum,
1212 3528 1383 3577 eum·
1408 3513 1932 3577 exhortandum
1971 3514 2330 3578 censebat.

915 3618 1091 3689 1269.
1178 3616 1255 3681 P.
1288 3618 1506 3699 Rojas
1534 3636 1697 3682 cum
1728 3620 1819 3681 ad
1850 3618 1924 3685 P.
1962 3618 2424 3685 Franciscum
2457 3618 3120 3701 Caesaraugustam.-
3137 3636 3258 3683 ue-

786 3726 1011 3795 nisset
1038 3722 1281 3804 ⁶‚‚cum
1310 3742 1395 3789 eo
1426 3726 1761 3789 convenit
1790 3736 1865 3789 ut
1895 3726 2482 3805 sese-expediens.
2503 3744 2544 3789 a
2584 3728 3018 3807 quibusdam}
3041 3744 3256 3807 nego—

787 3833 941 3911 tiis„
962 3833 1054 3896 ad
1076 3832 1469 3912 Collegium
1492 3832 2426 3913 Ognatense-v·eniret‚,nam
2449 3850 2526 3899 se
2555 3835 3268 3915 recollectione-opus

784 3938 1049 4007 hebere
1074 3938 1544 4019 significabat,
1578 3949 1648 4002 et
1676 3938 1839 4006 inde
1870 3940 1944 4005 in
1971 3939 2259 4008 Italiam
2277 3940 2721 4020 transire-‚ut
2751 3942 2830 4005 in·
2855 3942 3103 4022 aliquo:
3121 3939 3256 4007 So-

780 4042 1061 4109 cietatis
1092 4046 1392 4126 collegio
1424 4044 1658 4111 studia
1689 4062 1819 4107 sua
1850 4045 2253 4109 absolveret
2279 4045 2484 4125 juxta
2519 4044 2594 4109 P.
2627 4046 2886 4126 Ignatii
2915 4057 3250 4111 mentem.

858 4360 875 4393 ¹
938 4358 1071 4403 Vide
1092 4371 1266 4415 supra,
1290 4371 1410 4415 pag.
1430 4361 1527 4415 483,
1550 4360 1741 4405 n.1021.

858 4430 883 4461 ⁴¹
937 4430 1126 4475 Petrus
1145 4432 1207 4475 de
1230 4432 1282 4475 la
1303 4431 1494 4477 Gasca.

858 4502 883 4533 ⁸
936 4502 996 4551 B.
1020 4502 1376 4551 Bustamaute.

856 4576 883 4607 ⁴
938 4573 1194 4629 Principis
1212 4574 1464 4629 joannae,
1488 4586 1618 4629 quae
1643 4574 1942 4620 vallisoleti
1971 4584 2104 4621 era«.

854 4645 879 4677 ⁸
934 4644 1068 4689 Vide
1090 4656 1265 4700 supra,
1289 4656 1415 4700 pag.
1440 4646 1537 4695 ⁴82.
1558 4658 1608 4690 n.
1635 4647 1755 4690 1019.

856 4715 885 4749 ⁸
936 4716 1071 4761 vide
1090 4727 1267 4773 supra,
1286 4728 1407 4773 pag.
1426 4716 1525 4773 869,
1549 4730 1605 4763 n.
1629 4720 1724 4761 787.
