3742 5392
1581 504 1709 565 Aa.
1757 502 1901 562 1554
2862 504 2975 561 347

495 652 902 732 Rodriguez
931 652 1080 732 ipse
1111 652 1188 715 Ρ.
1224 651 1600 727 Cordeses,
1632 648 1892 713 Rector
1912 698 1927 729 ,
1968 650 2343 714 lectionem
2373 650 2459 713 de
2490 650 2969 713 conscientiae

507 760 792 823 casibus
819 766 975 822 erat
1003 760 1515 839 praelecturuS.

627 864 766 929 740.
855 866 1014 930 Non
1047 874 1285 929 autem
1312 866 1465 930 sine
1497 882 1716 929 causa
1745 865 1822 928 P.
1857 864 2135 929 Natalis
2162 882 2429 929 vacare
2453 873 2738 928 nostros
2759 882 2800 927 a
2828 872 2971 927 stu·

502 973 636 1037 diis
667 972 922 1049 voluit,
955 989 1122 1035 nam
1151 981 1299 1035 tota
1325 980 1596 1037 aestate
1619 972 1887 1035 morbis
1916 972 2089 1035 satis
2112 972 2429 1037 molestis
2452 988 2699 1035 omnes
2719 988 2972 1053 prope-

506 1080 792 1144 modum
822 1080 1232 1159 collegiales
1259 1078 1690 1159 gandienses
1718 1078 1965 1143 vexati
1993 1079 2299 1157 fuerant,
2342 1088 2412 1141 et
2456 1096 2675 1143 unum
2718 1095 2809 1141 ex
2854 1096 2971 1141 no·

505 1187 696 1265 stris,
733 1186 1125 1250 Antonium
1153 1186 1335 1251 Diaz
1372 1186 1678 1265 nomine,
1719 1186 2101 1267 privilegio
2141 1186 2454 1267 quodam
2490 1186 2835 1265 peculiari
2880 1186 2973 1249 ad

504 1294 868 1357 meliorem
897 1294 1124 1357 vitam
1154 1293 1380 1358 Dnus.
1414 1294 1771 1369 evocavit,
1805 1294 1925 1375 qui
1958 1294 2167 1357 simul
2197 1302 2409 1373 atque
2439 1293 2511 1355 in
2539 1290 2973 1357 Societatem

504 1400 858 1465 admissus
905 1409 1036 1479 est,
1076 1400 1262 1464 intra
1305 1398 1680 1464 duodecim
1729 1399 1951 1463 horas
1999 1400 2115 1463 vel
2166 1398 2507 1463 tredecim
2561 1400 2634 1463 in
2684 1407 2975 1462 acutum

507 1508 834 1571 morbum
861 1506 1130 1585 incidit,
1165 1508 1286 1588 qui
1314 1517 1587 1586 septem
1617 1508 1864 1571 diebus
1894 1508 1987 1571 ad
2015 1507 2399 1571 Dominum
2445 1525 2606 1571 eum
2647 1507 2971 1569 transmi-

505 1616 631 1694 sit,
665 1631 826 1678 cum
854 1622 1004 1677 toto
1037 1632 1120 1677 eo
1151 1623 1470 1694 tempore
1499 1630 1722 1693 usque
1748 1614 1840 1678 ad
1869 1624 2173 1678 mortem
2204 1631 2282 1676 se
2306 1630 2469 1677 cum
2494 1614 2761 1693 optima
2784 1613 2973 1676 aedi-

506 1722 835 1787 ficatione
864 1722 1237 1801 gessisset3
1270 1738 1512 1785 mense
1557 1722 1772 1785 etiam
1824 1719 2225 1801 Septembri
2264 1732 2334 1784 et
2376 1720 2669 1785 Octobri
2710 1737 2977 1800 magna

505 1838 914 1893 nostrorum
942 1845 1113 1908 pars
1143 1828 1215 1891 in
1244 1828 1494 1893 eodem
1533 1828 1852 1907 Collegio
1893 1828 2329 1907 aegrotavit,
2384 1836 2455 1891 et
2492 1846 2583 1891 ex
2638 1828 2774 1890 hac
2824 1836 2974 1891 tam

510 1937 652 1999 late
679 1946 965 2016 patente
985 1944 1398 1999 nostrorum
1426 1934 1805 1999 afflictione
1836 1935 2025 2012 (cum
2054 1936 2315 2016 alioqui
2359 1935 2432 1997 in
2474 1935 2667 1998 victu
2710 1943 2777 1998 et
2817 1934 2981 1997 aliis

514 2042 842 2106 omnibus
872 2058 1136 2121 magna
1167 2043 1496 2105 sanitatis
1525 2042 1710 2106 ratio
1751 2042 2160 2119 haberetur)
2200 2042 2581 2121 colligebat
2619 2041 2695 2104 P.
2743 2041 2976 2122 Bapti-

511 2160 620 2213 sta
656 2149 840 2230 quod
873 2148 1200 2229 superius
1231 2148 1538 2211 diximus
1583 2147 1626 2211 ¹:
1668 2150 1806 2213 hoc
1835 2149 2121 2212 unicum
2160 2149 2481 2212 adhiberi
2516 2166 2727 2229 posse
2756 2166 2979 2211 reme-

513 2256 727 2330 dium,
784 2256 846 2317 si
896 2264 1214 2335 tempore
1265 2256 1540 2318 aestivo
1591 2255 1754 2319 inde
1803 2256 2030 2319 nostri
2070 2257 2183 2317 vel
2227 2256 2634 2319 Valentiam
2672 2256 2788 2318 vel
2838 2256 2981 2317 alio

510 2362 1088 2425 transferrentur.

629 2468 771 2532 741.
858 2470 1018 2550 Ipso
1050 2468 1574 2533 Purificationis
1603 2472 1751 2535 B!e
1785 2469 2111 2550 Virginis
2130 2469 2315 2533 festo
2338 2480 2502 2550 post
2522 2470 2831 2539 mediam
2854 2487 2979 2533 no-

508 2586 724 2655 ctem,
761 2575 837 2639 P.
869 2576 1191 2657 Baptista
1220 2587 1642 2655 praeeunte,
1687 2576 1993 2639 caeteris
2022 2585 2259 2640 autem
2291 2576 2537 2640 ordine
2568 2594 2695 2639 suo
2734 2594 2979 2641 succe-

509 2683 868 2761 dentibuS‚
903 2700 1064 2747 cum
1095 2700 1360 2763 magna
1389 2685 1875 2763 lacrymarum
1906 2684 2227 2747 ubertate
2258 2701 2342 2747 ac
2382 2683 2763 2747 devotione
2802 2690 2971 2746 vota

509 2807 640 2853 sua
692 2798 1244 2868 renovaverant3
1297 2789 1424 2853 sed
1475 2806 1636 2852 cum
1679 2788 1753 2851 P.
1801 2789 2079 2853 Natalis
2130 2789 2317 2873 Julio
2362 2806 2601 2853 mense
2650 2790 2975 2854 Gandiae

509 2905 844 2960 versatus
871 2905 1001 2974 est,
1035 2905 1102 2959 et
1135 2896 1673 2959 constitutiones
1702 2896 1806 2959 eis
1835 2898 2320 2976 promulgavit
2344 2905 2413 2959 et
2442 2896 2861 2973 declaravit,
2889 2914 2979 2960 ac

510 3003 800 3081 regulas
829 3002 1334 3083 interpretatus
1361 3010 1490 3081 est,
1526 3012 1594 3065 et
1634 3012 1794 3083 post
1823 3003 2031 3066 varia
2060 3003 2435 3083 colloquia,
2467 3019 2597 3065 suo
2626 3020 2823 3067 more
2856 3002 2979 3067 ha·

511 3109 684 3187 bita,
719 3126 835 3171 res
860 3106 1064 3189 juxta
1087 3109 1389 3172 instituti
1416 3110 1646 3173 nostri
1674 3110 2029 3173 rationem
2058 3109 2563 3183 constituisset,
2596 3125 2979 3189 magnope-

512 3233 590 3278 re
621 3224 845 3280 totum
878 3215 1274 3294 Collegium
1300 3214 1646 3279 refectum
1677 3233 1763 3278 ac
1787 3224 2189 3279 recreatum
2212 3228 2319 3279 est
2352 3216 2423 3279 in
2454 3215 2785 3280 Domino,

631 3322 774 3385 742.
862 3322 1210 3402 Tempore
1258 3322 1856 3402 quadragesimae
1902 3322 2361 3400 adventante,
2408 3320 2613 3400 juxta
2667 3322 2737 3385 id
2788 3322 2979 3401 quod

512 3430 940 3509 promissum
969 3428 1224 3507 fuerat,
1262 3427 1336 3492 Ρ.
1371 3430 1717 3509 Baptista,
1761 3429 1881 3509 qui
1922 3428 2378 3493 Barchinona
2421 3428 2825 3492 Valentiam
2862 3446 2982 3491 ve-

513 3546 740 3615 nerat,
765 3535 1280 3600 Fontenentem
1307 3536 1852 3614 praedicaturus
1883 3552 1959 3599 se
1992 3535 2311 3611 contulit,
2354 3536 2471 3599 ubi
2512 3552 2789 3599 summo
2819 3552 2981 3599 cum

514 3642 865 3707 desiderio
895 3652 965 3705 et
993 3642 1339 3706 aviditate
1369 3644 1458 3705 ab
1489 3643 1864 3723 oppidanis
1905 3643 2114 3720 (inter
2153 3660 2333 3724 quos
2372 3660 2635 3721 magna
2665 3653 2822 3706 erat
2860 3659 2981 3705 no·

513 3749 772 3825 bilitas)
823 3758 1166 3829 exceptus
1207 3761 1341 3829 est;
1381 3750 1504 3813 sed
1547 3750 1696 3829 ipse
1741 3768 1905 3813 cum
1934 3750 2207 3813 duobus
2250 3750 2485 3829 sociiS,
2530 3766 2709 3830 quos
2738 3766 2983 3813 secum

511 3855 906 3919 deduxerat
947 3856 1040 3919 ad
1079 3872 1384 3919 messem
1425 3856 1622 3919 illam
1663 3855 1987 3933 Domini,
2025 3854 2547 3919 xenodochium
2586 3873 2979 3937 pauperum

515 3963 585 4025 in
616 3962 1000 4042 hospitium
1025 3962 1309 4042 delegit,
1341 3980 1474 4025 nec
1499 3963 1661 4025 inde
1685 3963 1899 4025 avelli
1921 3980 1963 4025 a
1989 3962 2513 4027 fontenentibus
2536 3964 2787 4043 potuit,
2814 3980 2981 4025 nam

515 4068 748 4149 ajebat
777 4086 1170 4150 pauperum
1200 4069 1370 4133 illud
1401 4086 1558 4132 esse
1587 4068 2046 4149 domicilium,
2072 4070 2253 4133 inter
2278 4086 2457 4149 quos
2478 4078 2633 4133 erat
2661 4068 2985 4133 Societas

519 4187 786 4240 nostra.
821 4176 994 4239 Dies
1021 4176 1290 4257 aliquot
1329 4184 1494 4239 ante
1533 4176 2159 4256 quadragesimam
2190 4177 2549 4256 tranquilli
2576 4178 2755 4241 satis
2783 4194 2985 4258 prae-

516 4294 623 4346 ter
651 4284 1230 4347 consuetudinem
1264 4282 1708 4363 effluxerunt3
1741 4300 1905 4347 cum
1934 4284 2123 4346 enim
2147 4283 2222 4346 P.
2255 4282 2575 4363 Baptista
2604 4283 2979 4347 intellexis-

515 4400 621 4453 set
649 4390 854 4454 ludos
883 4389 1232 4470 quosdam
1273 4408 1530 4471 parum
1571 4390 1909 4455 honestos
1953 4390 2042 4453 ab
2072 4390 2265 4453 omni
2304 4398 2538 4453 aetate
2582 4400 2653 4453 et
2682 4407 2860 4453 sexu
2907 4390 2979 4453 in

513 4496 868 4577 publicum
908 4497 1225 4577 prodire,
1269 4514 1437 4562 suos
1475 4515 1561 4561 eo
1601 4498 1792 4562 misit
1821 4497 2077 4575 sociOS,
2113 4508 2187 4561 ut
2217 4496 2619 4561 vehementi
2662 4497 2989 4561 oratione

599 4738 614 4768 ¹
676 4736 803 4791 Pag.
823 4737 921 4789 338,
943 4749 991 4782 n.
1015 4738 1110 4783 718.
