3742 5392
1653 503 1782 563 ΑΝ.
1826 504 1967 562 1554
2942 505 3065 564 453-

569 650 706 714 fuit
734 659 813 715 ut
842 650 1442 715 commodioribus
1469 650 1542 713 in
1571 649 1748 712 locis
1777 660 1847 713 et
1890 648 2265 713 Cordubae
2294 648 2759 713 vicinioribus
2806 649 3059 729 hujus--

575 757 770 821 modi
796 757 1068 822 reditus
1097 758 1552 822 haberentur.

694 864 838 927 968.
925 864 1150 929 Paces
1191 866 1470 946 aliquae
1501 865 1904 944 confectae,
1938 873 2347 927 nostrorum
2376 880 2629 944 opera,
2664 864 3043 928 Cordubae

575 970 892 1051 fuerunt,
926 990 1106 1053 quae
1133 990 1220 1037 eo
1248 971 1599 1036 difficilius
1629 972 1995 1036 conciliari
2040 980 2405 1051 poterant,
2438 969 2625 1049 quod
2654 971 3041 1035 homicidia

575 1088 990 1164 perpetrata
1037 1080 1426 1143 condonari
1477 1080 1848 1159 oportebat
1892 1078 1931 1142 ¹.
1975 1078 2067 1142 Et
2104 1096 2193 1142 ex
2234 1078 2595 1160 primariis
2644 1076 2798 1157 ejus
2848 1078 3047 1142 urbis

577 1196 804 1265 erant,
837 1186 956 1267 qui
993 1185 1368 1250 Societatis
1411 1204 1630 1267 opera
1668 1188 1742 1251 in
1779 1194 2232 1250 sacramento
2276 1183 2749 1249 confessionis
2776 1184 2881 1248 uti
2925 1201 3045 1247 cu-

575 1292 886 1372 piebant.
921 1292 1098 1357 Cum
1128 1302 1364 1357 autem
1393 1293 1604 1372 dona,
1637 1294 1876 1357 oblata
1904 1294 2191 1371 nostris,
2218 1309 2361 1355 non
2390 1292 2667 1355 admitti
2688 1292 3042 1371 viderent,

575 1401 792 1464 etiam
813 1404 998 1464 ultro
1021 1401 1282 1479 oblata,
1309 1410 1377 1464 et
1400 1401 1858 1465 nihilominus
1881 1409 2158 1464 tantam
2178 1392 2417 1463 rerum
2434 1398 2908 1479 spiritualium
2930 1416 3046 1462 cu-

575 1524 766 1586 ram,
808 1508 1234 1588 praesertim
1269 1509 1344 1570 in
1385 1508 1829 1573 institutione
1866 1506 2289 1586 juventutiS,
2342 1506 2703 1587 suscipere
2753 1515 3045 1569 nostros

577 1614 1080 1693 observarent,
1113 1630 1275 1678 cum
1303 1630 1570 1694 magna
1601 1615 2073 1679 admiratione
2118 1624 2189 1677 et
2227 1612 2718 1677 aedificatione
2758 1613 2829 1676 id
2868 1614 3043 1676 cele-

572 1720 914 1799 brabant,
949 1738 1112 1785 cum
1141 1722 1562 1801 praesertim
1593 1722 1730 1785 illis
1760 1721 2009 1785 diebus
2052 1721 2165 1784 vir
2204 1720 2491 1801 quidam
2530 1720 2909 1800 religiosus
2950 1737 3042 1782 ex

579 1838 927 1908 suggestu
959 1840 1390 1910 conquestus
1405 1811 1608 1892 'esset
1639 1829 1726 1892 de
1755 1829 2017 1907 exigua
2057 1830 2544 1908 eleemosyna,
2586 1845 2769 1908 quae
2809 1826 3045 1891 ordini

577 1952 708 1999 suo
739 1935 932 1999 facta
962 1935 1216 1999 fuerat.

693 2042 837 2105 969.
923 2041 1072 2106 Nec
1116 2045 1438 2107 omittam
1475 2044 1666 2124 quod
1714 2051 2051 2124 parentes
2102 2060 2143 2105 a
2188 2042 2349 2106 filiis
2410 2050 2651 2123 petere
2696 2042 3041 2120 solebant,

574 2162 652 2213 ut
685 2151 953 2230 aliquid
983 2150 1116 2214 sibi
1144 2151 1495 2215 referrent
1522 2150 1610 2213 de
1640 2150 2087 2214 documentis
2115 2166 2201 2212 ac
2229 2150 2435 2213 bonis
2464 2149 2783 2213 consiliis
2805 2197 2821 2227 ‚
2861 2166 3047 2229 quae

579 2276 620 2320 a
641 2258 790 2321 suis
813 2258 1398 2337 praeceptoribus
1423 2258 1889 2339 accepissent;
1907 2256 2099 2337 quod
2124 2256 2223 2320 illi
2244 2256 2623 2335 faciebant;
2644 2266 2717 2319 et
2740 2272 2903 2319 cum
2924 2272 3056 2320 no·-

577 2380 743 2428 men
795 2362 934 2427 Dei
979 2366 1164 2427 male
1213 2366 1303 2428 ab
1352 2366 1458 2429 eis
1500 2365 1834 2445 usurpari
1874 2364 2255 2427 audiebant
2278 2412 2293 2441 ,
2336 2372 2673 2444 parentes
2711 2363 3045 2426 admone-

575 2470 780 2547 bant;
816 2480 886 2533 et
914 2472 1191 2551 puellus
1221 2470 1538 2552 quidam,
1575 2487 1738 2535 cum
1767 2480 2047 2551 patrem
2078 2487 2285 2534 suum
2309 2469 2666 2550 jnrantem
2698 2468 3040 2548 audisset,

570 2576 776 2641 flexis
802 2578 1103 2657 genibus
1134 2578 1222 2641 ab
1253 2595 1336 2641 eo
1369 2578 1762 2659 postulavit
1791 2590 2084 2658 propter
2106 2576 2242 2641 Dei
2265 2593 2584 2641 amorem
2615 2586 2692 2640 ut
2724 2594 2871 2640 non
2903 2594 3045 2640 am·

570 2684 756 2765 plius
775 2684 1052 2766 juraret
1081 2694 1149 2749 et
1181 2695 1477 2766 propter
1492 2685 1974 2765 juramentum
1993 2685 2263 2748 factum
2287 2695 2552 2748 terram
2577 2686 3041 2761 oscularetur,

551 2792 760 2872 -quod
788 2793 1016 2856 bonus
1043 2802 1280 2872 pater,
1315 2792 1656 2855 confusus
1685 2810 1726 2855 a
1757 2791 1975 2856 filiolo
1998 2841 2013 2870 ,
2047 2791 2237 2855 fecit.

687 2898 830 2962 970.
917 2897 1008 2962 D.
1045 2899 1362 2981 Joannes
1391 2899 1479 2962 de
1510 2899 1846 2963 Corduba
1888 2898 2267 2979 diligenter
2309 2899 2595 2962 domum
2636 2899 3039 2979 quamdam,

579 3007 680 3069 illi
709 3022 1016 3086 magnae
1047 3006 1287 3070 domui
1327 3007 1674 3085 vicinam,
1725 3022 1943 3087 quam
1984 3006 2303 3086 Collegio
2345 3005 2675 3084 dederat,
2723 3004 3045 3068 aedifica⁴

569 3114 727 3192 bat;
762 3131 848 3176 eo
879 3114 1069 3177 enim
1099 3114 1415 3193 migrare
1446 3130 1608 3177 cum
1640 3113 1730 3177 D.
1765 3112 1976 3176 Petro
2018 3114 2105 3176 de
2150 3112 2481 3178 Corduba
2519 3113 2544 3145 ²
2580 3120 2651 3175 et
2694 3112 3041 3193 Magistro

575 3222 792 3283 Avila
823 3220 1224 3300 cogitabat,
1260 3238 1420 3283 cum
1455 3222 1690 3301 aliquo
1715 3270 1728 3300 ,
1757 3221 1878 3301 qui
1902 3220 2075 3301 ipsis
2097 3220 2505 3298 inserviret,
2534 3231 2610 3283 ut
2631 3228 3043 3283 nostrorum

573 3328 943 3409 colloquiis
972 3327 1416 3391 commodius
1457 3327 1814 3391 frueretur
1839 3346 1852 3407 ;
1898 3326 2178 3391 dicebat
2208 3327 2395 3391 enim
2424 3344 2499 3390 se
2520 3324 2671 3406 jam
2699 3325 3041 3406 defatiga-

571 3446 724 3499 tum
751 3452 906 3499 esse
937 3435 1023 3497 de
1053 3445 1203 3498 tam
1232 3436 1472 3498 multis
1500 3434 1814 3499 familiae
1843 3452 2018 3499 suae
2040 3434 2385 3512 servitiiS,
2410 3450 2593 3515 quae
2616 3434 2755 3513 ipsi
2775 3434 3038 3512 impen-

652 3750 670 3783 1
724 3747 940 3793 Multum
960 3748 1146 3803 diuque
1167 3750 1463 3793 laboratum
1482 3754 1562 3792 est
1579 3760 1613 3792 a
1634 3748 1881 3792 Patribus
1900 3748 2182 3793 Societatis
2195 3780 2207 3801 ,
2228 3759 2355 3802 quos
2374 3750 2440 3792 ad
2464 3746 2513 3792 id
2534 3748 2803 3792 excitabat
2822 3748 2935 3792 suis
2954 3748 3039 3792 lit·

569 3821 696 3864 teris
716 3820 967 3875 Ignatlus,
990 3818 1042 3863 in
1062 3819 1413 3873 componenda
1429 3830 1557 3873 pace
1578 3820 1714 3863 inter
1735 3818 2024 3863 canonicos
2044 3826 2097 3863 et
2119 3818 2463 3863 Beneficiatos
2484 3819 2856 3871 (Racioneros)
2876 3821 3041 3863 ecele-

568 3893 678 3936 siae
697 3892 1046 3936 Cordubensis
1062 3923 1075 3944 ‚
1097 3892 1180 3946 qni
1212 3891 1334 3934 lites
1353 3890 1602 3945 quasdam
1634 3891 1773 3935 inter
1805 3902 1862 3934 se
1879 3923 1890 3943 .
1912 3902 2010 3935 non
2044 3892 2155 3935 sine
2180 3892 2401 3935 aliorum
2420 3892 2685 3945 scandalo,
2708 3892 3039 3935 exercebant.

551 3964 665 4007 ·“A1
685 3962 742 4007 P.
761 3964 878 4007 Don
899 3962 1126 4007 Antonio
1158 3962 1494 4006 encomienda
1515 3962 1740 4006 Nuestro
1761 3962 1932 4005 Padre
1967 3973 2065 4016 que
2099 3963 2343 4007 entienda
2375 3974 2439 4006 en
2460 3965 2514 4007 ln
2540 3962 2820 4007 concordia
2840 3963 2905 4007 de
2934 3974 3039 4006 una

567 4036 661 4079 lite
681 4045 802 4094 muy
822 4037 1012 4090 luenga
1031 4048 1067 4091 y
1088 4036 1357 4090 trabaJosa
1386 4042 1534 4078 entre
1554 4041 1696 4079 eatos
1726 4034 1949 4079 Sefiores
1972 4034 2267 4088 Canonloeos
2286 4047 2319 4089 y
2340 4035 2657 4081 Racioneros
2677 4036 2741 4079 de
2769 4037 2820 4079 la
2852 4035 3039 4089 {glesia

567 4110 632 4153 de
653 4107 906 4152 cordoba.
929 4108 1070 4151 Obra
1102 4108 1242 4152 seria
1257 4140 1268 4159 ,
1289 4106 1606 4160 pudiendose
1628 4108 1881 4157 efectuar.
1904 4107 1967 4150 de
2002 4118 2133 4161 gran
2165 4108 2381 4153 carldnd
2414 4120 2450 4165 y
2468 4108 2695 4152 servicio
2724 4108 2786 4151 de
2816 4106 2965 4161 Dios;
2988 4109 3039 4151 ιο

567 4192 666 4236 que
685 4180 897 4235 pudiese
919 4180 984 4223 V.
1010 4180 1072 4225 R.
1094 4180 1257 4223 bucer
1275 4190 1338 4223 en
1358 4184 1474 4222 esta
1503 4184 1654 4233 parte
1675 4190 1742 4223 no
1760 4177 1897 4222 dudo
1926 4180 1975 4222 lo
2002 4180 2136 4223 hara
2156 4180 2236 4223 sin
2263 4179 2599 4224 encomienda
2619 4180 2683 4223 de
2710 4183 2827 4223 otro
2857 4189 2955 4232 que
2976 4178 3037 4221 dc

567 4254 620 4295 la
647 4252 834 4295 misma
864 4251 1097 4296 cai-idad.
1119 4250 1227 4294 Con
1247 4251 1368 4295 todo
1400 4252 1501 4294 ello
1533 4250 1598 4293 de
1629 4256 1781 4304 parte
1811 4250 1875 4293 de
1904 4249 2130 4294 Nuestro
2164 4250 2333 4295 Padre
2367 4251 2851 4295 encnrecidnmente
2881 4254 3039 4303 teng-a

567 4324 631 4367 V.
655 4323 716 4367 R.
740 4328 850 4367 este
881 4324 1098 4378 negocio
1130 4334 1225 4377 por
1257 4321 1688 4375 ementiendum„
1707 4322 1987 4370 Polaticus.
2016 4332 2085 4365 ex
2104 4332 2256 4371 com..
2276 4322 2424 4366 Patri
2458 4321 2700 4367 michaeli
2733 4322 2795 4365 de
2830 4320 3039 4370 Tot-rea.

569 4396 622 4438 18
639 4394 964 4450 Septembris
985 4394 1354 4449 abt—Ignatii
1376 4395 1438 4438 de
1461 4394 1562 4438 hnc
1591 4404 1650 4438 re
1672 4395 1881 4439 litteras
1905 4394 1971 4438 nd
1994 4393 2205 4438 Patrem
2226 4394 2510 4439 Antonium
2529 4394 2594 4439 de
2614 4392 2850 4439 cordoba
2880 4392 3043 4437 habes

565 4468 618 4510 in
657 4466 851 4511 cartas
871 4466 938 4510 de
959 4466 1072 4509 San
1091 4466 1331 4519 Ignacio,
1351 4472 1389 4509 t.
1412 4476 1486 4519 ιν,
1508 4477 1628 4520 pag.
1647 4465 1750 4509 320.

646 4539 671 4571 ⁸
723 4538 922 4581 Petrus
939 4539 1006 4581 de
1027 4537 1288 4591 Corduba,
1299 4537 1686 4583 “comendador
1708 4537 1770 4580 de
1791 4536 2003 4581 Montiel
2022 4549 2059 4593 y
2075 4536 2239 4581 Trece
2256 4538 2319 4581 de
2336 4536 2605 4591 Santiago.
2622 4535 2956 4593 Mayordomo
2975 4536 3037 4580 dc

566 4610 748 4664 Fenpe
767 4610 816 4654 Π
836 4624 872 4667 y
891 4610 1194 4655 Prenidente
1211 4610 1292 4653 del
1315 4609 1534 4665 Consejo
1555 4610 1620 4654 de
1651 4612 1732 4654 las
1753 4609 1985 4655 ordenes
2002 4640 2012 4661 ,
2029 4610 2092 4653 de
2112 4610 2267 4664 quien
2299 4620 2395 4663 por
2424 4608 2643 4653 hembra
2674 4610 2933 4663 proceden
2962 4611 3041 4652 los

551 4684 768 4727 >condes
787 4683 850 4727 de
871 4682 1096 4738 Laque„
1115 4682 1282 4727 frater
1301 4689 1418 4727 erat
1441 4682 1636 4726 Decani
1651 4714 1662 4735 ,
1681 4681 1897 4735 joannis
1918 4683 1979 4726 de
2002 4681 2263 4726 Corduba.
2284 4680 2523 4725 Satan:
2554 4692 2589 4725 Y
2618 4680 2835 4735 Cauno,
2856 4679 3039 4725 Histo-

552 4757 708 4798 λονὶα
729 4755 1073 4809 genealogica
1094 4756 1161 4799 de
1180 4755 1236 4798 Ia
1257 4754 1394 4800 Casa
1414 4755 1483 4799 de
1501 4755 1666 4806 Lara,
1683 4755 1775 4799 lib.
1793 4765 1870 4809 ιιι,
1890 4753 1921 4811 g
1943 4764 2019 4807 ιιι,
2040 4765 2090 4798 ιι.
2114 4754 2181 4798 16.
