3742 5392
1624 424 1750 482 Aa.
1798 426 1938 483 1554
2925 428 3037 487 239

558 584 645 662 ac
680 569 1023 631 ministris
1056 571 1390 650 oportuit.
1425 568 1709 648 Septem
1741 572 1810 631 in
1844 571 1964 631 illo
2007 569 2450 649 professores
2495 583 2728 651 erant,
2776 584 2845 635 et
2895 573 3035 636 duo

557 686 895 751 parentes
926 677 1392 754 vocabantur,
1426 676 1628 757 quasi
1661 678 1780 757 qui
1809 676 1968 739 aliis
2009 676 2704 757 superintenderent,
2736 696 3036 759 quorum

559 780 738 843 alter
763 791 916 845 erat
948 781 1021 845 P.
1059 782 1409 860 Canisius;
1443 783 1570 846 sed
1597 783 1800 846 brevi
1832 784 2177 847 intellexit
2199 783 2352 864 ejus
2375 786 2861 864 praesentiam
2891 804 3036 850 non

558 902 708 952 tarn
737 889 1061 953 utilitatis
1092 890 1250 952 aliis
1279 907 1491 969 quam
1521 890 1659 953 sibi
1696 891 2066 954 molestiae
2109 890 2383 954 afferre.
2430 891 2636 970 Quod
2667 892 2759 955 ad
2801 911 3037 957 mores

558 996 835 1073 attinet,
872 1013 988 1058 res
1018 996 1270 1060 melius
1298 997 1639 1069 habebat,
1673 1006 1743 1059 et
1773 998 2152 1077 tranquille
2183 1007 2470 1077 praeter
2500 1015 2776 1064 morem
2801 1001 3034 1081 pristi-

562 1121 730 1166 num
763 1104 945 1166 inter
974 1120 1129 1165 sese
1162 1122 1245 1165 ac
1277 1103 1429 1167 sine
1459 1104 1685 1167 turbis
1713 1105 2078 1183 vivebant3
2111 1104 2237 1167 sed
2266 1106 2599 1186 quamvis
2638 1107 2898 1187 singuli
2945 1109 3037 1172 ad

562 1212 815 1273 horam
846 1210 916 1273 in
946 1210 1209 1272 scholis
1238 1212 1754 1290 praelegerent,
1789 1211 2024 1273 nullus
2054 1228 2298 1274 eorum
2333 1209 2576 1292 [erat],
2611 1214 2728 1294 qui
2751 1207 3034 1278 medici·

562 1335 700 1381 nae
730 1335 871 1380 non
902 1314 1237 1393 studeret,
1269 1318 1500 1380 nullus
1529 1317 1621 1380 ad
1650 1334 1859 1380 sacra
1891 1318 2277 1398 aspirabat;
2313 1328 2382 1381 et
2413 1318 2598 1399 quod
2631 1320 2721 1383 ad
2752 1323 3031 1401 religio-

564 1442 725 1487 nem
744 1426 1017 1501 attinet,
1046 1424 1261 1503 aliqui
1286 1440 1375 1485 ex
1393 1424 1494 1486 eis
1518 1424 1828 1503 suspecti
1852 1434 2077 1487 erant.
2104 1424 2350 1506 Itaque
2375 1427 2712 1505 exiguum
2737 1428 2873 1491 sibi
2899 1428 3034 1492 fru-

564 1540 758 1593 ctum
781 1548 869 1593 ex
894 1531 1011 1593 illa
1044 1530 1570 1593 cohabitatione
1600 1529 1677 1593 P.
1714 1530 2044 1593 Canisius
2072 1532 2560 1612 pollicebatur,
2595 1545 2662 1598 et
2689 1534 3029 1614 majorem

556 1647 914 1717 sperasset
959 1639 1143 1701 inter
1184 1637 1544 1700 studiosos
1583 1638 1764 1700 alios
1811 1638 2142 1718 (quorum
2189 1640 2425 1720 aliqua
2475 1650 2678 1704 erant
2717 1641 3034 1723 Collegia

558 1744 914 1821 Viennae)
947 1762 1158 1824 quam
1190 1745 1371 1807 inter
1404 1746 1579 1808 istos
1610 1742 2068 1807 Professores
2103 1744 2142 1807 ¹.
2178 1744 2488 1826 Optabat
2519 1748 2800 1811 interim
2829 1751 3032 1813 colle-

556 1851 661 1928 gii
709 1850 933 1914 nostri
980 1854 1355 1931 angulum,
1410 1852 1523 1913 cui
1576 1850 1647 1914 in
1702 1852 1940 1914 culina
1998 1854 2219 1915 multo
2278 1853 2610 1918 libentius
2665 1868 3030 1934 servlsset,

569 1975 785 2037 quam
834 1959 933 2021 illi
964 1959 1264 2037 collegio
1295 1957 1787 2038 professorum
1814 1968 2176 2038 praeerat,
2224 1972 2292 2023 et
2323 1970 2655 2025 extrusus
2701 1963 3033 2042 quodam-

559 2063 769 2128 modo
831 2065 1204 2128 videbatur
1267 2066 1337 2127 in
1394 2065 1648 2129 horum
1706 2078 2021 2144 coetum,
2082 2084 2258 2146 quos
2289 2066 2566 2131 difficile
2604 2069 2756 2149 ipse
2785 2087 3038 2133 curare

558 2182 829 2252 posset,
862 2190 991 2235 nec
1021 2172 1255 2234 minus
1287 2172 1375 2233 ab
1410 2171 1547 2234 illis
1578 2172 1820 2234 curari
1855 2173 2292 2235 conveniret.
2325 2172 2484 2237 Non
2523 2173 2642 2237 diu
2682 2177 2917 2255 itaque
2948 2194 3032 2239 eo

558 2280 632 2342 in
662 2278 987 2357 collegi0,
1020 2278 1269 2348 invita,
1306 2288 1383 2340 ut
1412 2276 1639 2357 ajunt,
1674 2278 2022 2355 minerva,
2054 2279 2466 2343 retinendus
2489 2298 2647 2343 esse
2675 2283 2874 2346 visus
2903 2293 3030 2346 est.

673 2384 813 2448 528.
902 2385 1107 2449 Initio
1138 2386 1345 2465 hujus
1376 2385 1544 2447 anni
1588 2386 1691 2448 sic
1732 2402 1849 2448 res
1891 2402 1968 2448 se
2007 2386 2368 2450 habebant
2411 2387 2760 2465 Viennae,
2796 2402 2872 2453 ut
2911 2391 3032 2453 mi·

556 2502 838 2556 raretur
888 2491 1216 2555 Canisius
1266 2492 1613 2555 bonorum
1675 2492 2102 2572 martyrium
2152 2510 2296 2556 non
2348 2497 2706 2574 consequi.
2760 2496 2835 2559 In
2883 2498 3035 2559 dies

552 2617 736 2679 quae
764 2599 854 2662 ad
886 2598 1303 2677 religionem
1332 2599 1686 2678 pertinent
1718 2597 2190 2679 catholicam,
2226 2599 2528 2664 deficere
2572 2603 2801 2681 magis
2845 2603 3034 2666 vidc-

632 2806 649 2836 θ
708 2803 850 2858 “Ego
872 2804 921 2847 in
943 2803 1294 2857 professorum
1315 2800 1554 2855 Collegio
1578 2802 1783 2856 publico
1804 2810 1856 2845 et
1878 2801 2217 2846 Archiducali
2238 2814 2428 2857 moror,
2451 2806 2524 2849 sle
2544 2814 2760 2859 urgente
2783 2805 2924 2861 Rege
2942 2841 2952 2860 ,
2977 2814 3033 2850 ut

552 2874 883 2918 Reformandi
912 2876 1171 2930 gijmnasn'
1196 2885 1357 2917 causa
1389 2884 1467 2917 me
1495 2873 1894 2917 accommodem.
1917 2872 2062 2917 Nunc
2096 2876 2210 2918 laus
2232 2875 2341 2919 Deo
2363 2875 2481 2930 Opt.
2502 2874 2640 2921 Max.
2659 2878 2920 2933 gijmnasij
2945 2890 3031 2922 res

552 2948 833 2999 procedunt
868 2948 1063 2989 rectius
1084 2958 1237 2999 quam
1268 2946 1443 2989 multis
1477 2945 1665 2989 abhinc
1697 2945 1869 2997 annis;
1895 2946 2244 2999 professorum
2278 2958 2407 2990 unus
2441 2947 2492 2991 in
2525 2950 2734 2993 vincula
2764 2951 3028 2995 coniectus·

550 3027 627 3061 est
644 3052 655 3069 ,
678 3020 809 3072 quod
832 3020 1085 3061 sectarios
1112 3024 1433 3071 sequeretur,
1468 3016 1567 3061 etsi
1588 3016 1825 3062 doctrina
1853 3020 1920 3063 sit
1954 3018 2161 3063 minime
2199 3020 2614 3073 contemnenda.„
2637 3018 2878 3066 Canisius
2902 3022 3034 3066 Leo·

552 3092 716 3135 nardo
736 3091 916 3134 Kessel
934 3090 989 3133 30
1010 3090 1207 3144 Aprilis
1230 3090 1349 3133 155³.
1374 3088 1798 3142 Baauxsseaossa,
1821 3091 1858 3133 l.
1881 3101 1942 3142 c.,
1967 3102 2089 3144 pag.
2109 3090 2204 3143 466;
2229 3091 2314 3134 ubi
2333 3123 2345 3143 ,
2365 3100 2540 3134 annot.
2562 3092 2603 3144 8,
2626 3094 2895 3147 sequentia
2916 3096 3032 3137 sub-

552 3166 644 3207 dit:
667 3162 992 3206 “Sacchiuus
1022 3164 1071 3205 in
1092 3174 1141 3205 a.
1167 3161 1292 3205 155⁴:
1322 3160 1488 3204 “Eius
1509 3162 1629 3205 anni
1660 3162 1929 3216 principio,
1953 3162 2086 3215 quod
2107 3162 2306 3216 pridem
2333 3160 2693 3207 Fe'rdinandus
2715 3162 2824 3207 Rex
2853 3174 3030 3219 postu·

556 3238 762 3279 laverat
785 3268 794 3284 ,
818 3235 1197 3278 concedendum
1229 3234 1325 3277 fuit
1342 3266 1352 3285 ,
1386 3242 1439 3276 ut
1464 3232 1703 3277 Canisius
1722 3234 1773 3277 in
1805 3232 2091 3286 Collegium
2121 3234 2478 3279 Archiducum
2511 3234 2740 3279 Viennae
2762 3238 3032 3290 migraret,

552 3311 689 3353 alter
719 3307 1003 3352 Parentum
1032 3308 1137 3357 (ita
1167 3307 1294 3349 duos
1325 3305 1599 3349 Praesides
1624 3306 1843 3359 vocant)
1873 3307 1922 3349 in
1953 3317 2013 3349 eo
2047 3306 2264 3350 futurus.
2287 3306 2615 3351 Professores
2645 3308 3032 3361 disciplinarum

552 3380 819 3423 variarum
840 3386 1037 3432 septem
1069 3380 1295 3431 agebant
1319 3378 1369 3419 in
1400 3388 1459 3419 eo
1483 3375 1731 3429 Collegio,
1756 3384 1809 3418 et
1839 3376 2036 3430 aliquot
2071 3384 2347 3431 praeterea
2377 3378 2562 3422 studiis
2584 3378 2803 3431 operati.
2825 3377 3030 3432 Magna,

548 3450 779 3504 religiosi
798 3450 972 3493 Patris
992 3450 1304 3503 praesentia,
1328 3458 1529 3491 morum
1561 3448 1898 3491 commutatio
1919 3447 2062 3491 sacta
2093 3456 2200 3491 est:
2223 3458 2412 3502 magna
2435 3449 2500 3492 ad
2523 3450 2746 3502 quietem
2768 3482 2778 3499 ,
2802 3457 2853 3492 et
2888 3454 3028 3493 tran-

549 3522 860 3575 quillitatem
888 3524 1162 3569 accessio...
1184 3528 1195 3571 t,
1212 3520 1287 3564 De
1313 3521 1425 3563 vita
1447 3520 1641 3563 Canisii
1676 3532 1723 3574 p.
1745 3518 1912 3570 85·86).
1943 3518 2002 3562 In
2024 3519 2255 3574 Collegio
2287 3520 2607 3564 archiducali
2625 3554 2635 3573 ,
2659 3532 2792 3564 anno
2829 3521 2931 3564 1384
2963 3524 3031 3566 ab

550 3596 770 3637 Alberto
802 3592 873 3637 111
910 3594 1156 3637 Austriae
1195 3594 1321 3636 duce
1358 3602 1515 3645 prope
1552 3592 1924 3635 monasterium
1956 3590 2388 3635 Praedicatorum
2421 3592 2720 3641 constituto.
2757 3592 2807 3635 12
2837 3594 3030 3637 artium

550 3666 787 3719 magistri
809 3676 1126 3709 communem
1146 3664 1310 3707 vitam
1330 3674 1489 3717 agere
1510 3664 1844 3717 gratuitoque
1866 3665 2012 3706 victu
2031 3664 2107 3707 uti
2131 3674 2392 3717 poterant,
2415 3665 2550 3718 iique
2573 3664 2767 3708 Canisil
2792 3674 3029 3718 tempore

550 3738 797 3781 ordinarii
831 3738 939 3781 fere
972 3738 1023 3779 in
1065 3736 1410 3779 universitate
1445 3744 1595 3779 erant
1645 3736 2001 3790 philosophiae
2034 3736 2389 3789 professores3
2425 3737 2607 3789 quibus
2647 3744 2858 3791 praeter
2901 3737 3029 3780 duos

550 3818 864 3864 ‘'parentes„
896 3810 1189 3863 theologos,
1222 3810 1305 3861 qui
1344 3820 1408 3850 ex
1441 3808 1670 3861 capitulo
1702 3807 1997 3851 cathedrali
2025 3808 2135 3861 peti
2165 3809 2430 3861 solebant,
2467 3808 2673 3861 “prior„
2695 3816 2940 3862 praeerat
2960 3840 2972 3859 ,
2995 3819 3026 3851 a

556 3882 908 3935 collegialibus
928 3882 1091 3924 libera
1114 3881 1363 3923 electione
1385 3880 1697 3922 constitutus
1726 3877 1835 3922 Hoc
1854 3890 2036 3922 munus
2054 3888 2174 3923 tunc
2191 3880 2434 3923 Andreas
2456 3878 2652 3923 Dadius
2670 3884 2688 3927 (
2705 3879 3030 3936 Kyenboom)

547 3954 901 4009 philosophiae
923 3952 1180 4006 professor
1201 3950 1601 3994 administrabat
1622 3949 1705 4001 (cf.
1727 3960 1885 4003 supra
1907 3961 1954 4004 p.
1973 3952 2087 4001 415).
2121 3950 2430 3995 Guilielmus
2451 3951 2816 3995 Coturnossius
2837 3951 3026 4004 <Quac-

551 4026 801 4077 kelbein),
824 4024 1036 4076 flander,
1066 4024 1115 4066 in
1146 4024 1325 4066 eodem
1356 4022 1576 4075 collegio
1608 4029 1728 4065 tunc
1758 4021 2049 4078 “physicus
2087 4022 2381 4075 secundus„
2403 4030 2518 4067 erat
2549 4032 2600 4066 et
2635 4024 3016 4077 philosophiam

554 4097 929 4140 aristotelicam
951 4097 1239 4150 exponebat
1261 4092 1574 4145 (Aschbach,
1596 4092 1912 4137 Geschichte
1933 4093 2025 4137 der
2061 4092 2274 4138 Wiener
2309 4094 2637 4138 Universitat
2669 4094 2857 4149 [wien.
2877 4094 3018 4148 18881,

546 4180 582 4216 1.
616 4168 759 4212 39-40.
791 4168 931 4221 43⁴1&
968 4178 1041 4218 m.
1076 4166 1222 4209 44-45.
1255 4166 1325 4209 58.
1363 4165 1564 4209 loo-161.
1610 4164 1796 4207 Herm.
1829 4164 2116 4215 Zschokke,
2140 4165 2235 4209 Die
2273 4166 2664 4220 theologischen
2688 4164 2900 4210 Studien
2921 4168 3022 4210 und

553 4242 833 4284 Austalten
855 4240 947 4283 der
966 4238 1324 4282 katholischen
1349 4236 1539 4281 Kirche
1571 4236 1622 4280 in
1654 4236 1988 4281 Oesterreich
2025 4236 2196 4291 [XVien
2228 4238 2329 4281 und
2365 4237 2579 4293 Leipzig
2601 4238 2733 4291 1894]
2757 4250 2805 4293 p.
2831 4238 3027 4291 142>„.--

552 4312 733 4355 “Circa
766 4312 802 4354 il
832 4320 972 4355 stare
1002 4314 1035 4354 il
1072 4310 1126 4353 P.
1158 4310 1279 4353 Dre.
1316 4309 1524 4353 Canisio
1547 4310 1629 4352 nel
1651 4309 1871 4363 collegio
1897 4309 2248 4352 Archiducale
2268 4320 2394 4363 pare
2429 4310 2498 4353 lui
2520 4316 2665 4365 sente
2698 4321 2827 4364 poco
2859 4310 3026 4354 frutto

553 4386 689 4438 degli
713 4384 833 4427 altri
857 4391 905 4426 et
941 4394 1118 4426 manco
1140 4381 1490 4425 consolatione
1514 4392 1635 4435 sua,
1657 4388 1709 4423 et
1732 4381 1936 4434 quando
1957 4380 2168 4424 havessi
2189 4392 2220 4423 a
2243 4388 2387 4425 stare
2418 4382 2566 4426 fuora
2597 4382 2677 4424 del
2709 4388 2886 4426 nostro
2909 4382 3025 4426 Col-

550 4457 701 4509 legio,
723 4456 893 4499 scrive
914 4456 956 4498 si
977 4454 1112 4498 saria
1134 4456 1221 4508 piu
1242 4454 1407 4497 frutto
1428 4454 1480 4497 ln
1501 4454 1720 4507 qualche
1744 4456 1918 4505 bursa,
1949 4452 2081 4496 dove
2113 4452 2156 4495 c’
2187 4456 2214 4495 e
2235 4464 2449 4497 numero
2481 4454 2680 4508 grande
2715 4454 2764 4497 di
2796 4454 3024 4507 giovani.

553 4529 683 4572 dove
714 4529 797 4571 chi
833 4528 971 4570 fusse
1002 4526 1255 4579 Rectore,
1287 4527 1460 4580 potria
1493 4527 1581 4579 piu
1610 4524 1942 4568 fructificare.
1975 4524 2040 4568 V.
2075 4525 2135 4568 R.
2172 4526 2426 4570 consideri
2465 4528 2499 4569 il
2539 4534 2674 4570 tutto
2710 4534 2760 4569 et
2797 4525 3026 4580 proveda

559 4612 700 4644 come
734 4600 1005 4654 giudicara
1036 4600 1125 4653 piu
1153 4598 1448 4653 espediente
1478 4608 1510 4641 a
1546 4599 1717 4651 gloria
1739 4598 1787 4640 di
1820 4596 1961 4650 Dio.„
1993 4596 2264 4649 Polancus,
2293 4610 2358 4640 ex
2379 4610 2524 4647 com„
2544 4598 2688 4641 Patri
2729 4596 2942 4641 Nicolao
2963 4596 3026 4639 de

558 4672 757 4727 Lanoy,
777 4672 831 4715 26
850 4670 985 4722 Junii
1010 4668 1318 4737 wolff—Vide
1353 4669 1489 4713 infra
1504 4700 1514 4720 ,
1535 4681 1582 4711 n.
1604 4670 1701 4713 557.
