3742 5392
1696 494 1816 550 Ax.
1863 492 2003 551 1554
2977 492 3080 552 ‘231

738 638 823 701 Et
865 640 961 701 ita
1012 656 1087 703 se
1128 640 1265 702 hoc
1306 657 1493 703 anno
1534 656 1649 702 res
1689 637 2068 702 Societatis
2109 647 2394 701 nostrae
2435 640 2506 700 in
2546 636 2786 701 Sicilia
2825 637 3083 702 habue-

618 755 804 809 runt.
1959 754 1964 757 ’

613 951 765 993 lanco
786 952 1189 1005 praetermissis,
1212 952 1451 1006 complet.
1474 951 1567 995 Ait
1588 952 1702 995 ille:
1722 950 1833 995 “Ad
1852 950 1990 995 hunc
2027 960 2220 993 annum
2243 949 2348 993 155⁴
2366 949 2476 994 sine
2497 948 2651 994 dubio
2685 956 2928 1004 spectare
2949 948 3084 993 arbi·

612 1028 725 1065 tror
760 1021 1078 1078 Syracusani
1099 1022 1317 1077 Collegii
1350 1023 1515 1067 initia.
1539 1023 1815 1075 Assuerus,
1838 1020 2021 1075 Vegae
2042 1020 2178 1065 filius
2206 1028 2335 1065 natu
2363 1020 2618 1076 minimus,
2641 1020 2915 1078 Syracusis
2935 1029 3082 1075 prae-

611 1098 729 1137 erat
744 1126 755 1147 ,
775 1100 1114 1149 paternarum
1150 1096 1403 1139 virtutum
1422 1094 1765 1139 aemulatione
1794 1094 1842 1137 ei
1873 1094 2082 1138 civitati
2099 1094 2452 1148 gratissimus.
2479 1093 2577 1137 Hic
2597 1093 2873 1137 clarissimi
2893 1092 3081 1136 Paren-

610 1164 681 1208 tis
716 1164 769 1208 in
804 1166 1044 1219 augenda
1078 1165 1341 1211 societate
1378 1166 1606 1209 studium
1636 1174 1876 1219 secutus,
1909 1166 2133 1209 assiduis
2161 1165 2482 1209 sermonibus
2501 1166 2773 1209 civitatem
2808 1164 3080 1217 excitavit,

610 1242 668 1279 ut
706 1246 822 1280 eam
856 1238 1193 1281 vehementer
1222 1243 1515 1292 expeteret,
1558 1248 1719 1291 neque
1765 1236 1876 1291 ejus
1908 1236 2081 1280 fructu
2123 1237 2446 1291 privaretur,
2487 1247 2586 1291 quo
2619 1237 2730 1292 jam
2765 1236 3080 1291 praecipuae

610 1306 777 1361 Regni
794 1306 965 1351 Urbes
986 1308 1309 1353 fruebantur.
1333 1308 1503 1361 Quare
1525 1308 1769 1353 diuturna
1799 1309 2188 1363 praedicatione
2223 1319 2400 1352 rerum
2421 1316 2744 1361 nostrarum,
2777 1304 3080 1351 nobilissimi

612 1378 855 1434 cujusque
899 1380 1123 1425 animum
1154 1391 1309 1435 quum
1351 1381 1498 1425 nobis
1545 1380 1875 1425 conciliasset
1891 1412 1902 1433 ,
1939 1380 2308 1434 flagitaretque
2352 1378 2585 1433 Civitas,
2625 1385 2682 1423 ut
2718 1379 2780 1422 de
2826 1377 3080 1423 communi

612 1450 805 1495 civium
824 1453 1095 1495 voluntate
1124 1453 1326 1507 publico
1346 1454 1547 1496 nomine
1568 1452 1634 1495 ad
1655 1452 1869 1497 Patrem
1900 1452 2140 1495 referret.
2173 1450 2459 1506 Respondit
2489 1451 2899 1505 sapientissimus
2939 1449 3079 1493 Prin·

613 1532 763 1576 ceps,
802 1533 859 1565 se
903 1533 1004 1566 non
1043 1523 1337 1567 defuturum
1372 1523 1629 1568 desiderio
1662 1524 1890 1568 omnium
1919 1522 2192 1571 salutis,si
2226 1533 2290 1567 ea
2319 1523 2382 1566 de
2411 1534 2468 1566 re
2508 1522 2731 1566 Senatus
2769 1522 2835 1566 ad
2877 1533 2932 1565 se
2963 1531 3078 1576 per·

612 1594 881 1639 scriberet.
902 1594 1127 1639 Senatus
1149 1602 1323 1640 autem
1342 1595 1537 1639 litteris
1568 1596 1645 1641 ita
1664 1595 1962 1650 rescripsit:
1997 1592 2225 1639 Laetari
2257 1605 2314 1638 se
2347 1594 2750 1649 Syracusanam
2775 1593 3078 1647 Civitatem,

612 1667 727 1707 tam
766 1666 1037 1717 illustres,
1070 1678 1131 1709 ac
1161 1668 1441 1721 sapientes
1474 1667 1671 1712 habere
1693 1667 1985 1718 Patrttios,
2007 1668 2098 1720 qui
2131 1666 2198 1711 de
2230 1667 2432 1709 civium
2465 1666 2731 1719 doctrina,
2761 1669 2812 1709 et
2843 1666 3080 1709 moribus

613 1739 894 1791 tantopere
926 1738 1252 1781 laborarent.
1270 1738 1421 1781 Nihil
1454 1740 1561 1783 sibi
1579 1738 1708 1793 fore
1734 1738 2062 1791 jucundius,
2093 1742 2189 1781 aut
2223 1738 2534 1793 optabiliuS,
2566 1746 2727 1791 quam
2761 1738 2812 1779 si
2845 1740 3078 1790 cogitata

610 1808 946 1865 perficerent.
970 1810 1119 1863 ‚Quae
1148 1814 1511 1855 communiter
1528 1812 1853 1854 statuissent
1873 1812 1940 1855 de
1963 1811 2229 1855 societate
2245 1810 2383 1866 Jesu
2417 1809 2742 1858 invehenda,
2761 1812 2812 1853 et
2831 1816 3001 1863 penes
3020 1820 3078 1853 se

612 1881 917 1933 retinenda,
938 1894 998 1924 ea
1022 1880 1189 1935 Regis
1205 1884 1530 1927 auctoritate
1542 1884 1835 1937 probatum
1859 1884 1935 1926 iri
1956 1895 2022 1925 ne
2041 1883 2372 1926 dubitarent.
2388 1882 2622 1937 Sperare
2643 1892 2720 1934 se,
2729 1881 2857 1937 sore
2879 1884 2936 1923 ut
2957 1892 3078 1923 eam

609 1952 848 2005 gratiam
871 1957 1049 1995 essent
1072 1952 1407 2007 Syracusani
1426 1954 1661 1997 Assuero
1678 1954 1801 2011 filio
1823 1955 2086 2004 habituri,
2105 1964 2268 2008 quam
2293 1954 2401 1997 sibi
2417 1954 2677 1997 haberent
2699 1952 3078 2007 amplissimae

612 2022 869 2067 Civitates
900 2024 1323 2076 Panormitano,
1355 2030 1405 2070 et
1428 2025 1819 2078 Messanensis,
1850 2037 1987 2080 ‘luae
2021 2028 2234 2080 gratias
2263 2037 2426 2079 agere
2457 2038 2558 2069 non
2591 2026 2921 2075 desinerent,
2942 2024 3080 2078 quod

612 2096 850 2147 ignotam
874 2100 1033 2140 antea
1056 2096 1375 2142 Societatem
1399 2099 1571 2141 veluti
1590 2100 1855 2143 occultum
1881 2100 2022 2153 ipsis
2041 2098 2360 2141 thesaurum
2385 2098 2700 2145 indicasset,
2721 2100 2773 2141 et
2795 2097 2914 2151 ejus
2945 2096 3082 2151 inse·

614 2167 817 2211 rendae
836 2171 1024 2211 auctor
1042 2168 1275 2223 suisset.
1300 2168 1502 2214 Harum
1537 2170 1833 2215 litterarum
1865 2172 2158 2225 exemplum
2179 2170 2408 2214 Assuero
2443 2170 2608 2223 misit,
2632 2175 2684 2213 et
2715 2170 2868 2214 simul
2903 2168 3079 2211 admo·

609 2239 745 2293 nuit,
769 2244 825 2283 ut
847 2250 961 2283 eam
981 2250 1093 2285 rem
1112 2250 1205 2293 per
1228 2241 1487 2297 principes
1514 2241 1761 2287 Civitatis
1792 2242 2046 2295 explicari
2075 2246 2287 2286 curaret
2307 2275 2318 2289 .
2340 2241 2652 2295 doceretque
2667 2274 2680 2291 .
2703 2252 2878 2285 eorum
2911 2242 3079 2294 magis

610 2311 861 2355 interesse
876 2346 887 2365 ,
910 2323 1062 2367 quam
1083 2326 1178 2359 sna
1196 2324 1287 2357 aut
1309 2312 1615 2368 Societatis,
1639 2326 1755 2357 eum
1777 2313 2022 2358 Ordinem
2042 2313 2176 2357 domi
2201 2314 2410 2363 habere,
2433 2314 2580 2368 cujus
2601 2312 2911 2357 industriam
2927 2346 2937 2360 .
2957 2322 3075 2367 pro-

610 2383 854 2437 bitatem,
877 2386 1193 2437 doctrinam,
1217 2388 1644 2441 temperantiam,
1667 2396 1719 2429 et
1738 2386 2052 2430 excolendae
2071 2386 2361 2440 juventutis
2390 2386 2632 2440 peritiam
2653 2416 2663 2437 ,
2687 2386 2951 2439 cognitam
2967 2384 3080 2439 Jam

612 2461 767 2509 atque
788 2458 1117 2511 exploratam
1147 2458 1425 2502 laudarent
1456 2449 1713 2512 cognatae
1734 2456 2017 2502 clvitates:
2041 2458 2308 2501 meliorem
2341 2457 2556 2511 proinde
2577 2468 2692 2501 esse
2727 2456 3079 2512 Syracusano·

610 2537 725 2570 rum
746 2528 1090 2571 conditionem
1106 2561 1117 2581 ,
1139 2530 1224 2583 qui
1245 2540 1345 2572 non
1367 2535 1421 2571 ut
1444 2530 1563 2573 illae
1586 2530 1771 2574 alienis
1793 2528 2041 2573 credituri
2064 2535 2262 2575 essent:
2285 2529 2376 2572 sed
2401 2528 2734 2583 popularibus
2763 2528 2894 2576 suis,
2919 2536 3076 2581 atque

606 2598 731 2652 ipsis
766 2600 1133 2653 propemodum
1163 2600 1323 2644 oculis
1358 2600 1508 2644 fidem
1543 2608 1894 2655 praestarent.
1929 2600 2101 2655 Neque
2133 2610 2308 2645 tamen
2343 2601 2634 2654 negligeret
2669 2600 3078 2644 illustrissimum

608 2670 915 2715 Antistitem
946 2670 1321 2729 Hieronymum
1344 2672 1407 2715 de
1426 2672 1659 2717 Bononia
1683 2672 2106 2717 panormitanum
2125 2706 2135 2726 ‚
2159 2674 2304 2727 cujus
2325 2680 2536 2727 operam
2557 2683 2619 2716 ea
2647 2672 2699 2715 in
2723 2683 2776 2715 re
2813 2682 2912 2715 non
2933 2671 3077 2715 adhi-

607 2742 735 2795 beri,
756 2742 902 2786 nei'as
924 2742 1149 2787 duceret.

688 2812 910 2857 Senatus
932 2816 1203 2860 concilium
1224 2824 1497 2861 convocat:
1519 2816 1651 2860 miro
1672 2815 1899 2861 omnium
1920 2826 2174 2860 consensu
2192 2816 2398 2870 publico
2420 2818 2549 2859 bono
2571 2816 2879 2859 consulitur:
2904 2814 3077 2858 Socie-

606 2888 775 2929 tatem
797 2886 1021 2929 admitti
1042 2890 1288 2941 oportere
1310 2889 1635 2932 decernitur.
1656 2888 1719 2931 In
1742 2888 2006 2943 eiusJura
2029 2888 2338 2931 concederet
2363 2886 2594 2931 Sanctae
2617 2886 2816 2931 Luciae
2847 2886 2898 2931 V.
2923 2890 2973 2929 et
2995 2886 3074 2929 M.

616 2956 895 3012 Templum
919 2962 1073 3000 extra
1098 2960 1311 3002 moenia
1334 2961 1521 3011 situm,
1548 2971 1669 3003 cum
1692 2960 1970 3015 adjunctis
1989 2960 2229 3004 aedibus.
2255 2959 2693 3013 AdJ'uventutem
2717 2958 3078 3002 erudiendam

608 3028 762 3072 aliud
772 3030 1078 3083 possideret
1101 3032 1157 3073 tn
1189 3028 1325 3075 Urbe
1355 3031 1651 3086 Templum.
1669 3032 1818 3085 Quae
1833 3031 2050 3086 publico
2071 3030 2293 3075 consilio
2313 3032 2604 3075 constituta
2629 3034 2807 3073 essent
2828 3030 2894 3073 de
2917 3031 2988 3073 iis
3007 3030 3080 3073 ad

607 3100 895 3154 Proregem
933 3102 1228 3156 reseratur,
1258 3115 1289 3146 a
1312 3114 1411 3157 quo
1434 3104 1731 3159 petendum
1765 3106 1936 3155 esset,
1959 3106 2016 3145 ut
2039 3102 2460 3147 Domenechium
2485 3102 2786 3157 Syracusas
2822 3104 3080 3155 mitteret,

606 3174 701 3225 qui
717 3184 897 3217 coram
919 3175 1101 3216 omnia
1122 3178 1482 3230 componeret.
1511 3173 1609 3219 Sed
1633 3177 1898 3219 Assuerus
1919 3176 1982 3219 de
2005 3174 2338 3219 Domenechii
2369 3176 2598 3218 adventu
2629 3175 2913 3228 recusavit,
2935 3176 3080 3229 cujus

608 3246 919 3299 expectatio,
956 3246 1158 3299 magnis
1192 3247 1329 3301 apud
1351 3246 1627 3301 Protegem
1663 3247 2090 3302 occupationibus
2111 3246 2350 3299 distenti,
2377 3247 2508 3290 satis
2536 3249 2690 3301 longa
2712 3246 2886 3289 sutura
2915 3251 3074 3289 esset.

608 3312 739 3369 Ejus
758 3314 1023 3359 admonitu
1045 3314 1328 3360 Concilium
1352 3316 1423 3359 VI
1444 3316 1565 3361 Idus
1582 3316 1703 3361 Maii
1740 3318 1930 3361 iterum
1951 3318 2182 3371 cogitur3
2203 3324 2254 3359 et
2287 3318 2577 3360 iubentibus
2611 3317 2859 3371 omnibus,
2881 3316 3080 3359 dissen-

608 3386 769 3428 tiente
790 3386 1010 3441 nemine,
1034 3386 1089 3431 fit
1112 3388 1335 3431 Senatus
1358 3390 1660 3433 consultum
1688 3390 1740 3433 in
1771 3390 1906 3433 hanc
1937 3390 2274 3432 sententiam:
2297 3388 2580 3433 Placuisse
2604 3390 2831 3431 Senatui
2853 3388 3080 3443 Populo-

608 3467 709 3511 que
730 3456 1088 3512 Syracusano,
1110 3464 1167 3502 ut
1190 3460 1429 3503 Societas
1440 3460 1573 3515 Jesu
1594 3462 1932 3504 domicilium
1957 3460 2244 3515 Syracusis
2249 3461 2466 3517 figeret.
2489 3460 2720 3503 Domum
2745 3464 2794 3503 et
2817 3460 3080 3502 alimenta

608 3527 835 3571 Senatui
855 3542 1019 3573 curae
1040 3530 1185 3585 sore.
1208 3531 1355 3575 Dent
1372 3538 1595 3587 operam
1618 3534 1753 3576 certi
1774 3533 2039 3583 homineS,
2060 3544 2192 3587 quos
2212 3532 2448 3576 Senatus
2468 3534 2799 3586 designaret,
2823 3535 2880 3574 ut
2902 3542 2965 3574 ea
2989 3542 3078 3575 res

609 3602 931 3643 maturetur.
974 3600 1024 3645 E
1060 3606 1309 3657 proximo
1348 3602 1689 3647 Messanensi
1721 3604 1948 3657 Collegio
1983 3608 2233 3647 evocetur
2268 3605 2541 3648 Sociorum
2578 3605 2798 3657 aliquis,
2827 3614 2950 3646 cum
2979 3614 3081 3657 quo

608 3674 797 3713 mutua
832 3672 1109 3717 voluntate
1145 3674 1211 3718 de
1244 3678 1452 3728 negotio
1487 3678 1845 3729 transigatur.
1877 3676 2052 3720 Adfuit
2089 3674 2318 3719 Concilio
2355 3676 2702 3733 Hieronymus
2733 3676 2794 3718 de
2829 3674 3075 3728 Bononia,

606 3743 762 3796 paulo
796 3750 915 3787 ante
952 3746 1195 3789 laudatus
1230 3748 1495 3799 Antistes,
1518 3750 1661 3801 cujus
1691 3746 2071 3791 commendatio
2103 3745 2410 3801 Societatis,
2434 3760 2526 3803 pro
2560 3760 2656 3790 sua
2689 3748 2985 3801 clementia,
3025 3752 3080 3791 et

606 3814 891 3867 aequitatis
912 3817 1081 3859 studio
1104 3826 1249 3861 tanta
1272 3819 1385 3871 suit,
1406 3828 1464 3862 ut
1492 3830 1666 3863 omnes
1686 3820 1753 3863 ad
1775 3818 2100 3862 celeritatem
2121 3819 2369 3863 incitarit.
2394 3818 2490 3862 His
2510 3820 2574 3862 ad
2599 3818 2879 3871 Proregem
2903 3820 3072 3873 perla-

610 3884 693 3937 tis,
718 3884 1092 3931 Domenechius
1127 3889 1193 3933 ad
1214 3889 1269 3933 P.
1293 3890 1575 3934 Antonium
1598 3890 1846 3935 Vinkium
1866 3889 2158 3934 Messanam
2193 3890 2402 3943 scribit,
2423 3900 2480 3933 ut
2518 3891 2898 3945 praetermissis
2923 3892 3080 3934 rebus

609 3956 843 4001 omnibus
859 3990 869 4009 ,
895 3957 1185 4015 Syracusas
1214 3960 1395 4005 statim
1426 3962 1599 4006 adeat.
1635 3962 1759 4004 Exit
1791 3973 1907 4005 cum
1927 3962 2111 4006 nuncio
2143 3960 2366 4005 Vinkius
2387 3960 2461 4005 111
2483 3960 2592 4005 Cal.
2615 3960 2820 4015 junias,
2843 3962 2907 4006 ad
2931 3973 3080 4015 quem

609 4026 759 4081 diem,
784 4029 859 4072 ait
881 4028 1149 4075 Codretus:
1172 4031 1233 4075 Ρ.
1256 4032 1522 4075 Antonius
1544 4032 1846 4087 Syracusas
1868 4034 2120 4087 erigendi
2140 4033 2358 4087 collegii
2378 4044 2544 4076 causa
2567 4036 2646 4077 ire
2657 4034 2900 4088 jubetur.
2921 4033 3080 4078 Maxi·

608 4110 692 4142 ma
727 4100 917 4143 civium
950 4104 1305 4155 gratulatione
1344 4104 1617 4159 Syracusis
1650 4110 1928 4159 exceptus,
1961 4110 2016 4147 ut
2051 4104 2252 4148 audivit
2285 4105 2670 4161 Syracusanum
2694 4104 2905 4149 Clernm
2940 4105 3077 4149 serre

607 4172 865 4225 graviter,
889 4173 1232 4218 vetustissimi
1269 4174 1461 4219 Santae
1494 4176 1687 4219 Luciac
1708 4175 1910 4231 Templi
1943 4187 1999 4220 se
2033 4177 2360 4231 possessione
2398 4176 2656 4230 abdicari,
2680 4178 2905 4221 alienum
2927 4189 2958 4221 a
2990 4188 3076 4221 no·

609 4242 737 4286 stris
764 4244 989 4287 moribus
1012 4256 1123 4287 esse
1146 4251 1311 4293 ratus.
1334 4258 1449 4291 cum
1470 4247 1743 4291 offensione
1767 4248 2070 4302 quusquam
2093 4259 2152 4290 eo
2189 4248 2371 4301 pedem
2391 4248 2600 4301 inferre,
2623 4260 2721 4303 quo
2743 4259 3071 4301 vocaremur;

610 4313 717 4367 egit
738 4324 855 4357 curn
884 4312 1305 4372 Magistratibus,
1330 4326 1384 4361 ut
1406 4320 1473 4362 ab
1507 4329 1569 4361 ea
1598 4325 1769 4362 mente
1808 4319 2144 4369 desisterent:
2169 4330 2324 4373 quum
2359 4320 2668 4372 praesertim
2685 4353 2696 4373 ,
2717 4320 3074 4365 institutorum

606 4390 903 4427 nostrorum
924 4387 1059 4429 ratio
1080 4390 1393 4443 postularet,
1416 4400 1479 4432 ne
1500 4397 1651 4433 extra
1672 4390 1878 4433 moenia
1896 4389 2078 4443 procul
2098 4401 2130 4433 a
2152 4390 2350 4433 civibus
2364 4422 2374 4441 ,
2400 4390 2582 4443 quibus
2597 4390 2843 4444 juvandis
2863 4398 3075 4445 praesto

608 4464 721 4497 esse
743 4462 1036 4509 oporteret,
1060 4457 1234 4501 sedem
1255 4458 1547 4513 figeremus.

686 4524 818 4570 Tum
838 4528 1069 4573 Bononia
1089 4528 1328 4575 Pontifex
1349 4532 1527 4577 Sancti
1548 4532 1755 4587 Josephi
1772 4532 2043 4587 Templum
2064 4534 2130 4577 ad
2149 4540 2354 4577 nostros
2376 4545 2496 4579 usus
2517 4533 2829 4589 designavit;
2855 4532 3077 4577 Senatus

608 4598 813 4651 publico
848 4610 969 4643 aere
998 4602 1271 4655 contiguas
1291 4603 1445 4647 aedes
1463 4605 1674 4660 coemit,
1696 4606 1882 4659 quibus
1905 4604 1970 4648 ad
2003 4605 2338 4648 domesticam
2359 4606 2709 4661 disciplinam,
2731 4614 2782 4650 ct
2803 4613 3076 4649 consuetu·

608 4670 779 4713 dinem
808 4672 1175 4717 concinnandis
1190 4706 1201 4727 ,
1223 4684 1287 4716 ex
1307 4674 1487 4719 Vinkii
1518 4680 1775 4721 sententia
1796 4675 2091 4720 aedificatio
2113 4684 2192 4719 est
2225 4677 2492 4733 instituta,
2515 4680 2627 4722 loco
2649 4678 2841 4721 celebri
2863 4683 2914 4721 et
2945 4680 3075 4721 satis

608 4740 807 4787 idoneo.
828 4740 1047 4795 Jacebat
1078 4743 1259 4789 Sancti
1280 4746 1491 4801 Josephi
1512 4746 1780 4802 Templum
1801 4758 1960 4802 prope
1983 4748 2182 4792 moenia
2207 4747 2477 4804 Civitatis,
2501 4762 2600 4804 qua
2622 4758 2774 4805 parte
2796 4751 2846 4795 in
2867 4752 3076 4804 longum
