3742 5392
752 434 867 495 6216
1672 436 1929 543 Canon.
1971 438 2124 499 Soc.
2163 438 2304 512 Jns.

754 582 951 645 circa
980 582 1287 646 mediam
1316 594 1627 649 noctem.
1661 584 1840 649 Cum
1868 592 2130 663 autem,
2154 595 2230 648 ut
2254 585 2420 649 alibi
2441 585 2710 650 dictum
2731 594 2862 665 est,
2889 584 3042 665 eius
3071 604 3226 650 cor-

756 706 893 767 pus
940 689 1295 770 integrum
1345 699 1416 753 et
1463 692 1632 755 boni
1680 692 1925 757 odoris
1971 701 2132 771 post
2172 700 2476 773 quatuor
2515 710 2818 772 menses,
2857 693 3115 773 quibus
3151 694 3222 757 in

754 797 957 859 calce
983 795 1239 875 suerat,
1272 798 1481 862 simul
1512 814 1673 863 cum
1698 799 1998 878 integris
2019 800 2337 863 vestibus
2367 799 2737 863 inventum
2763 808 2974 879 esset,
3003 798 3222 865 Mala-

758 920 915 967 cam
951 904 1321 983 deductus,
1354 914 1424 969 et
1452 904 1711 969 ibidem
1742 906 2058 970 secundo
2088 907 2162 969 in
2191 917 2383 970 terra
2415 905 2605 971 nuda
2635 907 2906 989 aliquot
2943 924 3226 971 menses

758 1012 1101 1089 sepultus,
1134 1013 1225 1076 ab
1255 1012 1713 1077 Emmanuele
1742 1014 1830 1076 de
1858 1012 2151 1077 Tavora
2181 1012 2225 1093 ²,
2259 1031 2469 1093 quern
2499 1014 2788 1079 miserat
2833 1014 2907 1078 P.
2941 1012 3226 1094 Gaspar

762 1117 853 1179 ad
882 1126 1166 1182 nostros
1189 1118 1619 1200 japonenses
1648 1120 2082 1199 invisendOS,
2117 1130 2365 1201 aperta
2397 1124 2781 1202 sepultura,
2815 1122 3090 1200 integer
3120 1123 3221 1185 in·

762 1233 1019 1288 ventus
1048 1233 1187 1305 est;
1218 1227 1284 1290 is
1314 1236 1573 1305 autern,
1608 1228 1953 1291 suadente
1985 1227 2059 1291 Ρ.
2093 1228 2368 1311 Joanne
2399 1228 2486 1291 de
2517 1227 2738 1291 Veira
2767 1238 2837 1292 et
2867 1228 3024 1292 aliis
3053 1230 3227 1292 ami·

760 1331 887 1409 ciS,
916 1348 1177 1413 corpus
1199 1333 1361 1397 inde
1384 1333 1649 1412 eduxit;
1679 1334 1839 1397 etin
1864 1351 2110 1397 arcam
2133 1352 2174 1397 a
2199 1334 2478 1398 Didaco
2507 1336 2596 1398 de
2622 1335 2914 1400 Pereira
2941 1335 3132 1400 intus
3157 1344 3226 1399 et

758 1444 965 1500 extra
994 1448 1323 1503 ornatam
1350 1441 1737 1521 repositum
1766 1452 1898 1505 est.

886 1543 1061 1609 1382.
1151 1545 1327 1610 Cum
1358 1558 1595 1611 autem
1627 1547 1879 1612 Petrus
1909 1549 1995 1612 de
2031 1548 2396 1613 Alcazeba
2437 1566 2480 1611 a
2513 1546 3021 1629 japonensibus
3065 1566 3224 1613 cum

760 1651 1035 1733 Legato
1063 1653 1283 1734 Regis
1310 1656 1543 1735 Bungi
1571 1655 1923 1720 Malacam
1954 1656 2400 1737 pervenisset
2426 1654 2473 1735 ⁸,
2507 1656 2714 1719 simul
2745 1674 2909 1721 cum
2945 1656 3221 1721 Emma-

760 1760 965 1823 nuele
992 1760 1081 1823 de
1111 1759 1433 1840 Tavora,
1468 1779 1728 1843 corpus
1758 1763 1833 1828 P.
1866 1764 2238 1828 Francisci
2270 1765 2408 1827 hoc
2441 1781 2627 1827 anno
2664 1763 2820 1827 1554
2847 1764 2920 1827 in
2948 1763 3222 1827 Indiam

762 1866 1236 1932 adduxerunt:
1264 1870 1471 1933 navis
1488 1881 1749 1949 autem,
1770 1888 1914 1951 qua
1935 1871 2349 1949 vehebatur,
2369 1870 2440 1935 in
2465 1881 2703 1951 syrtes
2727 1888 2988 1934 arenae
3008 1871 3226 1935 semel

762 1976 1085 2055 impegit,
1120 1986 1192 2039 et
1236 1994 1399 2041 cum
1428 1994 1673 2041 omnes
1717 1980 2032 2042 animum
2072 1978 2624 2059 desponderent,
2667 1977 2822 2042 Deo
2852 1989 3088 2041 tamen
3121 1976 3224 2057 ju-

762 2091 999 2161 vante,
1028 2083 1118 2146 ab
1140 2100 1361 2147 arena
1384 2101 1461 2148 se
1484 2086 1972 2165 expedierunt,
1999 2096 2068 2149 et
2092 2102 2256 2149 cum
2286 2084 2680 2166 Ceylanum
2707 2086 3222 2165 pervenissent,

761 2188 1074 2254 secundo
1105 2190 1178 2253 in
1208 2207 1505 2255 arenam
1536 2192 2046 2273 impingenteS,
2081 2201 2152 2255 et
2179 2202 2396 2255 vento
2425 2201 2754 2255 cessante
2777 2239 2792 2269 ,
2827 2192 3118 2254 omnino
3148 2208 3224 2253 se

758 2297 1055 2376 periisse
1104 2298 1608 2362 existimabant
1628 2348 1642 2377 ,
1698 2316 1866 2363 nam
1915 2299 2339 2379 simulatque
2387 2300 2598 2362 navis
2646 2298 2720 2361 in
2773 2300 3078 2361 alterum
3129 2299 3222 2360 la-

756 2410 873 2467 tus
899 2404 1334 2484 inclinasset,
1367 2414 1605 2469 actum
1634 2404 1719 2468 de
1750 2406 2076 2470 omnibus
2104 2416 2294 2483 erat;
2325 2406 2452 2469 sed
2483 2405 2749 2485 placuit
2777 2405 3064 2469 divinae
3093 2404 3222 2468 Bo-

754 2511 962 2575 nitati
991 2520 1067 2575 ut
1095 2513 1373 2576 subitus
1401 2513 1688 2592 quidam
1720 2524 1977 2577 ventus
2007 2530 2296 2593 proram
2322 2523 2748 2592 percuteret,
2781 2520 2852 2575 et
2881 2513 2972 2576 ab
3001 2530 3219 2575 arena

754 2619 1104 2699 avulsam,
1131 2620 1383 2685 eodem
1404 2620 1675 2699 itinere,
1703 2637 1830 2699 per
1854 2620 2040 2699 quod
2065 2618 2392 2698 ingressa
2416 2630 2590 2697 erat,
2618 2620 3016 2699 repelleret;
3046 2629 3114 2683 et
3147 2628 3222 2683 ut

754 2736 1268 2805 agnosceretur
1298 2728 1435 2791 hoc
1464 2726 1749 2791 divinae
1771 2726 2272 2790 Providentiae
2295 2743 2471 2806 opus
2493 2728 3036 2806 supernaturale
3057 2726 3222 2790 fuis·

754 2851 854 2913 se,
889 2835 1314 2914 simulatque
1343 2834 1581 2898 educti
1608 2845 1770 2897 sunt
1800 2852 1892 2897 ex
1920 2834 2243 2897 arenosis
2265 2835 2464 2903 locis.
2491 2842 2780 2911 ventuS,
2813 2834 2934 2915 qui
2957 2851 3084 2896 eos
3103 2851 3223 2897 ex·

748 3114 859 3169 pati
882 3114 917 3157 il
939 3124 1095 3157 cuore
1116 3112 1167 3155 di
1189 3112 1402 3155 vederlo
1424 3112 1567 3165 quivi
1586 3110 1916 3155 abandonato
1932 3113 1985 3154 al
2007 3120 2190 3154 sereno
2207 3122 2234 3154 e
2251 3112 2302 3154 al
2319 3110 2498 3155 freddo
2515 3112 2560 3155 d·
2579 3122 2680 3155 una
2695 3111 2868 3165 rigida
2883 3118 3220 3157 tramontana

752 3187 849 3230 che
871 3188 1039 3230 allora
1060 3192 1265 3229 traeva:
1288 3186 1355 3227 e’l
1376 3184 1485 3227 fece
1505 3184 1758 3237 adaglare
1779 3184 1918 3227 nella
1937 3193 2032 3227 sua
2048 3193 2303 3237 capanna.
2324 3190 2477 3238 posta
2497 3184 2550 3227 in
2565 3194 2626 3227 su
2639 3193 2746 3227 una
2759 3183 3030 3227 collinetta
3045 3184 3222 3230 vicina

757 3261 993 3311 almare,
1015 3268 1111 3301 con
1130 3267 1280 3301 mura
1300 3257 1351 3300 di
1368 3257 1548 3311 pagna
1562 3289 1573 3308 ,
1596 3263 1730 3300 tetto
1762 3256 1813 3299 di
1846 3256 2052 3301 frasche
2072 3288 2083 3309 ,
2114 3262 2301 3310 aperta
2335 3255 2384 3299 in
2413 3255 2502 3310 piu
2523 3255 2725 3309 luoghi,
2759 3267 2786 3298 e
2823 3257 2990 3299 buona
3023 3257 3134 3299 solo
3167 3256 3220 3299 in

752 3338 949 3385 quanto
970 3330 1147 3384 ripara
1158 3340 1222 3372 va
1245 3339 1277 3373 a
1296 3330 1531 3384 peggio.„

828 3403 936 3455 Quo
958 3408 1131 3445 autem
1153 3401 1235 3444 dle
1256 3400 1305 3443 in
1326 3400 1449 3444 illud
1472 3400 1737 3454 tugurium
1757 3412 1785 3442 e
1805 3400 1930 3443 navi
1954 3398 2170 3442 eductus
2191 3400 2347 3443 fuerit
2369 3398 2630 3443 xaveritis
2649 3400 2790 3443 haud
2810 3401 3054 3445 convenit
3071 3400 3212 3443 inter

746 3480 983 3518 nostrum
1022 3474 1301 3517 Ponancuu
1338 3480 1391 3516 et
1422 3472 1665 3516 Bantou.
1694 3471 1789 3516 Ille
1830 3482 2052 3525 namque
2081 3473 2268 3526 prima
2303 3472 2392 3515 die
2425 3470 2740 3514 Decembris
2775 3470 2826 3515 id
2855 3478 3030 3516 actum
3059 3473 3218 3517 fuisse

744 3547 987 3597 affirmat,
1010 3552 1053 3588 t.
1078 3556 1132 3591 ιι,
1152 3556 1271 3599 pag.
1292 3545 1387 3595 783,
1408 3558 1453 3587 n.
1476 3544 1571 3597 7633
1592 3544 1675 3588 hic
1693 3551 1870 3588 autem
1888 3544 2156 3596 vigesima
2169 3544 2358 3598 prima
2376 3542 2714 3596 Novembris
2730 3544 2841 3587 loco
2859 3555 3024 3598 nuper
3044 3544 3212 3589 citato

746 3624 1043 3663 asseverat.
1077 3618 1213 3661 Vide
1248 3618 1409 3661 etiam
1430 3617 1705 3671 epistolam
1735 3616 1790 3659 P.
1820 3614 2118 3659 Melchioris
2139 3615 2351 3669 Nugnez
2383 3615 2434 3659 in
2467 3615 2693 3659 Diversi
2720 3616 2867 3659 avi-si
2889 3616 3222 3671 particoIan‘

742 3692 877 3735 dau·
896 3690 1056 3733 Indt’e
1074 3690 1135 3732 dt·
1154 3690 1475 3743 Portogallo,
1494 3690 1727 3733 ricevun'
1744 3688 1878 3731 dau'
1898 3700 2042 3732 anno
2061 3688 2342 3744 1551,fino
2362 3688 2419 3731 al
2437 3686 2596 3739 1558,
2617 3688 2705 3731 fol.
2731 3688 2821 3732 1⁶2.

828 3764 845 3795 ¹
907 3762 1213 3807 Emmanuel
1234 3763 1296 3806 de
1318 3762 1529 3806 Tam-ora
1550 3774 1679 3805 unus
1694 3768 1811 3805 erat
1833 3774 1860 3803 e
1883 3762 2078 3805 duobus
2099 3761 2278 3815 sociis,
2302 3772 2428 3814 quoa
2460 3772 2632 3803 secum
2667 3760 2872 3805 ferebat
2907 3758 2965 3803 Ρ.
2989 3760 3217 3813 joanne·

746 3838 810 3881 de
832 3834 1003 3887 Beira,
1024 3836 1087 3879 de
1112 3846 1213 3888 quo
1249 3835 1379 3878 haec
1416 3834 1724 3882 Οιιιηιοικι.
1748 3832 1841 3887 Op.
1864 3836 1978 3884 cit..
1997 3844 2047 3887 p.
2067 3844 2084 3877 1
2103 3866 2114 3882 .
2135 3832 2222 3876 lib.
2245 3843 2340 3877 xm
2355 3864 2366 3886 ,
2387 3843 2437 3875 n.
2455 3831 2536 3875 86:
2557 3832 2754 3877 “idibus
2787 3832 3014 3886 Aug-usti
3053 3833 3220 3885 [anno

748 3908 871 3961 1553]
894 3908 1038 3952 venit
1060 3906 1317 3951 Malacam
1332 3916 1449 3951 cum
1468 3906 1723 3949 Molucum
1740 3911 2004 3961 repeteret
2024 3904 2053 3957 J
2057 3914 2252 3949 oannes
2271 3904 2443 3959 Beira,
2461 3904 2548 3959 qui
2567 3905 2675 3948 auis
2692 3910 2750 3949 ut
2765 3905 2931 3948 oculis
2947 3915 3078 3959 quae
3095 3916 3220 3949 con-

744 3980 911 4024 stanti
935 3980 1075 4023 fama
1096 3980 1157 4022 de
1180 3978 1395 4022 xaverii
1421 3978 1653 4031 corporis
1674 3978 1981 4033 integritate
2003 3984 2326 4032 cognoverat
2341 4010 2352 4031 ,
2373 3979 2675 4031 exploraret
2693 4009 2705 4031 ,
2727 3977 3040 4031 intempesta
3061 3982 3218 4020 nocte

742 4064 863 4097 cum
884 4050 1050 4096 Sociis
1068 4052 1268 4105 rapide,
1290 4057 1343 4094 et
1365 4060 1519 4105 quam
1539 4050 1886 4095 occultissime
1909 4050 2156 4104 templum
2176 4050 2308 4103 petit
2327 4081 2340 4102 ,
2361 4054 2414 4092 et
2433 4057 2620 4102 aperto
2639 4048 2968 4103 sarcophago
2988 4082 2999 4101 ,
3030 4059 3220 4103 corpus

746 4130 914 4169 totum
933 4134 1145 4180 prorsus
1166 4124 1427 4177 integrum
1447 4130 1501 4167 et
1522 4123 1759 4166 illaesum
1780 4127 1832 4165 et
1852 4132 1918 4165 ea
1934 4154 1945 4176 ,
1969 4132 2100 4176 quae
2118 4120 2390 4165 serebatur
2409 4152 2420 4169 .
2444 4121 2618 4165 odoris
2637 4121 2904 4165 suavitate
2923 4152 2935 4172 ,
2959 4132 3092 4165 nono
3107 4121 3218 4175 jam

738 4202 863 4253 pont
885 4198 1081 4241 obitum
1100 4207 1277 4240 menae
1296 4196 1512 4249 reperit.
1528 4228 1553 4247 „
1572 4194 1641 4238 Et
1677 4196 1835 4249 paulo
1855 4193 2096 4239 inferius:
2119 4196 2143 4217 ·
2159 4193 2217 4237 In
2239 4204 2356 4237 eam
2377 4196 2476 4248 [nc.
2501 4204 2692 4237 novam
2724 4194 2934 4245 arcam]
2957 4194 3218 4236 translato

745 4281 962 4325 corpore
982 4302 994 4323 ,
1015 4276 1069 4313 et
1089 4269 1157 4313 ad
1189 4274 1393 4322 tempus
1422 4278 1583 4321 usque
1614 4267 1968 4321 navigationis
1998 4266 2203 4310 Indicae
2232 4266 2375 4310 socio
2409 4266 2747 4309 Emmanuele
2770 4264 2979 4308 Tavora
3013 4264 3217 4313 relicto.

744 4342 903 4386 Beira
922 4342 1031 4396 lpse
1052 4352 1201 4385 suum
1220 4346 1524 4395 prosecutus
1544 4348 1625 4381 est
1646 4338 1791 4391 iter...
1821 4338 2067 4381 Nonnihil
2097 4340 2163 4381 ab
2185 4338 2284 4381 hac
2303 4338 2608 4382 narratione
2628 4337 2798 4380 differt
2815 4370 2826 4390 ,
2850 4347 3004 4391 quam
3028 4337 3088 4379 de
3119 4336 3214 4378 hoc

742 4416 855 4468 ipso
874 4419 1067 4459 eventu
1088 4412 1247 4457 habet
1270 4412 1511 4465 Buram,
1534 4418 1591 4455 ut
1612 4411 1789 4454 videre
1812 4416 1893 4454 est
1914 4410 1966 4453 in
1989 4409 2084 4464 Op.
2107 4412 2212 4457 cit..
2231 4410 2320 4454 lib.
2341 4420 2396 4464 11,
2416 4420 2534 4464 cap.
2555 4410 2625 4453 25.

830 4486 849 4517 ⁸
902 4484 1003 4529 Hic
1024 4492 1105 4529 est
1120 4485 1321 4530 scilicet
1344 4484 1407 4529 de
1428 4494 1529 4538 quo
1550 4483 1681 4527 haec
1698 4482 1883 4526 scribit
1899 4482 1958 4525 P.
1971 4481 2221 4527 Melchior
2243 4482 2296 4525 in
2317 4483 2474 4535 epist.
2495 4482 2608 4525 cie„-
2627 4482 2708 4526 “et
2721 4482 2830 4525 cosi
2853 4482 2904 4524 lo
2917 4488 3210 4537 poi-tornoa

744 4558 858 4602 Goa
878 4559 969 4613 lui,
990 4564 1043 4603 et
1062 4569 1131 4602 un
1150 4558 1289 4601 altro
1308 4562 1487 4601 nostro
1510 4555 1599 4609 [sc.
1622 4554 1810 4598 Petrus
1829 4554 1894 4597 de
1915 4554 2202 4607 Alcaceva]
2223 4586 2234 4608 ,
2255 4554 2294 4599 il
2313 4554 2467 4608 quale
2498 4554 2723 4605 quindici
2745 4553 2795 4597 di
2819 4554 3004 4599 avanti
3025 4555 3076 4597 la
3099 4563 3219 4607 par·

748 4632 847 4675 tita
870 4640 965 4675 era
983 4635 1177 4674 venuto
1194 4630 1263 4673 da
1282 4628 1489 4682 Glapan
1502 4659 1513 4681 ,
1536 4628 1784 4671 mandato
1812 4626 1899 4671 dal
1919 4626 2090 4671 Padre
2113 4624 2298 4669 Cosmo
2319 4626 2369 4670 di
2399 4624 2620 4679 Ἔστι-ει,
2641 4636 2736 4680 per
2753 4626 3056 4670 infor-marci
3077 4626 3220 4669 della

746 4712 885 4756 gran
904 4702 1237 4747 conueraione
1256 4706 1309 4744 et
1328 4706 1484 4755 porta
1504 4700 1646 4743 della
1661 4699 2012 4751 christianita,
2033 4698 2130 4741 che
2149 4698 2188 4742 s·
2208 4708 2336 4753 apre
2353 4698 2404 4742 in
2425 4697 2675 4753 mapula...
2695 4700 2790 4743 loc.
2813 4698 2930 4749 cit..
2951 4698 3038 4741 501.
3059 4697 3156 4741 263.
