3742 5392
668 468 782 529 228
1593 465 1847 529 Canon.
1889 466 2042 527 Soc,
2083 466 2226 541 Jsss.

675 624 745 679 et
797 632 959 678 cum
1001 614 1516 695 blasphemiae,
1564 612 1876 694 perjuria
1915 622 1986 675 et
2023 612 2245 675 verba
2283 612 2682 676 indecentia
2721 630 2846 693 per
2890 614 3135 677 urbem

672 722 868 803 prius
888 738 1273 802 personare
1302 722 1512 786 solita
1541 730 1808 800 essent,
1842 721 1914 783 in
1939 720 2094 801 pias
2114 720 2712 800 interrogationes
2735 738 2822 783 ac
2845 738 3139 801 respon-

676 828 911 893 siones
940 829 1156 892 etiam
1186 828 1257 892 in
1293 828 1593 909 publicis
1631 828 1807 891 locis
1850 844 2202 891 conversa
2243 828 2364 890 illa
2404 825 2718 905 fuerunt,
2753 836 2822 889 et
2853 828 3132 891 demum

673 937 745 1000 in
766 936 1081 1001 moribus
1115 936 1318 999 bonis
1362 946 1508 999 tam
1537 924 1739 1015 pueri
1761 952 1977 1016 quam
1997 934 2422 1015 grandiores
2451 951 2787 1016 magnam
2809 936 3134 999 mutatio·

672 1060 832 1107 nem
862 1044 934 1106 in
962 1043 1212 1106 melius
1241 1041 1589 1121 fecerunt,
1623 1032 1693 1105 et
1731 1042 2034 1122 populus
2057 1041 2478 1105 beneficium
2504 1042 2864 1121 singulare
2893 1060 2936 1105 a
2966 1041 3134 1106 Car·

673 1150 905 1214 dinale
942 1168 1020 1213 se
1060 1149 1421 1231 accepisse
1470 1149 1942 1228 agnoscebat;
1995 1158 2064 1212 et
2093 1152 2270 1211 satis
2320 1148 2520 1211 multi
2567 1167 2657 1211 ex
2707 1148 3134 1229 primoribus

672 1257 969 1337 singulis
994 1256 1353 1321 mensibus
1392 1255 1912 1320 confitebantur
1935 1271 1950 1334 ;
1977 1265 2227 1320 etcum
2250 1256 2552 1319 ecclesia
2575 1256 2898 1319 absoluta
2921 1266 3128 1333 esset,

670 1363 895 1444 major
926 1382 1319 1428 concursus
1343 1365 1438 1428 ad
1470 1363 1604 1427 Dei
1635 1364 1932 1427 verbum
1961 1373 2030 1427 et
2060 1362 2522 1429 Sacramenta
2553 1365 2992 1445 sperabatur.

788 1471 929 1535 512.
1018 1471 1396 1535 Comitissa
1427 1471 1738 1535 Bibonae
1768 1471 1970 1534 initio
2004 1469 2212 1550 hujus
2243 1470 2411 1534 anni
2439 1473 2737 1551 urgebat
2767 1471 2841 1534 P.
2884 1471 3130 1536 Hiero-

670 1596 964 1659 nymum
995 1588 1071 1641 ut
1094 1577 1440 1642 Bibonam
1464 1579 1597 1643 iret
1621 1588 1782 1657 post
1805 1576 2105 1655 Pascha,
2134 1589 2210 1642 ut
2231 1579 2690 1641 constitueret
2713 1578 2799 1641 de
2823 1580 2979 1641 loco
3005 1580 3131 1642 eri-

670 1686 884 1767 gendi
914 1685 1215 1765 collegii,
1261 1682 1447 1765 quod
1489 1703 1531 1747 a
1570 1682 2048 1748 fundamentis
2080 1684 2234 1765 ipsa
2274 1685 2551 1764 erigere
2581 1684 3030 1761 decreverat;
3063 1700 3134 1748 et

672 1801 1052 1871 antequam
1080 1808 1165 1853 ea
1197 1792 1447 1854 domus
1478 1791 1999 1869 absolveretur,
2033 1792 2373 1855 exercitia
2404 1792 2687 1871 collegii
2711 1792 2848 1855 alio
2874 1792 2945 1855 in
2975 1793 3139 1857 loco

671 1900 913 1963 statim
940 1898 1260 1962 inchoari
1282 1898 1634 1978 cupiebat;
1658 1896 2036 1961 formulam
2057 1898 2273 1961 etiam
2294 1898 2367 1961 in
2391 1897 2790 1978 huJ'usmodi
2814 1899 3142 1979 collegiis

672 2006 1082 2083 tenendam,
1116 2005 1306 2086 quod
1336 2006 1583 2067 attinet
1614 2004 1705 2067 ad
1734 2002 2133 2067 aedificium
2154 2052 2169 2083 ‚
2203 2005 2465 2068 habere
2493 2003 2568 2068 P.
2596 2005 3067 2070 Provincialis
3089 2026 3132 2068 a

670 2112 744 2176 P.
784 2113 1060 2193 Ignatio
1093 2112 1381 2192 optabat
1416 2112 1455 2186 ¹3
1499 2130 1666 2175 nam
1704 2112 2084 2176 Comitissa
2121 2129 2264 2175 non
2293 2113 2522 2175 solum
2550 2112 2685 2176 hoc
2729 2113 3127 2193 collegium,

672 2218 797 2283 sed
812 2228 880 2282 et
896 2221 1198 2282 alterum
1214 2218 1790 2295 Calatabellotae,
1812 2218 2000 2299 quod
2017 2218 2217 2282 dives
2241 2220 2577 2298 oppidum
2599 2229 2706 2283 est
2727 2230 2795 2283 et
2819 2220 3133 2300 ejusdem

676 2327 1086 2404 comitatuS,
1131 2326 1496 2390 instituere
1548 2326 1942 2405 cogitabat,
2001 2344 2162 2389 cum
2209 2327 2543 2407 oppidani
2591 2340 2844 2407 sponte
2893 2345 3024 2391 sua
3063 2339 3131 2391 et

673 2436 905 2518 locum
934 2434 1382 2511 obtulissent,
1410 2444 1479 2497 et
1508 2444 1791 2497 centum
1832 2433 2347 2514 quinquaginta
2387 2434 2688 2499 ducatos
2726 2436 2941 2498 annui
2973 2454 3132 2499 cen-

672 2559 793 2605 sus
821 2542 1163 2621 perpetui.
1199 2540 1359 2604 Fuit
1389 2550 1627 2605 autem
1658 2558 1701 2603 a
1723 2541 1800 2604 P.
1830 2540 2270 2621 Hieronymo
2296 2542 2494 2605 locus
2517 2544 2780 2605 electus
2803 2593 2815 2620 ‚
2845 2544 2964 2623 qui
2987 2546 3130 2623 pul-

674 2648 844 2711 cher
875 2660 943 2711 et
975 2648 1279 2711 salubris
1317 2647 1697 2711 admodum
1734 2648 2140 2728 videbatur,
2186 2648 2306 2711 ubi
2345 2658 2414 2712 et
2456 2650 2705 2713 hortus
2742 2660 2896 2713 erat
2934 2666 3138 2730 pera-

672 2771 998 2827 moenuS‚
1033 2771 1193 2817 cum
1216 2753 1650 2818 abundantia
1680 2771 2048 2835 aquarum.
2077 2754 2470 2819 Paraverat
2499 2765 2732 2819 autem
2755 2756 3132 2820 Comitissa

672 2862 931 2925 bonam
961 2860 1421 2940 pecuniarum
1460 2877 1811 2924 summam
1842 2860 1932 2924 ad
1974 2878 2152 2942 opus
2191 2862 2666 2925 inchoandum
2699 2862 3031 2942 Bibonae,
3063 2876 3134 2926 et

674 2970 945 3049 aliquos
997 2968 1233 3031 statim
1278 2967 1488 3044 mitti,
1532 2966 1650 3048 qui
1698 2967 1769 3030 in
1796 2967 2010 3031 rebus
2043 2969 2526 3049 spiritualibus
2554 2972 2890 3049 populum
2927 2969 3132 3050 juva-

673 3084 865 3153 rent,
899 3074 1246 3155 cupiebat.

787 3181 929 3245 513.
1020 3181 1389 3261 Vigesima
1418 3182 1647 3261 prima
1690 3181 1803 3244 die
1844 3180 2036 3262 Maji,
2087 3200 2249 3245 cum
2295 3195 2685 3265 occupatus
2737 3197 2926 3249 esset
2963 3185 3128 3249 alibi

671 3289 743 3354 P.
772 3288 1263 3361 Provincialis,
1298 3288 1659 3369 profectus
1684 3299 1793 3350 est
1822 3288 2182 3351 Panormo
2207 3288 2553 3353 Bibonam
2574 3290 2650 3353 P.
2684 3291 2968 3367 PauluS,
3000 3291 3129 3355 Re-

672 3406 855 3475 ctor,
890 3414 1049 3459 cum
1073 3394 1147 3459 P.
1182 3394 1529 3458 Michaele
1558 3394 1829 3457 Botello
1851 3443 1865 3471 ,
1900 3404 1978 3457 ut
2007 3395 2312 3474 primum
2335 3397 2640 3476 lapidem
2663 3398 2733 3459 in
2765 3415 2951 3461 novo
2980 3397 3133 3461 Col·

671 3503 854 3583 legio
880 3502 1288 3565 solemniter
1312 3510 1655 3581 ponerent
1679 3500 1725 3577 ²,
1755 3498 1954 3580 cujus
1977 3499 2436 3565 fundamenta
2461 3502 2607 3582 jam
2627 3516 2870 3584 aperta
2903 3515 3131 3569 erant:

666 3619 735 3672 et
767 3610 1058 3689 praevia
1090 3608 1373 3689 publica
1406 3607 1895 3687 processione,
1941 3617 2010 3671 et
2049 3608 2293 3671 habita
2332 3610 2424 3672 ad
2463 3610 2824 3675 civitatem
2855 3612 3130 3676 concio-

666 3734 786 3795 ne,
821 3733 1003 3797 quae
1034 3715 1431 3779 institutum
1475 3713 1856 3779 Societatis
1889 3716 2310 3795 explicaret,
2347 3716 2616 3795 primus
2651 3720 2832 3797 lapis
2864 3718 3132 3799 praedi·

670 3832 823 3886 ctus
852 3823 1122 3902 positus
1148 3831 1276 3899 est,
1304 3840 1465 3885 cum
1492 3821 1667 3905 Jam,
1696 3822 1881 3885 sicut
1905 3823 2232 3902 superius
2255 3822 2562 3887 diximus
2583 3822 2627 3903 ⁸,
2653 3824 2790 3887 hoc
2816 3834 3132 3905 tempore

665 3930 1042 3993 comitatus
1074 3928 1188 3993 ille
1218 3930 1289 3991 in
1320 3928 1662 3993 ducatum
1690 3940 2083 4010 promotuS,
2118 3948 2208 3993 ex
2249 3930 2627 4011 privilegio
2652 3931 3131 4013 Imperatoris,

661 4048 871 4099 esset.
906 4036 1161 4099 Postea
1202 4034 1278 4099 Ρ.
1332 4036 1842 4117 Hieronymus,
1897 4036 2401 4117 ProvincialiS,
2443 4038 2712 4102 Bibona
2753 4040 3138 4117 transienS,

662 4142 1071 4206 inchoatum
1103 4143 1381 4221 collegii
1412 4143 1816 4206 aedificium
1848 4143 2026 4208 vidit
2057 4154 2126 4207 et
2151 4144 2435 4207 hortum
2459 4145 2812 4225 lustravit,
2847 4156 2916 4209 et
2946 4148 3132 4211 vide-

750 4349 762 4379 ¹
818 4346 1048 4400 “Quanto
1071 4349 1121 4391 al
1144 4346 1374 4402 Collegio
1395 4348 1446 4392 dl
1466 4348 1679 4397 Bibona,
1699 4350 1783 4404 qui
1802 4350 1847 4393 si
1885 4356 2096 4404 aspetta
2127 4351 2163 4393 il
2185 4351 2397 4405 disegno
2413 4350 2508 4395 che
2530 4352 2596 4396 V.
2619 4351 2678 4395 R.
2701 4359 2957 4407 promette
2993 4364 3132 4398 man-

662 4420 787 4463 dare
818 4420 982 4473 peria
1014 4419 1181 4473 prima
1204 4427 1255 4463 et
1276 4419 1481 4465 althora
1501 4420 1543 4464 si
1566 4421 1681 4464 dira
1704 4422 1875 4475 quello
1897 4432 2053 4476 sopra
2077 4422 2156 4466 cio
2177 4424 2498 4477 oecon-erm„
2519 4422 2661 4468 Patri
2681 4422 2802 4467 Hiex
2813 4436 2997 4481 onymo
3033 4425 3138 4470 Do·

664 4490 908 4541 menech,
930 4491 1043 4534 sine
1060 4491 1161 4543 die,
1184 4491 1272 4535 sed
1292 4491 1347 4535 27
1364 4498 1456 4535 aut
1476 4492 1531 4535 28
1554 4492 1753 4547 Aprilis
1775 4492 1896 4536 1554.

741 4564 763 4595 ¹
819 4562 981 4607 Probe
1010 4563 1139 4607 haec
1162 4562 1479 4618 distinguere
1500 4570 1705 4619 oportet
1725 4565 1792 4607 ab
1826 4564 1889 4608 ils
1907 4596 1919 4617 ,
1941 4576 2072 4620 quae
2101 4576 2275 4620 supra,
2298 4578 2418 4621 pag.
2434 4566 2531 4617 225.
2551 4579 2598 4611 n.
2615 4566 2710 4621 50⁴,
2734 4567 2874 4611 dicta
2893 4574 3012 4612 sunt
3028 4578 3040 4619 ;
3059 4568 3138 4612 ibi

660 4635 796 4679 enim
816 4635 877 4679 de
900 4634 1066 4689 primo
1087 4634 1258 4689 lapide
1282 4635 1540 4679 ccclesiae
1560 4646 1651 4679 seu
1676 4636 1874 4691 templi,
1896 4637 1978 4681 hic
1999 4637 2062 4681 de
2085 4637 2310 4693 collegit,
2331 4639 2524 4692 agitur.

746 4706 768 4737 ³
826 4706 951 4761 Pag.
965 4706 1061 4759 212,
1084 4718 1133 4750 n.
1154 4706 1255 4750 471.
