3742 5392
709 501 784 560 62
1626 498 1881 560 Cimon.
1923 499 2074 559 Soc.
2116 501 2257 574 με.

712 648 788 711 Ρ.
839 647 1194 728 ignatium
1230 647 1582 712 consuluit
1629 646 1894 712 Rector
1930 647 2231 728 Collegii
2266 647 2751 713 Ferrariensis
2794 665 2886 711 an
2928 649 3177 713 liceret

712 772 843 836 per
879 757 1184 835 aliquem
1226 772 1317 820 ex
1359 754 1700 819 fratribus
1743 754 2274 836 coadjutoribus
2314 773 2577 837 pueros
2620 756 3010 836 castigare,
3062 756 3173 819 vel

714 865 964 926 saltem
995 880 1088 926 an
1117 863 1306 927 domi
1337 877 1676 926 externus
1703 863 1958 944 aliquis
1987 862 2211 926 teneri
2240 872 2509 944 posset,
2542 863 2665 943 qui
2704 863 2839 927 hoc
2881 880 3176 928 munere

711 968 1159 1049 fungeretur:
1192 970 1316 1034 sed
1345 971 1421 1032 P.
1455 971 1774 1050 Ignatius
1803 969 2169 1070 responldit
2190 1019 2205 1049 ‚
2238 979 2532 1033 eatenus
2571 987 2987 1033 concessum
3029 985 3182 1034 non

715 1095 906 1152 esse,
940 1085 1019 1140 ut
1047 1077 1270 1140 nostri
1299 1077 1707 1157 corrigendi
1733 1094 1949 1141 manu
1972 1095 2103 1142 sua
2126 1077 2507 1158 discipulos
2528 1075 2939 1140 facultatem
2964 1078 3170 1140 habe-

715 1193 904 1263 rent;
937 1183 1060 1247 sed
1091 1201 1222 1247 nec
1251 1194 1623 1248 externum
1651 1185 1957 1264 aliquem
1986 1185 2177 1249 domi
2207 1193 2496 1249 nostrae
2524 1185 2617 1248 ad
2648 1185 2718 1248 id
2754 1185 2979 1248 teneri
3015 1201 3171 1264 per-

715 1292 1028 1370 misisse;
1063 1309 1148 1354 ac
1174 1291 1472 1372 proinde
1499 1301 1575 1355 ut
1615 1291 2051 1372 castigarent
2091 1309 2353 1373 pueros
2390 1301 2600 1372 prout
2637 1291 2869 1355 minus
2911 1291 3171 1355 incom-

716 1398 925 1462 mode
955 1397 1106 1486 fieri
1134 1407 1373 1479 posset
1415 1399 1455 1461 ¹.
1490 1397 1814 1462 Perrexit
1839 1401 2080 1480 itaque
2119 1397 2195 1462 P.
2242 1397 2657 1462 Pelletarius
2698 1415 2825 1480 per
2866 1398 3181 1478 aliquem

717 1505 1178 1569 maturiorem
1207 1523 1293 1568 ac
1321 1507 1844 1586 provectiorem
1871 1524 1962 1570 ex
1986 1504 2347 1587 discipulis
2368 1506 2546 1569 alios
2570 1506 2819 1586 punire
2840 1523 2971 1569 nec
2992 1506 3179 1568 ullas

723 1613 1132 1676 inimicitias
1159 1629 1252 1676 ex
1279 1630 1363 1676 eo
1391 1613 1596 1676 nasci
1621 1623 1956 1694 expertus
1985 1622 2128 1693 est,
2160 1613 2343 1676 sicut
2371 1612 2538 1677 alibi
2560 1613 3100 1692 experiebamur
3122 1615 3171 1674 ⁸.

839 1718 972 1782 111.
1061 1718 1527 1784 Consuluerat
1557 1719 1744 1784 idem
1786 1719 1862 1782 P.
1913 1719 2333 1784 Pelletarius
2371 1737 2465 1784 an
2502 1720 2749 1784 liceret
2791 1737 3051 1800 pueros
3094 1720 3167 1782 in

711 1826 1068 1890 scribendi
1092 1828 1370 1906 ratione
1399 1827 1802 1906 instituere,
1831 1827 1998 1908 quia
2026 1827 2345 1891 nonnulli
2374 1843 2417 1890 a
2446 1827 2711 1894 scholis
2732 1827 2953 1906 ipsius
2974 1843 3169 1890 rece-

713 1931 976 1997 debant
1003 1943 1080 1997 ut
1109 1933 1275 1997 alibi
1304 1934 1615 1997 scribere
1653 1934 2041 2014 discerent;
2084 1932 2157 1996 id
2200 1943 2437 1997 autem
2479 1933 2799 2016 permisit
2843 1930 2918 1995 P.
2963 1931 3171 2012 Igna-

712 2040 852 2103 tius
882 2041 1070 2122 quod
1098 2040 1366 2105 Romae
1393 2041 1628 2104 fiebat.
1660 2040 1737 2105 Id
1767 2052 2007 2130 autem
2028 2050 2182 2104 erat
2211 2050 2286 2104 ut
2307 2041 2429 2122 qui
2445 2039 2595 2122 jam
2618 2039 2909 2104 admissi
2933 2048 3171 2104 essent

713 2146 804 2210 ad
833 2147 1147 2228 scholas,
1179 2148 1491 2212 scribere
1520 2149 1772 2213 melius
1800 2149 2260 2229 docerentur;
2293 2147 2418 2212 sed
2448 2149 2521 2212 in
2560 2157 2923 2227 posterum
2966 2164 3169 2226 prae-

711 2253 998 2334 scripsit
1025 2271 1115 2317 ne
1143 2253 1241 2317 illi
1285 2254 1823 2320 admitterentur
1845 2304 1860 2334 ,
1908 2256 2029 2336 qui
2070 2257 2323 2318 saltem
2368 2255 2821 2319 mediocriter
2858 2254 3171 2317 scribere

711 2361 1069 2424 nescirent
1096 2359 1143 2421 ³.

842 2466 977 2531 112.
1062 2468 1370 2532 Mediam
1419 2469 1671 2533 horam
1711 2469 1929 2533 etiam
1976 2469 2258 2533 italicae
2306 2470 2593 2550 linguae
2640 2477 3173 2549 praeceptoreS,

710 2575 830 2655 qui
859 2575 1010 2639 itali
1039 2593 1181 2639 non
1210 2586 1479 2656 esseut,
1511 2576 1682 2640 dare
1708 2577 2072 2659 praecepit
2101 2586 2178 2640 ut
2207 2593 2337 2640 suo
2386 2593 2675 2642 munere
2726 2575 2973 2638 melius
3014 2575 3173 2638 fun-

763 2690 1046 2745 erentur
1076 2678 1121 2742 ⁴.

708 2698 761 2796 g
835 2788 968 2852 113.
1055 2788 1234 2854 Cum
1261 2807 1492 2853 novus
1517 2790 1854 2854 sacerdos
1883 2789 2172 2853 effectus
2202 2798 2387 2853 esset
2426 2789 2501 2852 P.
2534 2789 2943 2854 Ludovicus
2981 2792 3166 2853 colo-

708 2895 974 2958 niensis
1017 2893 1060 2976 ⁸,
1109 2905 1178 2959 et
1214 2895 1364 2977 J'am
1405 2905 1552 2960 tres
1600 2894 1625 2926 ‘⁵
1673 2897 1985 2977 quotidie
2036 2896 2294 2960 Missae
2336 2896 2767 2960 sacrificium
2812 2897 3177 2960 celebrare·

791 3174 810 3205 ¹
866 3175 1097 3228 “Quanto
1118 3176 1171 3219 al
1192 3176 1273 3220 far
1292 3177 1556 3231 castigare
1577 3177 1649 3231 gn
1671 3177 1808 3232 puttl
1829 3187 1923 3230 per
1940 3177 2011 3230 gli
2036 3177 2156 3220 laici
2177 3176 2315 3220 della
2335 3175 2654 3230 eompagnia
2674 3175 2865 3220 Nostro
2894 3175 3063 3220 Padi-e
3082 3181 3169 3219 sta

704 3246 788 3289 nel
808 3257 899 3289 suo
918 3258 1104 3301 parere
1125 3248 1220 3290 che
1243 3251 1396 3291 niuno
1416 3249 1554 3291 della
1576 3247 1894 3303 compagum
1914 3249 2063 3292 batta
2083 3247 2133 3291 di
2152 3259 2249 3291 sua
2268 3258 2421 3292 mano
2440 3249 2641 3291 scolare
2662 3249 2861 3294 alcano:
2878 3252 2932 3291 et
2963 3254 3159 3301 quanto

707 3319 760 3361 al
781 3323 958 3362 tenere
977 3325 1236 3364 correttor
1257 3321 1338 3364 nel
1359 3319 1589 3374 collegio
1609 3320 1854 3375 dandogli
1874 3326 2056 3364 stanna
2074 3351 2085 3374 ,
2106 3327 2206 3364 etc.
2222 3351 2235 3373 ,
2256 3319 2449 3364 Nostro
2468 3319 2639 3362 Padi-e
2672 3319 2819 3362 insin·
2850 3318 3033 3363 adesso
3062 3328 3173 3362 noa

705 3389 739 3432 l’
755 3389 823 3433 ha
843 3401 1105 3444 permesso
1127 3393 1201 3435 tal
1221 3403 1359 3446 cosa;
1381 3392 1551 3435 sicche
1579 3390 1639 3434 V.
1663 3391 1720 3434 R.
1742 3391 1860 3435 fara
1880 3402 2023 3434 come
2044 3393 2231 3444 meglio
2254 3393 2449 3445 potra.„
2472 3391 2739 3442 Polaticus,
2765 3400 2831 3433 ex
2848 3400 2997 3443 com„
3019 3389 3167 3434 Patri

703 3459 888 3514 Joannl
912 3461 1209 3516 Pelletario,
1228 3463 1284 3506 ³0
1302 3462 1438 3515 Junli
1461 3461 1774 3506 ima-vide
1795 3473 1972 3517 supra,
1994 3470 2031 3507 t.
2054 3473 2129 3516 ιιι,
2152 3473 2271 3517 pag.
2298 3461 2399 3515 166,
2423 3473 2471 3505 n.
2492 3461 2592 3506 341.

788 3533 811 3564 2
864 3531 999 3578 Vide
1021 3545 1192 3589 supra,
1217 3541 1254 3578 t.
1276 3545 1350 3588 m,
1373 3545 1496 3590 pag.
1521 3535 1610 3588 147,
1635 3545 1683 3578 n.
1703 3535 1808 3578 297.

679 3647 690 3660 ,
787 3607 811 3638 ³
865 3604 1047 3651 “Circa
1069 3608 1099 3649 1·
1118 3607 1378 3660 impartire
1397 3617 1429 3650 a
1448 3607 1674 3650 scribere
1696 3606 1786 3650 alli
1811 3608 1943 3658 putti
1964 3606 2000 3649 11
2026 3605 2076 3649 P.
2094 3603 2215 3649 Mro.
2232 3605 2507 3657 Glovanni.
2524 3604 2590 3648 V.
2614 3605 2673 3648 R.
2691 3607 2847 3659 glielo
2867 3609 3022 3660 potra
3043 3618 3161 3662 per·

706 3682 927 3721 mettere
949 3689 1042 3721 con
1061 3678 1133 3732 gli
1154 3679 1243 3732 gia
1262 3679 1500 3732 ricevutl,
1521 3689 1665 3722 come
1685 3680 1771 3733 qul
1791 3679 1834 3722 si
1857 3678 1911 3721 fa
1930 3679 2013 3721 nel
2034 3675 2265 3731 eoueglo
2286 3683 2488 3730 nostro,
2518 3687 2571 3720 et
2598 3688 2691 3730 per
2712 3677 2745 3720 1·
2768 3679 2983 3722 avenlre
3006 3690 3161 3723 aver-

706 3749 812 3793 tii-a
829 3748 882 3792 di
903 3761 1004 3793 non
1022 3749 1254 3793 ricevere
1275 3751 1408 3805 puttl
1430 3751 1524 3794 che
1559 3761 1658 3794 non
1677 3751 1929 3804 sappino
1950 3750 2379 3793 mediocremente
2399 3749 2633 3792 scrivere
2654 3779 2677 3802 ,.,
2702 3750 2952 3794 Polancus
2975 3750 3169 3803 joanni·

709 3819 1008 3872 Pelletario,
1027 3820 1082 3864 30
1100 3820 1235 3873 Junii
1273 3821 1602 3866 155l.—Vicle
1637 3833 1810 3876 supra,
1846 3827 1883 3864 t.
1905 3831 1979 3875 m,
2001 3832 2125 3876 pag.
2150 3821 2239 3867 166.
2260 3833 2313 3863 n.
2340 3821 2437 3863 342.

787 3892 810 3924 ⁴
865 3891 956 3936 “Di
992 3892 1104 3936 fare
1144 3895 1454 3937 essercitare
1499 3894 1572 3948 gli
1610 3893 1806 3936 fratelli
1845 3893 1982 3936 nella
2021 3893 2198 3946 lingua
2232 3893 2468 3945 italiana,
2510 3893 2594 3946 qui
2634 3903 2760 3946 pare
2800 3894 2961 3944 bene.
2996 3893 3178 3938 sicche

704 3961 771 4005 V.
793 3961 854 4006 R.
874 3964 948 4018 gli
971 3967 1121 4018 potra
1140 3965 1381 4008 ordinare
1401 3965 1494 4007 che
1516 3971 1742 4008 mettano
1763 3965 1950 4007 alcuna
1970 3975 2143 4007 mezza
2162 3964 2293 4007 hora
2312 3965 2365 4008 nl
2386 3964 2566 4017 giorno
2597 3975 2628 4008 a
2650 3966 2725 4008 tal
2746 3965 3022 4010 esserclzlo
3038 3999 3050 4018 .
3072 3977 3158 4010 ac-

705 4035 786 4078 cio
805 4037 990 4090 meglio
1013 4047 1230 4090 possano
1251 4039 1528 4090 aggiutare
1547 4035 1584 4079 ss
1605 4036 1857 4091 pressino
1878 4037 1963 4079 nel
1982 4034 2170 4091 Signor
2188 4035 2379 4080 Nostro
2400 4067 2425 4089 „
2446 4035 2719 4088 Polaticus.
2736 4047 2804 4080 ex
2834 4047 2997 4088 com„
3016 4037 3169 4082 Patri·

703 4104 889 4159 Joanni
913 4105 1210 4158 Pelletario.
1231 4108 1286 4150 30
1305 4107 1442 4160 Jumi
1466 4107 1585 4151 155⁴.

785 4177 810 4211 ⁸
863 4178 1080 4232 Quidam
1100 4180 1236 4225 alius
1255 4179 1385 4234 Mgr.
1408 4179 1718 4224 Franclscus
1739 4180 1804 4232 (is
1824 4189 1937 4222 esse
1968 4178 2177 4222 videtur
2210 4177 2516 4222 Franciscus
2549 4177 2750 4232 Scipio)
2777 4185 2991 4233 praeter
3025 4180 3167 4222 huuc

703 4249 1025 4295 Ludovicum
1046 4251 1402 4295 coloniensem
1422 4251 1488 4294 ad
1508 4251 1854 4295 sacerdotium
1870 4251 2249 4305 promovendus
2269 4251 2367 4294 fuit
2380 4251 2477 4295 hoc
2496 4261 2627 4295 anno
2644 4250 2939 4296 Ferrarine.
2956 4250 3059 4294 “De
3082 4251 3173 4295 far

702 4322 960 4366 sacerdoti
981 4321 1132 4366 Mtro.
1155 4322 1436 4368 Francisco
1455 4329 1507 4367 et
1527 4322 1678 4367 Mtro.
1700 4323 1979 4370 Ludovlco.
2000 4322 2046 4367 N
2050 4330 2148 4367 tro.
2170 4323 2335 4366 Padre
2356 4327 2383 4367 e
2406 4330 2646 4367 contento
2667 4335 2761 4367 con
2782 4324 2879 4367 due
2912 4323 3163 4367 conditio-

701 4395 770 4437 ni:
791 4404 893 4438 una
913 4397 940 4437 e
959 4395 1055 4437 che
1077 4396 1186 4437 loro
1204 4395 1252 4438 n·
1273 4395 1497 4438 habbino
1518 4394 1973 4448 devotione321trn
2002 4395 2099 4438 che
2132 4407 2165 4438 a
2186 4393 2251 4439 V.
2276 4394 2336 4438 R.
2372 4396 2495 4450 pain
2530 4398 2653 4438 sara
2688 4398 2781 4438 ben
2818 4397 3074 4438 collocata
3109 4396 3166 4439 ln

701 4467 814 4509 loro
837 4467 887 4510 la
909 4465 1106 4518 dignita
1126 4464 1468 4509 sacerdotale.
1491 4465 1704 4518 Quando
1726 4472 1909 4520 questo
1929 4469 2053 4510 sara
2073 4468 2197 4518 cosi.
2222 4467 2410 4510 Nostro
2432 4467 2599 4511 Padoe
2616 4469 2659 4510 si
2676 4473 2965 4519 contenta...
2982 4463 3165 4510 Palan-

703 4547 810 4588 cus,
835 4547 901 4579 ex
919 4547 1071 4588 com„
1091 4537 1236 4581 Patri
1255 4535 1439 4590 joanni
1463 4537 1758 4591 Pelletario,
1785 4537 1834 4582 13
1851 4535 2089 4590 januarii
2112 4539 2403 4582 lffiss--OEe
2434 4539 2660 4593 primitie
2692 4538 2772 4582 del
2810 4538 2863 4582 P.
2896 4537 3170 4582 Ludovico

699 4609 848 4653 siano
868 4615 1130 4653 accettate
1151 4608 1294 4652 dalla
1316 4608 1508 4653 Divina
1529 4607 1742 4660 Maesta.
1765 4621 1797 4654 a
1819 4610 1903 4654 clii
1925 4611 2125 4664 piaccia
2156 4609 2289 4654 farlo
2320 4621 2475 4654 servo
2502 4609 2649 4653 fidele
2680 4617 2732 4652 et
2756 4610 2993 4654 ministro
3022 4619 3167 4664 suom

701 4679 842 4724 Idem
865 4681 1046 4735 eidem,
1067 4681 1121 4724 25
1139 4681 1363 4735 Augusti
1386 4679 1509 4724 1564.

783 4751 807 4784 ⁶
861 4753 994 4797 Vide
1015 4764 1189 4810 supra.
1207 4763 1328 4808 pag.
1350 4751 1420 4804 ⁶0.
1441 4765 1491 4798 n.
1514 4753 1616 4809 103,
1638 4760 1813 4798 annot.
1833 4753 1877 4798 3.
