3742 5392
763 483 878 544 568
1679 483 1935 547 Cimon.
1976 484 2132 546 Soc.
2170 485 2315 560 Jsss.

765 631 984 694 etiam
1011 632 1274 695 multos
1301 632 1560 696 horum
1596 639 2027 710 conspectus
2061 647 2207 695 non
2246 629 2629 694 mediocris
2671 629 3231 692 commiseratio-

768 738 882 800 nis
911 755 1134 800 causa
1162 739 1318 803 suit.

891 843 1069 908 1220.
1155 845 1554 910 Collocavit
1583 856 1822 910 autem
1848 845 1929 909 P.
1959 845 2275 928 Joannes
2298 844 2599 925 Nugnez
2626 842 2979 924 quasdam
3008 859 3099 905 ex
3125 841 3229 906 eis

765 953 1018 1032 puellis
1047 953 1120 1016 in
1149 953 1636 1029 matrimonio;
1673 954 1853 1016 alias
1883 953 1975 1017 ab
2004 971 2091 1016 eo
2120 953 2609 1033 postulabant,
2654 967 2835 1030 quas
2874 950 3048 1013 dare
3084 966 3229 1012 non

765 1059 1018 1139 potuit,
1042 1060 1274 1124 donec
1295 1060 1520 1125 frater
1539 1070 1785 1125 noster
1805 1060 2133 1141 Ignatius
2151 1058 2494 1140 Bogadus
2519 1057 2829 1122 Tituano
2852 1055 3229 1120 duodecim

760 1168 882 1230 vel
909 1167 1256 1231 tredecim
1285 1169 1468 1232 alias
1495 1167 1588 1232 ad
1617 1185 1694 1232 se
1733 1169 2047 1232 mitteret
2061 1217 2077 1248 ,
2123 1168 2208 1232 de
2246 1167 2503 1249 quibus
2552 1167 2621 1230 ei
2666 1164 2955 1246 scripsit
2972 1213 2987 1242 ,
3042 1172 3229 1244 post-

765 1289 982 1354 quam
1009 1274 1082 1337 in
1110 1273 1556 1339 Lusitaniam
1584 1276 1783 1338 venit
1803 1324 1818 1355 ‚
1851 1275 1947 1339 ad
1970 1275 2161 1356 quod
2198 1275 2388 1339 mille
2425 1273 2577 1338 fere
2612 1281 2685 1336 et
2722 1271 3070 1336 ducentos
3110 1287 3229 1334 au·

765 1397 929 1444 reos
975 1398 1104 1462 per
1155 1382 1432 1445 litteras
1483 1382 1576 1446 ad
1623 1399 1788 1446 eum
1837 1382 2335 1445 transmiserat
2353 1431 2369 1460 ,
2410 1390 2481 1444 et
2517 1382 2895 1461 plusquam
2929 1378 3119 1442 mille
3158 1385 3229 1440 et

763 1488 1068 1569 amplius
1095 1491 1312 1569 paulo
1344 1500 1510 1554 ante
1537 1488 1795 1553 missos
1814 1538 1829 1569 ‚
1878 1498 1951 1553 et
1992 1490 2207 1553 aliam
2250 1505 2605 1552 summam
2642 1484 2987 1566 majorem
3027 1485 3231 1548 brevi

764 1596 1113 1660 missurus
1161 1606 1318 1660 erat
1332 1647 1346 1674 ,
1402 1614 1566 1661 cum
1612 1598 2113 1678 eleemosynae
2162 1612 2471 1676 magnae
2520 1595 2615 1659 ad
2668 1593 3229 1675 redemptionem

765 1703 1216 1783 captivorum
1243 1722 1330 1768 ea
1361 1705 1434 1768 in
1461 1705 1636 1767 urbe
1667 1704 1802 1786 ipsi
1823 1702 2275 1768 offerrentur.
2300 1701 2573 1767 Nobilis
2594 1701 2943 1784 quaedam
2978 1700 3231 1764 mulier

763 1809 856 1873 ad
885 1810 1022 1874 hoc
1049 1811 1246 1892 pium
1267 1828 1446 1892 opus
1467 1811 1610 1874 duo
1633 1811 1853 1875 millia
1882 1809 2307 1875 ducatorum
2334 1809 2691 1891 promisit,
2724 1825 2907 1891 quae
2936 1824 3069 1888 pro
3097 1824 3227 1870 suo

763 1917 1062 1982 arbitrio
1091 1919 1164 1981 in
1192 1917 1629 1983 redimendis
1654 1919 1967 1999 captivis
1992 1916 2475 1999 dispensaret;
2506 1915 2634 1980 sed
2662 1914 3095 1996 significavit
3126 1913 3231 1978 illi

761 2023 842 2088 P.
872 2024 1185 2107 Joannes
1213 2025 1512 2105 Nugnez
1540 2042 1619 2088 se
1645 2026 2027 2106 pecuniam
2054 2041 2197 2088 non
2239 2033 2701 2105 accepturum
2748 2022 2877 2087 sed
2924 2022 3223 2097 litteras,

759 2132 1018 2212 quibus
1045 2149 1132 2196 ea
1158 2134 1507 2214 pecuniae
1535 2150 1814 2197 summa
1843 2133 1917 2195 in
1958 2132 2253 2196 civitate
2301 2131 2525 2195 Ceuta
2544 2179 2561 2209 ,
2614 2147 2799 2211 quae
2846 2129 2979 2192 sub
3026 2127 3225 2207 Rege

759 2237 1245 2319 portugalliae
1281 2239 1344 2304 T
1343 2241 1588 2305 ituano
1627 2240 1868 2304 vicina
1911 2250 2043 2319 est,
2096 2247 2665 2320 recuperaretur,
2708 2237 3114 2316 missurum,
3154 2244 3226 2299 et

757 2346 987 2425 fratri,
1021 2364 1234 2428 quem
1277 2347 1567 2412 Tituani
1613 2348 2019 2427 reliquerat,
2072 2347 2507 2427 scripturum
2556 2354 2635 2408 ut
2686 2344 3017 2425 captivos
3061 2342 3225 2407 inde

757 2453 1072 2518 mitteret
1094 2452 1303 2534 juxta
1332 2454 1714 2520 formulam
1740 2454 2169 2535 redemptoS,
2202 2471 2421 2535 quam
2446 2453 2601 2534 ipse
2624 2452 3021 2532 scripturus
3042 2458 3221 2529 erat;

757 2571 831 2624 et
859 2561 958 2625 ita
989 2578 1152 2625 cum
1181 2561 1302 2625 illa
1333 2561 1627 2625 muliere
1665 2561 2023 2624 convenit.
2072 2559 2219 2623 Alii
2267 2560 2483 2624 etiam
2532 2559 2713 2623 alias
2760 2557 3225 2640 pecuniarum

759 2685 1075 2732 summas
1097 2667 1512 2744 offerebant,
1539 2670 1629 2733 ad
1653 2685 1831 2749 quas
1853 2667 2391 2732 conservandas
2412 2685 2503 2730 ex
2522 2667 2968 2748 praescripto
2998 2664 3071 2730 P.
3097 2664 3223 2728 Mi-

756 2776 957 2840 ronis
983 2786 1132 2840 tres
1160 2776 1575 2856 depositarii
1625 2775 1832 2840 electi
1877 2775 2185 2852 fuerunt,
2237 2775 2359 2856 qui
2406 2774 2627 2838 etiam
2674 2782 3223 2855 procuratorum

755 2881 984 2948 officio
1013 2884 1106 2947 ad
1135 2883 1430 2962 negotia
1457 2883 1911 2963 captivorum
1933 2882 2423 2962 fungerentur,
2450 2890 2521 2944 et
2540 2880 2921 2962 pecuniam
2942 2880 3017 2944 in
3036 2878 3222 2944 Afri·

753 3005 918 3052 cam
944 3006 1072 3069 per
1102 2989 1376 3052 litteras
1405 2989 1993 3053 transmitterent.
2026 2987 2235 3068 Quod
2264 2998 2503 3052 autem
2532 2987 2785 3051 attinet
2822 2987 2915 3051 ad
2952 2987 3224 3068 praeci·

754 3112 976 3177 puum
1002 3097 1175 3160 illud
1201 3097 1592 3176 negotium,
1625 3097 1718 3160 ad
1749 3095 1939 3177 quod
1967 3104 2291 3176 venerat,
2323 3095 2791 3159 ducentorum
2814 3094 3085 3158 scilicet
3106 3109 3221 3157 ca-

751 3203 1136 3284 ptivorum,
1169 3203 1421 3284 paucis
1451 3203 1699 3267 diebus
1749 3219 2100 3267 summam
2148 3203 2409 3284 viginti
2454 3201 2750 3266 millium
2800 3201 3221 3264 ducatorum

755 3311 1060 3390 curavit,
1094 3305 1164 3373 e‘t
1191 3327 1321 3391 per
1349 3311 1626 3374 litteras
1651 3310 2006 3391 Hispalim
2053 3310 2336 3374 mittere
2386 3326 2736 3373 summam
2786 3309 2983 3372 illam
3030 3308 3221 3372 vole·

751 3417 909 3493 bat;
947 3417 1073 3481 sed
1103 3417 1369 3481 destitit
1398 3417 1488 3480 ab
1517 3435 1604 3482 ea
1634 3418 1979 3481 mittenda
2027 3425 2406 3498 propterea
2454 3417 2645 3498 quod
2672 3414 2831 3480 Rex
2879 3415 3217 3496 Argeliae

750 3525 1056 3606 pretium
1087 3525 1288 3588 auxit
1316 3532 1385 3588 et
1413 3527 1742 3606 captivos
1770 3540 2016 3589 secum
2046 3524 2362 3604 abduxit,
2394 3534 2463 3588 et
2503 3523 2843 3587 tredecim
2888 3532 3013 3586 aut
3048 3539 3217 3603 qua·

752 3631 1148 3696 tuordecim
1175 3632 1396 3695 millia
1424 3632 1848 3696 ducatorum
1886 3640 2170 3713 praeter
2206 3649 2316 3711 ea,
2363 3648 2545 3712 quae
2568 3629 2715 3711 iam
2762 3641 3019 3694 curata
3067 3629 3214 3693 fue·

749 3749 938 3818 rant,
973 3741 1220 3821 quaeri
1248 3740 1643 3821 oportebat.

879 3846 1054 3911 1221.
1140 3848 1303 3912 Fuit
1327 3858 1565 3913 autem
1591 3847 1744 3929 ejus
1772 3847 2045 3910 reditus
2073 3847 2147 3910 in
2177 3847 2501 3912 Africam
2522 3847 2901 3928 impeditus
2924 3854 3212 3928 propter

747 3955 1156 4020 missionem
1186 3955 1258 4018 in
1285 3955 1766 4036 Aethiopiam,
1798 3955 1887 4018 de
1918 3971 2059 4037 qua
2088 3956 2300 4035 paulo
2322 3954 2616 4018 inferius
2638 3964 2924 4035 agetur;
2952 3962 3023 4017 et
3049 3970 3213 4017 cum

749 4062 826 4126 P.
861 4062 1094 4126 Miron
1121 4063 1594 4127 Provincialis
1623 4062 1758 4143 ipsi
1787 4061 2209 4143 injunxisset
2238 4070 2313 4125 ut
2363 4061 2437 4125 in
2484 4060 2927 4140 Portugallia
2975 4076 3211 4124 mane·

743 4182 880 4250 ret,
915 4181 1062 4234 tam
1091 4169 1566 4251 Olyssiponae
1595 4187 1810 4251 quam
1845 4171 1921 4234 in
1958 4170 2119 4234 aliis
2157 4168 2481 4249 collegiis
2508 4168 2823 4232 omnium
2864 4169 3213 4233 virtutum

743 4280 1112 4359 exemplar
1141 4278 1421 4357 insigne
1451 4295 1537 4340 ac
1567 4276 2011 4342 obedientiae
2040 4293 2117 4340 se
2147 4276 2503 4357 praebuit:
2536 4275 2782 4339 didicit
2820 4278 3062 4339 statim
3104 4293 3211 4339 re-

741 4387 976 4464 gulaS,
1030 4396 1100 4449 et
1150 4385 1480 4465 quamvis
1529 4384 1836 4465 negotiis
1873 4383 2242 4464 religionis
2274 4381 2291 4414 ¹
2324 4382 2675 4446 distentus
2700 4391 2889 4446 esset
2916 4399 3210 4463 magno-

741 4509 935 4572 pere,
967 4509 1056 4555 ne
1085 4492 1160 4555 in
1189 4492 1479 4554 minima
1507 4491 1791 4573 quidem
1821 4509 1898 4555 re
1930 4491 2039 4554 sui
2068 4489 2430 4555 dissimilis
2473 4487 2885 4568 videbatur;
2932 4498 3003 4553 et
3039 4505 3209 4570 quo·

825 4735 843 4766 ¹
901 4732 1012 4786 Sic3
1034 4734 1244 4786 rectius,
1267 4740 1324 4778 ut
1353 4734 1585 4787 videtur,
1613 4734 2024 4790 redemptionis.
