3742 5392
755 487 868 546 436
1035 488 1042 498 “
1679 484 1913 547 Canon
1977 484 2132 545 Soc.
2175 484 2314 558 Jas.

755 634 952 715 gium
991 631 1379 696 Consilium
1414 632 1823 709 visitabat),
1875 630 1948 695 in
1988 631 2332 711 optimam
2368 640 2649 711 partem
2688 642 3120 711 acceperunt
3162 645 3235 697 et

757 756 920 803 cum
951 754 1212 817 magna
1244 738 1736 803 aedificatione
1766 738 1957 819 quod
1984 756 2027 801 a
2048 737 2317 803 nostris
2340 738 2477 803 hoc
2502 737 2809 803 officium
2828 756 2977 807 non
3000 740 3092 804 sit
3117 740 3231 804 ad·

755 846 1056 910 missum
1089 844 1133 905 ¹.

873 952 1017 1016 937.
1104 951 1312 1033 Quod
1343 950 1596 1015 attinet
1627 952 1718 1015 ad
1747 950 2387 1032 praedicationem.
2419 952 2919 1017 nominaverat
2948 955 3232 1035 quidem

753 1060 909 1127 Rex
936 1060 1015 1124 P.
1049 1060 1290 1125 Araoz
1319 1059 1502 1123 inter
1534 1058 2106 1137 concionatoreS,
2133 1075 2311 1140 quos
2333 1068 2489 1123 erat
2513 1059 2906 1135 auditurus;
2939 1062 3069 1127 sed
3093 1062 3231 1128 hac

749 1168 1342 1250 quadragesima,
1377 1175 1453 1230 ut
1483 1165 1810 1246 superius
1838 1166 2236 1260 tetigimuS,
2270 1166 2722 1248 Complutum
2758 1177 2829 1231 et
2857 1169 3230 1234 Vallisole-

749 1288 906 1341 tum
936 1276 1039 1340 ire
1068 1273 1144 1339 P.
1179 1274 1421 1339 Araoz
1453 1272 1718 1352 debuit,
1752 1282 1822 1337 et
1852 1272 2013 1337 ideo
2054 1274 2127 1338 in
2168 1274 2368 1337 curia
2410 1275 2876 1339 concionatus
2920 1294 3065 1341 non
3096 1289 3226 1357 est;

749 1394 823 1449 et
863 1383 1162 1447 libenter
1201 1400 1286 1447 eo
1333 1392 1524 1465 temp
1542 1400 1667 1447 ore
1713 1381 1803 1445 ab
1842 1381 1979 1444 hoc
2017 1381 2492 1445 concionandi
2532 1398 2828 1464 munere
2866 1384 3225 1465 abstinuit,

747 1508 914 1555 cum
943 1492 1184 1568 multa,
1219 1506 1402 1571 quae
1435 1489 1526 1553 ad
1549 1490 1812 1553 bonum
1841 1487 2247 1551 universale
2278 1488 2484 1567 regni
2504 1489 2956 1569 pertinebant
2983 1501 3055 1556 et
3078 1491 3229 1573 eJus

750 1598 1368 1679 gubernationem,
1397 1597 1605 1661 aliter
1633 1614 1711 1659 se
1742 1595 2110 1673 haberent,
2144 1611 2361 1677 quam
2393 1595 2721 1659 homines
2762 1598 3101 1679 expedire
3123 1596 3228 1679 ju-

745 1706 1101 1781 dicarent3
1151 1714 1221 1769 et
1265 1714 1517 1769 contra
1560 1703 1966 1784 huJ‘usmodi
2004 1702 2327 1767 defectus
2370 1720 2413 1765 a
2452 1702 2529 1767 P.
2574 1703 2815 1768 Araoz
2866 1706 3086 1771 multa
3130 1708 3227 1771 di-

747 1812 974 1878 cenda
1003 1828 1160 1877 esse
1189 1812 1686 1893 expectabant,
1720 1828 1906 1892 quae
1936 1810 2179 1875 utilius
2206 1810 2297 1873 ab
2342 1828 2427 1873 eo
2458 1812 2683 1875 taceri
2723 1819 2791 1875 et
2832 1812 2991 1876 aliis
3020 1815 3226 1879 relin-

747 1922 868 2001 qui
897 1927 1233 2002 poterant
1262 1917 1307 1981 ².

869 2026 1013 2091 938.
1099 2024 1522 2089 Vallisoleto
1578 2040 1916 2105 egressus
1980 2032 2089 2087 est
2144 2040 2236 2087 ex
2304 2026 2747 2105 praescripto
2805 2025 2881 2090 P.
2944 2026 3226 2093 Natalis

747 2136 823 2199 P.
858 2135 1098 2199 Araoz
1131 2143 1208 2198 ut
1238 2132 1584 2197 Zamorae
1615 2131 1704 2195 D.
1738 2130 1875 2195 Rui
1905 2130 2177 2195 Gomez
2210 2133 2691 2214 alloqueretur
2722 2134 2808 2198 de
2839 2136 3053 2199 rebus
3079 2136 3225 2216 qui-

743 2240 1044 2305 busdam
1073 2258 1216 2305 non
1247 2240 1489 2319 exigui
1511 2239 1874 2317 momenti;
1902 2237 2027 2302 sed
2052 2254 2215 2303 cum
2241 2240 2313 2301 in
2338 2240 2595 2319 oppido
2618 2239 2847 2305 Albae
2872 2238 2896 2271 ³
2916 2258 3223 2307 commo-

741 2348 905 2413 dius
944 2365 1020 2412 se
1064 2364 1274 2429 posse
1312 2347 1604 2427 negotia
1651 2347 1832 2411 haec
1876 2346 2283 2425 transigere
2330 2356 2653 2428 speraret
2705 2347 2945 2427 (distat
2988 2360 3223 2415 autem

743 2456 930 2519 Alba
981 2465 1291 2536 quatuor
1340 2454 1562 2517 leucis
1612 2451 2076 2531 Salmantica)
2129 2470 2215 2516 eo
2268 2470 2345 2517 se
2395 2452 2721 2518 conferre
2760 2456 3113 2535 decrevit,
3156 2469 3223 2522 et

742 2563 1114 2644 praemisit
1143 2560 1221 2625 P.
1257 2562 1883 2625 Bartholomaeum
1913 2559 1970 2623 F
1974 2549 2332 2625 ernande‘z
2363 2560 2678 2625 Alvarez
2707 2559 2753 2641 ⁴,
2786 2572 2884 2642 ut,
2918 2580 3081 2629 cum
3104 2581 3219 2645 op-

739 2678 1122 2750 portunum
1141 2678 1350 2747 esset,
1382 2666 1821 2732 Salmantica
1854 2667 2088 2747 ipsum
2124 2676 2485 2731 evocaret.
2524 2668 2951 2735 Consolatus
2982 2680 3089 2735 est
3122 2672 3220 2735 in·

741 2778 951 2841 terim
1000 2793 1144 2840 non
1183 2775 1635 2840 mediocriter
1686 2773 2096 2853 collegiales
2140 2783 2427 2838 nostros
2466 2773 3104 2857 Salmanticenses,
3152 2790 3220 2843 et

739 2884 1223 2965 spiritualibus
1274 2882 1646 2963 colloquiis
1694 2881 2067 2959 instruxit,
2114 2890 2183 2943 et
2220 2880 2295 2945 in
2333 2882 2759 2963 quibusdam
2808 2885 3218 2952 monialium

737 2990 1190 3055 monasteriis
1221 3006 1383 3054 cum
1416 2988 1904 3054 satisfactione
1948 3004 2213 3067 magna
2242 2988 2441 3052 urbis
2471 2991 2940 3055 concionatus
2970 2998 3124 3071 est,
3147 3000 3218 3055 et

733 3100 799 3163 si
847 3099 1196 3179 potuisset
1223 3096 1490 3160 ibidem
1530 3096 1866 3174 haerere,
1904 3112 2213 3175 magnus
2257 3097 2499 3177 utique
2526 3096 2802 3162 fructus
2833 3115 3217 3180 consequu-

733 3216 940 3270 turus
969 3206 1041 3269 in
1073 3224 1156 3269 ea
1189 3205 1481 3269 civitate
1510 3202 1931 3283 videbatur;
1965 3202 2092 3266 sed
2130 3220 2277 3267 non
2328 3202 2401 3265 id
2438 3203 2729 3283 licebat,
2764 3222 2962 3285 cum,
3008 3205 3217 3270 adve-

733 3314 968 3378 niente
996 3312 1272 3395 Joanna
1301 3310 1655 3389 Principe,
1690 3309 2096 3374 Vallisoleti
2126 3327 2217 3373 ex
2248 3311 2696 3390 praescripto
2731 3310 2808 3373 Ρ.
2841 3311 3214 3377 Francisci

730 3436 892 3485 esse
921 3419 1234 3484 deberet.

814 3734 830 3765 ί
889 3733 1044 3777 “Bien
1064 3742 1252 3787 parece
1275 3734 1308 3774 a
1337 3730 1563 3775 Nuestro
1601 3730 1765 3774 Padi-e
1787 3740 1886 3785 que
1910 3731 2051 3773 evite
2074 3730 2139 3773 V.
2162 3730 2223 3773 R.
2254 3732 2407 3784 aquei
2441 3742 2600 3784 cargo
2624 3732 2685 3773 de
2718 3732 2880 3775 mirar
2900 3742 3044 3775 como
3066 3734 3135 3775 va
3164 3732 3210 3774 ei

726 3806 989 3860 καθίει-κιο.
1009 3815 1203 3860 porque
1225 3814 1428 3858 aunque
1451 3803 1592 3846 seria
1613 3803 1712 3846 utu
1732 3812 1826 3856 por
1847 3813 1955 3845 una
1981 3809 2153 3856 parte.
2170 3813 2232 3845 en
2256 3810 2396 3846 estos
2420 3804 2705 3857 principios
2725 3806 2757 3847 a
2777 3802 2927 3857 quien
2968 3805 3103 3848 tiene
3136 3807 3210 3848 tal

725 3888 906 3932 cargo.
930 3887 992 3921 no
1025 3887 1213 3931 parece
1245 3886 1338 3919 son
1370 3876 1423 3919 al
1454 3874 1720 3929 proposito
1752 3882 2023 3929 asumptos
2043 3875 2247 3919 odiosos
2284 3878 2316 3919 a
2350 3876 2485 3919 tales
2512 3885 2805 3929 personas...
2836 3874 3113 3929 Polancus.
3145 3888 3211 3920 ex

727 3960 879 4000 com„
899 3949 1046 3993 Patri
1069 3948 1298 3992 Antonio
1318 3948 1382 3990 de
1405 3948 1580 3991 Araoz
1597 3980 1608 3997 .
1633 3946 1688 3990 23
1703 3946 1838 3999 Junii
1865 3948 1991 3991 1554.

804 4021 828 4052 ¹
881 4020 1206 4065 subobscure
1239 4018 1371 4063 satis
1404 4020 1532 4063 haec
1564 4019 1706 4062 dicta
1735 4026 1852 4061 sunt
1886 4030 1978 4062 nec
2008 4020 2129 4073 quid
2164 4020 2292 4063 lucis
2327 4030 2511 4063 eruere
2534 4020 2771 4062 valemus
2791 4031 2853 4062 ex
2885 4019 3077 4065 litteris
3112 4020 3209 4064 hoe

723 4102 956 4147 tempore
979 4094 1044 4137 ab
1070 4093 1244 4137 Araoz
1264 4092 1484 4146 aliisque
1510 4090 1758 4135 Patribus
1789 4102 1854 4134 ex
1895 4090 2151 4145 Hispania
2175 4090 2241 4135 ad
2273 4091 2536 4145 Ignatium
2560 4092 2699 4135 datis
2728 4098 2780 4133 et
2810 4102 2875 4134 ex
2906 4090 3099 4145 Ignatii
3132 4103 3210 4135 re.

719 4164 939 4219 sponsis.
963 4163 1214 4219 Reperire
1236 4163 1442 4218 quidem
1463 4169 1544 4207 est
1565 4163 1700 4217 apud
1723 4164 2010 4217 scriptores
2044 4164 2272 4208 nonnihil
2294 4166 2627 4218 querelarum
2648 4170 2845 4209 motum
2866 4174 2977 4208 esse
3012 4174 3045 4208 a
3080 4164 3211 4209 viris

715 4236 1024 4291 quandoque
1058 4236 1390 4291 gravissimis
1425 4234 1868 4288 sanctissimisque
1906 4234 2165 4279 adversus
2200 4234 2456 4289 quaedam
2491 4234 2559 4278 ad
2596 4235 2745 4290 regni
2779 4234 3209 4289 gubernationem

715 4308 1027 4363 spectantia.
1074 4306 1173 4351 Sed
1203 4314 1356 4352 caute
1399 4306 1604 4360 legendi
1641 4306 1955 4360 praesertim
1990 4308 2175 4359 exteri,
2212 4306 2397 4361 quique
2433 4318 2499 4351 ex
2536 4307 2860 4351 nostratibus
2898 4309 2966 4352 ab
3008 4309 3207 4352 exteris

715 4380 922 4425 edoceri
943 4388 1123 4425 amant
1144 4380 1266 4434 quid
1287 4379 1350 4423 de
1371 4380 1526 4422 rebus
1551 4377 1834 4431 Hispaniae
1853 4378 1925 4423 sit
1952 4379 2245 4423 tenendum.

800 4452 823 4485 8
1076 4463 1103 4493 e
1126 4451 1167 4493 T
1285 4463 1312 4493 e
1354 4482 1367 4495 .

795 4526 820 4558 ⁴
873 4452 1108 4567 fflztludm
1141 4462 1293 4577 ἰιῗιξιῗε
1313 4462 1706 4567 ἓατῑὴοιοιιιειεί
1731 4521 2035 4567 Fernandez
2062 4524 2293 4567 Alvarez
2324 4523 2517 4567 mentio
2548 4523 2597 4567 in
2622 4522 2717 4567 hoc
2742 4521 2994 4565 chronico
3026 4518 3205 4567 incidit

713 4607 807 4641 nec
828 4597 880 4639 in
902 4596 1042 4639 illius
1065 4594 1312 4649 temporis
1333 4593 1702 4645 monumentis;
1725 4604 1889 4647 quare
1908 4594 2233 4648 suspicamur
2253 4595 2515 4648 permixta
2537 4595 2622 4639 hic
2652 4594 2863 4638 nomina
2888 4604 3002 4637 esse
3026 4592 3205 4639 Patris

709 4666 1100 4712 Bartholomaei
1125 4664 1460 4717 Hernandez.
1485 4664 1913 4709 Salmanticensis
1942 4664 2163 4720 collegii
2196 4665 2459 4715 Rectoris.
2481 4674 2533 4709 et
2558 4666 2733 4710 Patris
2762 4664 3077 4709 Ferdinandi
3108 4666 3203 4709 Al·

709 4749 897 4793 varez,
922 4739 984 4783 de
1006 4748 1106 4792 quo
1125 4738 1232 4791 jam
1255 4737 1464 4791 saepius
1487 4737 1536 4779 in
1559 4736 1654 4779 hoc
1681 4736 1933 4781 Chronico
1955 4744 2151 4781 actum.
