3742 5392
709 441 822 500 498
1630 440 1889 501 Canos.
1926 441 2081 502 Soc.
2122 442 2265 516 st.

703 597 936 666 ratus;
969 589 1084 652 ille
1119 606 1288 652 vero
1319 590 1617 652 extorsit
1645 605 1690 650 a
1717 588 1955 668 seipso
1982 599 2055 652 et
2086 607 2131 652 a
2160 606 2302 671 quo
2328 591 2572 654 nescio
2600 593 2745 655 alio
2772 593 3069 656 doctore
3098 607 3173 656 ut

705 698 883 761 liber
923 714 970 760 a
997 695 1186 760 votis
1222 695 1356 759 sibi
1393 696 1778 760 videretur.
1810 694 2153 759 Decrevit
2192 705 2565 776 praeterea
2594 698 2871 778 publice
2901 701 3181 765 confes-

699 804 940 869 siones
965 805 1214 868 audire
1241 814 1314 866 et
1343 803 1740 883 spiritualia
1767 803 2111 866 exercitia
2140 803 2425 868 tradere
2446 853 2461 882 ,
2496 814 2569 867 et
2596 823 2641 867 a
2670 805 2947 871 Nuncio
2976 807 3070 872 ad
3100 811 3171 872 id

707 911 1120 976 facultatem
1147 911 1656 991 impetraturus
1682 910 2133 974 credebatur.

827 1017 1006 1082 1052.
1091 1017 1234 1082 Sed
1261 1017 1632 1098 praevenit
1669 1034 1836 1081 eum
1869 1033 2125 1081 manus
2162 1016 2486 1094 Domini;
2531 1037 2703 1084 nam
2738 1022 3171 1104 simulatque

703 1127 896 1207 apud
921 1145 1001 1189 se
1027 1126 1167 1189 hoc
1189 1125 1576 1204 constituit,
1607 1124 1897 1192 morbus
1919 1142 2083 1190 eum
2102 1127 2601 1206 gravissimuS,
2628 1129 2825 1192 nulla
2847 1131 2965 1192 vel
2987 1129 3169 1194 febri

705 1235 822 1298 vel
851 1233 994 1297 alia
1019 1249 1244 1297 causa
1269 1231 1740 1313 praecedente
1757 1281 1772 1308 ,
1804 1232 2071 1295 invasit
2088 1281 2103 1312 ,
2136 1242 2207 1296 et
2248 1251 2413 1296 cum
2442 1251 2705 1315 magno
2747 1236 2993 1300 dolore
3020 1237 3165 1302 affi-

699 1350 1005 1419 ceretur,
1039 1349 1452 1420 turgescere
1481 1340 1617 1403 sibi
1639 1350 1853 1420 atque
1884 1349 2281 1404 tumescere
2311 1341 2709 1408 videbatur:
2738 1344 2996 1410 medici
3024 1346 3171 1427 qui-

703 1449 864 1514 dem
891 1450 1162 1512 nullam
1191 1448 1410 1511 aliam
1438 1447 1909 1527 aegritudinis
1939 1463 2235 1510 causam
2252 1497 2267 1527 ,
2300 1465 2484 1529 quae
2505 1466 2671 1513 eum
2712 1451 2867 1513 dies
2894 1460 3169 1516 noctes-

699 1573 838 1639 que
887 1556 1240 1636 agitabat,
1306 1556 1775 1636 reperiebant.
1838 1554 1981 1619 Sed
2028 1573 2118 1618 ne
2168 1556 2285 1618 hic
2335 1557 2621 1636 quidem
2680 1559 2971 1622 morbus
3024 1558 3175 1638 ejus

695 1665 1014 1728 animum
1061 1663 1438 1742 emollivit,
1484 1663 1702 1726 immo
1744 1680 1910 1726 cum
1931 1661 2084 1742 jam
2118 1679 2343 1743 prope
2382 1675 2571 1728 esset
2621 1675 2699 1728 ut
2746 1666 2820 1729 in
2860 1667 3174 1731 xenodo-

695 1771 934 1835 chium
969 1771 1360 1834 curationis
1387 1771 1625 1850 gratia
1655 1769 2073 1849 deferretur,
2108 1771 2444 1834 convenit
2472 1788 2635 1834 eum
2686 1771 2988 1852 Collegii
3042 1772 3175 1837 Re-

697 1890 888 1957 ctor,
929 1878 1356 1959 rogavitque
1385 1877 1744 1941 hominem
1766 1887 1844 1940 ut
1880 1877 1955 1940 111
1995 1875 2389 1957 Collegium
2426 1889 2753 1944 nostrum
2788 1880 3017 1944 morbi
3048 1897 3166 1944 cu-

703 1987 910 2050 randi
935 1986 1170 2065 gratia
1201 1985 1488 2058 rediret;
1529 1985 1862 2048 eludebat
1906 1985 2057 2064 ipse
2100 2002 2503 2048 sermonem
2530 1985 2766 2050 Patris
2784 2035 2799 2064 ,
2830 1997 2903 2050 et
2930 1987 3066 2050 sibi
3096 2003 3174 2050 se

705 2094 1196 2156 consulturum
1225 2093 1478 2154 melius
1506 2108 1720 2172 quam
1749 2091 1869 2154 alii
1900 2091 2301 2171 respondit;
2344 2109 2527 2173 quae
2568 2093 2793 2157 verba
2836 2094 3039 2175 pedis
3086 2095 3173 2157 si·

704 2199 910 2264 nistri
939 2208 1173 2262 tumor
1203 2199 1444 2262 statim
1475 2198 1949 2279 subsequutus
1978 2208 2109 2276 est,
2143 2218 2186 2262 a
2216 2217 2354 2280 quo
2380 2197 2665 2280 Rector,
2696 2202 2907 2281 quasi
2926 2199 3169 2265 afflatu

703 2307 1090 2387 superioris
1115 2305 1433 2386 spiritus,
1467 2306 1722 2384 ingens
1743 2305 2031 2385 aliquod
2053 2305 2390 2370 damnum
2424 2316 2940 2387 proventurum
2970 2325 3171 2388 prae·

701 2413 919 2492 dixit3
961 2412 1080 2476 ille
1117 2421 1393 2491 tamen,
1428 2421 1504 2475 ut
1532 2422 1602 2475 et
1639 2413 1814 2489 alia,
1848 2412 2049 2475 nihili
2080 2412 2217 2475 1100
2244 2410 2451 2491 fecit;
2494 2413 2709 2477 immo
2740 2431 2901 2478 cum
2923 2413 3173 2478 P.-Na·

702 2520 890 2599 talis,
921 2519 1044 2600 qui
1068 2537 1160 2582 ex
1184 2518 1624 2599 Portugallia
1646 2517 1961 2582 nondum
1984 2529 2405 2596 recesserat,
2430 2520 2767 2584 liberaret
2788 2539 2949 2585 eum
2976 2539 3167 2586 nexu

699 2639 1053 2706 votorum,
1086 2628 1150 2690 si
1179 2643 1374 2690 mors
1415 2626 1552 2706 ipsi
1591 2625 2027 2704 immineret,
2071 2626 2440 2690 deridebat
2478 2627 2595 2690 1110
2624 2637 3029 2692 nostrorum
3074 2630 3172 2692 di-

701 2735 1091 2818 ligentiam,
1125 2735 1248 2814 qui
1275 2751 1438 2798 eum
1467 2733 1756 2796 vinculo
1777 2782 1791 2810 ,
1827 2750 1967 2814 quo
1998 2751 2075 2796 se
2118 2750 2265 2796 non
2303 2735 2531 2798 teneri
2579 2734 3063 2816 existimabat,
3098 2737 3170 2799 li-

694 2845 951 2908 berare
991 2857 1430 2905 curaremus,
1471 2840 1764 2904 Interim
1804 2857 1933 2920 pes
1970 2841 2201 2920 magis
2240 2857 2327 2904 ac
2366 2840 2602 2920 magis
2629 2841 3166 2922 intumescebat,

695 2952 951 3014 humor
993 2949 1182 3012 enim
1219 2946 1774 3012 melancholicus
1815 2947 2309 3028 undecumque
2354 2966 2439 3011 eo
2476 2947 2953 3013 confluxerat:
3000 2959 3171 3012 tunc

697 3057 974 3121 delatus
1003 3057 1212 3120 estin
1241 3055 1790 3134 xenodochium,
1823 3063 1895 3118 et
1922 3055 2160 3135 pollex
2186 3055 2455 3135 digitus
2486 3057 2587 3119 ita
2610 3057 3066 3136 computruit,
3092 3069 3169 3120 ut

698 3164 836 3228 nisi
864 3164 1430 3242 abscinderetur,
1465 3163 1682 3226 totius
1710 3162 1915 3243 pedis
1962 3161 2420 3226 labefactatio
2469 3163 2872 3243 timeretur;
2926 3181 3169 3245 quam-

697 3275 942 3339 obrem
969 3271 1328 3337 abscissus
1356 3272 1459 3335 illi
1487 3279 1616 3334 est.
1651 3269 1792 3335 Sed
1819 3287 1911 3334 ne
1940 3279 2111 3333 tunc
2137 3270 2423 3350 quidem
2462 3269 2556 3333 ad
2584 3287 2663 3334 se
2690 3270 2901 3334 rediit
2920 3319 2936 3350 ,
2969 3281 3038 3335 et
3067 3272 3169 3336 ita

695 3381 940 3446 divina
961 3380 1255 3445 Bonitas
1283 3396 1467 3459 quae
1489 3379 1802 3441 animam
1831 3377 2029 3441 illam
2050 3378 2285 3457 perire
2312 3378 2626 3457 nolebat,
2656 3379 2858 3442 auxit
2878 3380 3161 3456 vulnuS,

695 3499 766 3554 et
805 3488 926 3552 alii
955 3488 1172 3552 etiam
1209 3487 1411 3568 pedis
1440 3485 1669 3566 digiti,
1702 3484 2105 3565 putrefacti,
2152 3486 2501 3566 amputati
2530 3486 2597 3549 ei
2626 3494 2830 3549 sunt:
2862 3485 3165 3566 denique

696 3615 822 3678 pes
857 3605 1050 3660 totus
1089 3594 1343 3658 eodem
1385 3593 1638 3658 morbo
1677 3591 2267 3672 comprehensus,
2311 3609 2571 3656 novem
2618 3593 2959 3656 cauteriis
2996 3593 3163 3657 adu-

693 3712 847 3766 stus
864 3751 879 3782 ,
905 3702 1147 3766 multis
1169 3702 1244 3764 in
1271 3701 1596 3781 partibus
1623 3699 1962 3762 tonsoriis
1985 3699 2231 3762 cultris
2260 3708 2547 3763 secatus
2576 3709 2708 3778 est;
2742 3699 2868 3763 sed
2890 3707 2960 3762 et
2981 3717 3163 3764 mor·

695 3826 838 3875 tem
879 3810 947 3873 ei
986 3809 1308 3888 chirurgi
1355 3807 1836 3884 minabantur,
1868 3823 2037 3869 nam
2064 3825 2156 3869 ne
2199 3806 2496 3887 putredo
2534 3806 2652 3869 illa
2682 3805 3027 3886 paulatim
3072 3807 3161 3869 ad

691 3918 1035 3982 interiora
1063 3923 1380 3995 serperet
1409 3915 1773 3978 timebant.

817 4023 993 4088 1053.
1080 4022 1400 4086 Tandem
1429 4021 1718 4084 vexatio
1748 4021 1931 4084 haec
1958 4020 2395 4084 intellectum
2422 4020 2647 4099 dedit,
2681 4030 2752 4084 et
2789 4020 2881 4083 ad
2920 4029 3163 4084 tantas

689 4131 1063 4214 angustias
1107 4130 1475 4205 redactuS,
1521 4129 1594 4190 in
1633 4128 1891 4208 quibus
1933 4127 2296 4191 erroribus
2338 4145 2426 4190 ac
2471 4127 2785 4190 tenebris
2829 4135 3162 4190 versatus

687 4248 878 4304 esset
906 4235 1436 4314 animadvertit,
1469 4233 1986 4315 Rectoremque
2008 4233 2307 4314 Collegii
2328 4234 2556 4299 nostri
2576 4233 2918 4298 accersiri
2934 4232 3157 4314 jubet,

684 4366 730 4411 a
763 4363 903 4428 quo
931 4345 1213 4427 peccati
1239 4343 1528 4407 veniam
1556 4359 1830 4405 summa
1861 4359 2025 4405 cum
2067 4341 2461 4404 humilitate
2502 4350 2776 4422 petens:
2826 4340 2855 4370 “
2875 4341 2985 4405 En
3004 4385 3021 4418 ‚
3060 4341 3159 4404 in-

685 4455 837 4536 quit
859 4503 875 4534 ,
908 4470 1020 4517 me
1048 4462 1216 4517 tuae
1257 4450 1701 4514 obedientiae
1742 4466 2040 4530 prorsus
2077 4449 2448 4528 submitto,
2489 4467 2630 4530 quo
2673 4465 2785 4512 me
2836 4448 3157 4536 volueris

683 4562 919 4640 mitte,
950 4561 1069 4623 vel
1096 4559 1214 4622 hic
1243 4559 1362 4621 vel
1391 4557 1811 4636 ubicumque
1838 4556 2229 4619 constitues
2247 4605 2262 4635 ,
2294 4556 2593 4620 libenter
2621 4555 2990 4633 manebo.„
3023 4553 3159 4620 Ne-

679 4669 886 4749 gavit
911 4665 1176 4730 Rector
1207 4682 1281 4728 se
1313 4665 1384 4728 id
1412 4681 1624 4746 posse
1645 4663 1906 4741 facere,
1933 4663 2337 4726 inconsulto
2359 4661 2437 4725 P.
2467 4660 2745 4742 Ignatio
2768 4664 2887 4726 vel
2912 4661 2984 4725 P.
3013 4661 3156 4726 Na·
