3742 5392
1616 436 1744 495 Ax.
1794 436 1930 495 1554
2913 434 3020 492 145

534 584 863 664 Pro-regi
893 583 1667 659 Siciliae„inservierat
1698 581 1765 661 ¹),
1800 583 2212 661 postularet.
2255 579 2564 644 Domum
2593 588 2664 643 et
2681 597 3016 645 necessa-

543 693 650 755 ria
691 692 784 755 ad
824 692 1095 754 victum
1145 701 1215 754 et
1251 690 1589 754 vestitum
1623 688 1744 753 illa
1787 687 2338 751 confraternitas
2389 705 2466 751 se
2525 688 3016 752 subministra-

542 810 777 863 turam
816 797 1235 879 recipiebat;
1269 807 1340 861 et
1369 807 1515 861 tam
1537 796 1796 860 civitas
1825 813 2041 875 quam
2071 796 2466 876 Episcopus
2496 795 2586 858 ad
2611 796 2750 859 hoc
2779 804 3012 876 postu-

541 906 831 969 landum
854 905 1393 969 conveniebant.
1422 902 1563 968 Sed
1587 902 1661 966 P.
1696 903 2019 983 Ignatius
2049 902 2484 982 significavit
2513 912 2806 983 propter
2838 902 3017 965 alias

542 1011 925 1077 Societatis
967 1012 1477 1091 occupationes
1527 1010 1599 1075 id
1649 1009 1992 1091 temporis
2039 1011 2316 1089 aliquos
2364 1028 2456 1073 ex
2503 1010 2765 1074 nostris
2802 1010 3016 1073 Inter-

544 1137 827 1183 amnem
850 1120 1037 1183 mitti
1052 1136 1193 1181 non
1212 1135 1447 1198 posse;
1467 1129 1537 1183 et
1556 1118 1922 1199 siquando
1943 1117 2336 1197 Collegium
2362 1127 2550 1181 esset
2574 1118 3012 1196 mittendum,

542 1243 705 1289 cum
736 1226 994 1289 minori
1034 1243 1330 1289 numero
1360 1242 1575 1305 quam
1605 1224 2145 1305 quatuordecim
2174 1225 2356 1289 mitti
2380 1242 2522 1288 non
2544 1241 2787 1304 posse;
2819 1236 2890 1289 et
2919 1225 3016 1289 ita

534 1349 706 1396 cum
732 1351 819 1396 ea
842 1332 1395 1397 confraternitas
1418 1343 1564 1396 tam
1593 1348 1819 1412 grave
1850 1348 2031 1395 onus
2053 1329 2242 1395 ferre
2260 1348 2404 1395 non
2427 1340 2668 1411 posset
2685 1380 2700 1410 ,
2734 1332 3019 1410 collegii

546 1440 957 1503 missionem
992 1454 1249 1519 urgere
1272 1438 1481 1503 desiit
1501 1437 1547 1502 ².

1195 1971 1323 2035 DE
1364 1970 1832 2037 COLLEGIO
1879 1970 2338 2037 PERUSINO

658 2400 801 2465 290.
889 2401 1034 2465 Sub
1061 2402 1137 2465 P.
1197 2401 1567 2465 Everardo
1596 2398 1642 2477 ³,
1670 2399 2006 2478 Rectore,
2041 2401 2578 2481 quatuordecim
2601 2402 2750 2465 fere
2773 2402 2860 2464 de
2892 2400 3016 2465 So-

530 2510 793 2573 cietate
822 2520 1067 2571 nostra
1118 2508 1395 2572 Perusii
1442 2509 1578 2571 hoc
1608 2524 1795 2569 anno
1846 2504 2163 2586 fuerunt,
2197 2516 2267 2571 et
2315 2525 2406 2571 ex
2449 2508 2552 2571 eis
2603 2509 2822 2589 aliqui
2854 2526 3015 2573 cum
3079 2491 3094 2508 ⁸

534 2614 847 2679 adversa
878 2614 1313 2693 valetudine,
1348 2629 1593 2678 ornnes
1622 2630 1785 2677 cum
1813 2624 2236 2694 paupertate
2259 2632 2522 2695 magna
2553 2624 2622 2679 et
2649 2634 2811 2679 curn
2844 2617 3014 2679 mul·

540 2721 631 2784 tis
660 2732 1122 2786 externorum
1168 2720 1850 2785 contradictionibus
1901 2729 2066 2783 sunt
2105 2720 2522 2801 conflictam
2557 2730 2626 2785 et
2664 2722 3014 2787 nihilomi-

541 2846 674 2891 nus
691 2876 706 2906 ‚
740 2827 894 2891 Deo
925 2828 1261 2908 propitio,
1296 2837 1366 2891 et
1395 2827 1531 2906 ipsi
1559 2827 1633 2889 in
1662 2827 1918 2907 spiritu
1939 2826 2424 2907 profecerunt,
2451 2838 2523 2891 et
2544 2828 2631 2893 de
2656 2830 2815 2892 aliis
2839 2831 3018 2893 bene

540 2934 772 2998 meriti
801 2944 983 2998 sunt.
1020 2934 1411 2998 Ministeria
1455 2934 1644 2997 enim
1681 2931 2059 2997 Societatis
2096 2942 2167 2996 et
2213 2935 2712 2999 auctoritatem
2753 2935 2825 2999 in
2865 2936 3017 2999 dies

542 3039 888 3120 maj0rem
928 3052 999 3105 et
1028 3040 1401 3105 utilitatem
1430 3040 1918 3119 proximorum
1951 3040 2590 3120 consequebantur.

658 3148 801 3212 291.
888 3148 1050 3231 Jam
1081 3147 1169 3211 ab
1199 3147 1400 3210 initio
1436 3147 1605 3210 anni
1633 3144 1918 3225 juvenis
1947 3147 2235 3226 quidam
2267 3148 2357 3211 ad
2387 3149 2880 3228 probationem
2911 3161 3017 3213 est

492 3274 501 3281 ·
540 3256 929 3335 admissuS,
963 3266 1033 3319 et
1081 3254 1155 3319 in
1208 3270 1595 3335 progressu
1649 3256 1827 3317 alter
1853 3302 1867 3330 ,
1922 3254 2043 3335 qui
2092 3258 2469 3334 perusinus
2511 3274 2654 3320 non
2677 3267 2857 3337 erat,
2891 3258 3015 3321 sed

529 3362 1021 3443 pisauriensiS‚
1055 3362 1429 3426 Petronius
1458 3362 1783 3441 nomine,
1817 3360 1936 3441 qui
1968 3362 2146 3424 alios
2176 3362 2428 3425 deinde
2465 3363 2726 3427 fratres
2757 3364 2847 3427 ad
2890 3363 3012 3429 So-

532 3471 865 3535 cietatem
888 3470 1214 3549 vocavit3
1248 3469 1577 3550 quamvis
1606 3487 1697 3533 ex
1725 3470 1953 3533 tribus
1986 3488 2168 3533 unus
2197 3478 2472 3533 tanturn
2502 3488 2667 3534 cum
2703 3472 2859 3551 ipso
2889 3470 3012 3534 Pe·

528 3579 767 3641 tronio
806 3595 1030 3658 usque
1069 3577 1161 3641 ad
1214 3585 1517 3641 mortem
1566 3578 2078 3657 perseveravit.
2134 3576 2274 3657 Qui
2318 3586 2557 3641 autem
2609 3578 2810 3642 initio
2841 3580 3014 3643 anni

528 3685 887 3750 admissus
916 3685 1147 3749 fuerat
1168 3734 1183 3759 ,
1216 3684 1633 3748 florentinus
1662 3694 1839 3761 erat,
1875 3694 1942 3748 et
1973 3684 2162 3765 quod
2193 3684 2360 3749 alibi
2391 3700 2605 3765 quam
2644 3686 2716 3749 in
2755 3686 3008 3765 pisano

530 3791 767 3857 studio
796 3790 821 3822 ⁸
850 3790 1101 3855 litteris
1132 3808 1427 3871 operam
1459 3789 1799 3869 dedisset,
1834 3788 1989 3869 ejus
2019 3800 2254 3871 pater,
2289 3809 2332 3853 a
2357 3790 2560 3855 Duce
2603 3791 2865 3857 Cosmo
2886 3810 3010 3855 vo·

529 3909 769 3978 catuS,
800 3898 1211 3979 promittere
1241 3906 1534 3961 coactus
1575 3910 1685 3959 est
1716 3897 1905 3978 quod
1947 3907 2097 3961 toto
2130 3915 2373 3961 mense
2400 3897 2744 3981 januario
2792 3898 3013 3964 filium

636 4078 944 4085 .-----—.-

616 4177 636 4211 ¹
692 4176 918 4229 joannen
939 4176 1003 4220 de
1024 4174 1201 4229 vega.
1222 4174 1521 4229 priusquam
1544 4174 1595 4217 in
1618 4174 1853 4219 Siciliam
1897 4174 2196 4219 mitteretur
2231 4175 2392 4229 (15⁴⁷),
2427 4177 2638 4231 legatus
2671 4176 3013 4233 Imperatoris

530 4248 771 4303 pluribus
789 4248 941 4292 annis.
966 4246 1161 4291 Romae
1180 4246 1355 4291 fuerat
1378 4250 1431 4289 et
1452 4244 1657 4301 Ignatio
1678 4246 2087 4291 familiarissime
2118 4258 2256 4291 usus.

614 4321 639 4353 ἱ
693 4318 963 4364 videndae
996 4319 1390 4373 litterae,quns
1423 4317 1660 4373 Ignatiun
1693 4317 1815 4361 huic
1850 4316 2101 4371 Horatio,
2136 4320 2239 4364 civi
2273 4318 2680 4375 Interamnensi.
2714 4323 2926 4377 scripsit
2963 4324 3015 4368 18

544 4390 785 4436 Octobris
808 4390 933 4435 1554.

616 4462 641 4495 ⁸
697 4462 975 4507 Everardo
1006 4460 1349 4507 Herem-iano.

616 4538 641 4569 δ
692 4534 751 4579 In
784 4536 1019 4590 generali
1052 4536 1241 4592 studio,
1262 4546 1355 4581 nen
1374 4535 1733 4580 Universitate
1751 4568 1763 4587 ,
1785 4535 1920 4581 Pisis
1951 4536 2060 4591 jam
2091 4537 2214 4582 olim
2243 4544 2434 4595 erecto,
2456 4540 2692 4597 quodque
2727 4542 2867 4587 haud
2896 4546 3010 4598 para·

527 4608 804 4653 conatibus
824 4618 1067 4653 successu
1100 4607 1217 4653 Dux
1246 4608 1463 4655 Cosmus
1491 4608 1671 4653 fovere
1700 4608 1999 4663 satagebat.
2019 4608 2096 4653 De
2125 4610 2189 4655 iis
2223 4613 2476 4665 quaedam
2497 4613 2553 4656 P.
2577 4612 2784 4671 Laynez
2819 4618 2870 4659 in
2903 4615 3014 4660 suis

538 4680 752 4723 litteris.

829 4768 905 4829 Τ.
938 4786 1018 4826 ιν.
2662 4794 2734 4849 ¹9
