3742 5392
676 475 784 534 246
1587 475 1842 536 Canos.
1885 477 2038 537 Soc.
2078 478 2218 550 Jss.

678 640 961 686 munem
989 623 1173 687 illius
1215 622 1639 688 Provinciae
1678 623 2252 705 persuassionem
2291 625 2771 689 affirmaverat
2817 626 3006 705 quod
3043 635 3140 690 te-

674 738 1010 793 nei-entur
1050 731 1451 809 superiores
1492 731 1583 794 ad
1626 731 2054 795 catholicam
2102 732 2516 812 religionem
2565 732 3028 796 asserendam
3069 742 3140 797 et

674 836 999 901 inimicos
1053 837 1375 917 publicos
1422 836 1585 901 fidei
1632 837 2050 917 puniendos.
2102 837 2523 902 Scholastici
2573 840 2663 902 ob
2713 838 2853 902 hoc
2899 841 3136 921 ipsum

674 944 857 1007 male
887 943 961 1007 P.
995 943 1281 1008 Canisio
1311 944 1725 1025 cupiebant,
1772 954 1840 1008 et
1884 946 2212 1009 versibus
2242 962 2328 1009 ac
2364 946 2523 1012 aliis
2558 946 2957 1010 rationibus
2990 948 3134 1011 ani·

672 1068 865 1115 mum
914 1068 1119 1115 suum
1169 1070 1313 1115 non
1361 1051 1624 1115 bonum
1673 1052 2116 1116 testabantur
2148 1052 2189 1131 ¹,
2216 1062 2286 1117 et
2309 1070 2603 1134 prorsus
2643 1053 3034 1134 apparebat
3063 1054 3136 1117 in

673 1159 923 1238 paucis
947 1157 1152 1221 fidem
1184 1159 1606 1223 catholicam
1635 1157 1960 1223 Viennae
1991 1176 2304 1239 manere;
2335 1177 2489 1240 nee,
2516 1170 2801 1241 praeter
2823 1169 3130 1240 nostros,

677 1266 859 1328 ullus
888 1265 1145 1329 ibidem
1174 1266 1624 1346 praedicator
1654 1266 2050 1330 catholicus
2079 1268 2526 1331 cernebatur.

791 1369 933 1434 538.
1020 1372 1251 1452 Aprili
1265 1390 1507 1435 mense
1540 1371 1613 1435 P.
1649 1372 1979 1436 Canisius
2006 1374 2272 1437 electus
2300 1373 2432 1437 fuit
2475 1372 2810 1438 Decanus
2844 1374 3136 1437 faculta-

676 1478 769 1541 tis
796 1478 1270 1557 Theologicae
1301 1496 1463 1543 cum
1492 1489 1678 1543 esset
1709 1480 1781 1543 in
1810 1479 2274 1543 Archiducali
2304 1478 2621 1560 Collegio
2641 1530 2655 1559 ‚
2704 1480 2825 1544 ubi
2869 1498 3140 1561 paucos
3169 1476 3176 1481 ’

680 1601 959 1648 menses
978 1633 993 1663 ,
1027 1595 1103 1649 ut
1134 1585 1531 1665 tetigimuS,
1563 1583 1695 1650 fuit
1724 1584 1769 1649 ².

781 1691 923 1755 539.
1000 1693 1232 1773 Aprili
1248 1709 1487 1756 mense
1506 1694 1651 1774 egit
1675 1693 1749 1757 P.
1771 1692 2098 1757 Canisius
2114 1694 2332 1757 semel
2348 1693 2634 1774 quidem
2653 1696 2867 1773 solus,
2887 1694 3140 1758 deinde

677 1798 1054 1881 conjuncto
1090 1799 1163 1863 P.
1191 1798 1525 1881 Lanoy0,
1564 1818 1727 1865 cum
1754 1800 1842 1863 D.
1877 1800 2184 1864 Martino
2217 1800 2579 1879 Cromero,
2618 1802 2892 1881 Legato
2921 1800 3140 1881 Regis

674 1906 1007 1971 Poloniae
1036 1905 1081 1980 ³,
1116 1906 1201 1970 de
1232 1907 1530 1987 collegio
1562 1908 1633 1971 in
1662 1906 1958 1971 Polonia
1997 1908 2511 1972 constituendo,
2551 1907 2674 1971 Ille
2711 1918 2947 1970 autem
2975 1924 3139 1971 cum

674 2148 844 2193 nullas
862 2148 914 2191 in
933 2148 1034 2192 hac
1054 2158 1213 2192 causa
1242 2154 1423 2202 partes
1450 2148 1637 2201 egisse.
1658 2146 1819 2193 Immo
1840 2149 1983 2192 clare
2003 2148 2134 2192 satis
2154 2149 2324 2203 aperit
2357 2149 2465 2203 lpse
2487 2146 2726 2192 Canisius
2747 2148 2940 2191 litteris
2959 2148 3026 2191 ad
3047 2145 3142 2190 Po·

673 2221 880 2263 laneum
903 2220 1087 2263 datis7
1104 2218 1225 2271 Julii
1246 2219 1403 2273 (apud
1422 2218 1849 2271 Buatmsseacnu.
1885 2221 1918 2263 l.
1954 2231 2016 2273 c.,
2051 2230 2173 2274 pag.
2201 2219 2303 2273 480)
2334 2219 2474 2263 haud
2501 2218 2600 2263 sibi
2633 2219 2890 2273 placuisse
2921 2218 3056 2273 quod
3076 2228 3140 2262 es.

673 2292 881 2336 demum
911 2291 1173 2335 sententia
1200 2292 1251 2334 in
1285 2289 1509 2335 Politam
1536 2292 1651 2334 lata
1683 2290 1837 2334 suerit
1868 2294 1930 2333 ut
1959 2292 2136 2335 abiret
2169 2303 2197 2335 e
2225 2292 2431 2334 datione
2461 2290 2648 2343 Regis.
2677 2290 2823 2345 quasi
2855 2291 3141 2334 clementer

678 2362 830 2407 nimis
849 2370 1025 2407 actum
1046 2372 1159 2405 cum
1182 2373 1243 2405 eo
1262 2368 1419 2406 esset.
1438 2362 1510 2406 Et
1530 2362 1739 2406 taudem
1760 2362 2018 2407 Polancus
2038 2363 2123 2407 hic
2143 2374 2244 2407 non
2260 2362 2450 2407 asserit
2472 2361 2740 2407 Canisium
2761 2362 2918 2407 fuisse
2938 2362 3140 2406 Politae

669 2435 917 2490 judicem
935 2434 1025 2478 sed
1046 2434 1475 2477 examinatorem
1487 2466 1499 2479 .

748 2506 769 2539 ¹
826 2504 921 2550 “Et
940 2506 1030 2561 gia
1048 2506 1092 2550 si
1126 2505 1375 2560 spargine
1404 2505 1646 2559 pasquini
1668 2506 1729 2548 de
1761 2504 1969 2551 Canisio
1997 2507 2050 2550 in
2082 2513 2268 2562 questa
2289 2506 2533 2559 Austrum
2553 2512 2607 2550 et
2627 2517 2709 2550 me
2737 2512 2961 2561 tengono
2989 2515 3083 2561 per
3102 2506 3141 2547 il

672 2577 911 2633 maggior
938 2578 1245 2621 adversario
1274 2577 1357 2621 del
1377 2575 1795 2632 Lutheranismo,
1816 2578 1896 2622 sia
1926 2580 2139 2622 laudato
2169 2580 2342 2633 quello
2371 2583 2524 2621 santo
2544 2587 2695 2621 nome
2715 2572 2899 2631 jssSU,
2921 2586 3015 2631 pro
3038 2587 3139 2630 quo

673 2647 813 2702 digni
835 2647 1115 2691 efficiamur
1142 2647 1254 2702 pati
1283 2646 1649 2691 contumellam
1682 2653 1734 2689 et
1768 2648 2010 2692 iniuriam
2045 2654 2154 2692 tum
2181 2649 2476 2702 uenalem,
2497 2654 2606 2692 tum
2635 2648 2880 2700 realem„
2900 2644 3140 2690 Canisius

668 2718 873 2774 Ignatio
892 2719 947 2763 25
966 2718 1139 2763 Martii
1160 2718 1431 2763 lma—His
1446 2718 1655 2773 subjicit
1678 2718 2106 2773 sunnonem,
2127 2731 2248 2775 pag.
2267 2720 2364 2763 522:
2383 2718 2620 2773 “caspar
2643 2718 2965 2771 Bruschius,
2984 2726 3141 2773 poeta

666 2774 934 2835 1aureatus
966 2798 1020 2835 et
1054 2791 1286 2835 minister
1320 2791 1654 2842 lutheranus.
1690 2802 1823 2835 anno
1856 2792 1963 2835 1555
1995 2790 2316 2835 Ratisbonae
2348 2791 2578 2835 libellum
2599 2790 2786 2841 edidit.
2807 2790 2858 2833 in
2877 2789 3021 2833 cuius
3051 2800 3138 2831 ex-

668 2870 835 2906 trema
857 2863 1049 2917 pagina
1073 2862 1378 2906 Austriacos
1398 2863 1670 2906 hortatur:

1198 3006 1372 3050 “Haec
1395 3018 1486 3050 uos
1507 3007 1773 3051 Austriaci
1796 3006 1940 3063 Styri
1963 3006 2224 3061 sortesque
2246 3005 2485 3049 Carinthi

1150 3076 1308 3122 Carni
1330 3089 1393 3121 ac
1416 3076 1650 3123 Taurisci
1672 3080 1855 3123 discite
1877 3089 2072 3137 quaeso
2093 3079 2228 3123 boni:

1149 3150 1286 3202 Quos
1316 3151 1493 3203 procul
1517 3150 1775 3194 abducunt
1796 3162 1827 3193 a
1853 3149 2064 3193 Christo
2085 3150 2316 3204 principe
2337 3156 2516 3194 nostro

1152 3222 1246 3273 Qui
1269 3228 1477 3265 sumunt
1498 3220 1716 3275 JHESV
1739 3224 1945 3265 nomina
1967 3224 2100 3265 mira
2123 3223 2240 3266 sibi.

1148 3365 1283 3411 Hinc
1304 3365 1609 3418 JESVuidri
1630 3366 1869 3411 dicuntur
1897 3366 2023 3420 rite,
2054 3376 2304 3421 sequaces

1146 3436 1339 3482 Christi
1360 3438 1669 3482 immortalis
1688 3449 1816 3491 quos
1836 3439 1994 3493 pudet
2014 3450 2128 3483 esse
2150 3437 2248 3481 Dei

1146 3510 1319 3553 Triste
1342 3508 1663 3553 satellicium
1685 3509 1952 3553 Sathanae
1974 3509 2288 3554 Antichristi
2308 3516 2362 3553 et
2383 3510 2580 3553 Averni

1156 3581 1299 3634 Quod
1320 3582 1481 3625 ueluti
1503 3580 1742 3635 Stygium
1764 3592 1859 3625 vos
1882 3580 2100 3635 fugitote
2124 3583 2337 3635 lacum.„

1026 3708 1236 3760 (Adam.
1256 3706 1545 3757 Horawtts,
1565 3705 1765 3761 Caspar
1786 3706 2069 3751 Bruschius
2090 3706 2248 3761 [Prag
2268 3706 2370 3749 und
2393 3706 2545 3750 Wien
2567 3705 2688 3759 1894]
2710 3718 2758 3761 p.
2783 3706 2922 3759 185).„

746 3868 771 3900 ί
828 3867 978 3912 Haud
999 3868 1279 3912 cohaerent
1304 3867 1431 3911 haec
1464 3867 1631 3921 quoad
1663 3875 1864 3921 tempus
1895 3880 2008 3912 cum
2039 3869 2126 3919 iis.
2148 3880 2281 3923 quae
2302 3870 2338 3912 1.
2357 3880 2420 3922 c.,
2442 3880 2561 3923 pag.
2583 3867 2678 3922 456,
2701 3876 2877 3913 annot.
2897 3868 2923 3911 4
2939 3900 2950 3922 ,
2972 3869 3128 3913 habet

668 3939 1097 3983 Baaunsssaosa:
1126 3938 1151 3961 ⁸
1168 3936 1405 3983 Canisius
1432 3938 1667 3983 Viennae
1707 3938 2020 3984 decanatum
2048 3940 2316 3985 facultatis
2344 3940 2672 3993 theologicae
2700 3940 2927 3994 suscepit
2957 3950 3130 3983 mense

665 4010 878 4055 Octobri
900 4022 946 4053 a.
972 4010 1077 4053 1553
1094 4009 1398 4065 (Wappler,
1422 4011 1455 4053 l.
1477 4020 1523 4054 c.
1545 4010 1886 4065 [Geschichte
1915 4012 2008 4055 der
2031 4011 2442 4066 Theologischen
2461 4010 2706 4055 Facultat
2727 4012 2821 4055 der
2839 4010 2901 4056 K.
2923 4010 2986 4055 K.
3007 4011 3132 4055 Uni·

666 4082 888 4126 versitat
910 4094 971 4125 zu
992 4081 1163 4135 Wien,
1184 4082 1339 4126 Wien
1360 4082 1502 4136 18841,
1532 4094 1655 4138 pag.
1673 4082 1817 4135 475).,,

743 4152 769 4186 ⁸
822 4150 1101 4198 “Martinus
1133 4152 1349 4197 Cromer
1380 4152 1677 4209 <ism-1589),
1709 4153 1837 4197 iuris
1873 4154 2139 4207 utriusque
2179 4155 2376 4208 doctor,
2417 4162 2548 4197 anno
2589 4153 2692 4197 15⁴7
2729 4164 2762 4198 a
2803 4152 3129 4209 sigismundo

664 4224 902 4279 Augusto
924 4223 1167 4269 Poloniae
1201 4236 1326 4281 reg-e
1359 4226 1677 4269 secretarius
1710 4225 1887 4279 regius
1907 4226 2200 4269 nominatus
2233 4231 2348 4269 erat
2369 4226 2436 4269 ab
2469 4236 2629 4279 eoque
2663 4225 2939 4280 praecipue
2971 4227 3129 4269 rebus

663 4296 942 4341 borussicis
961 4298 1255 4341 tractandis
1274 4297 1638 4341 adhibebatur.
1658 4296 1850 4341 Notum
1870 4304 1951 4341 est
1971 4307 2088 4340 eum
2109 4306 2290 4351 postea
2310 4296 2624 4341 varmiensis
2655 4296 2882 4351 episcopi
2912 4296 3127 4341 admini-

664 4374 947 4413 stratorem
974 4368 1261 4421 (1567-1559)
1289 4378 1341 4412 et
1383 4370 1677 4423 episcopum
1708 4368 1998 4421 (1579-1589)
2031 4379 2230 4412 summa
2261 4379 2376 4411 cum
2410 4369 2564 4413 laude
2593 4368 2774 4417 fuisse.
2795 4368 2940 4412 libris
2967 4369 3128 4412 etiam

662 4440 873 4495 egregie
894 4442 1201 4495 conscriptis
1216 4442 1484 4495 claruisse,
1506 4441 1642 4484 inter
1663 4451 1789 4494 quos
1808 4440 2030 4485 historia
2045 4440 2288 4484 Poloniae
2309 4446 2362 4483 et
2383 4450 2542 4493 opera
2557 4440 2886 4495 apologetica
2906 4439 3128 4483 maxime

663 4514 890 4556 eminent
906 4512 1050 4566 (Ant.
1073 4512 1363 4566 Eichhorn,
1381 4514 1488 4557 Der
1516 4514 1898 4559 ermlilndIsche
1927 4512 2141 4557 Bischof
2165 4512 2360 4557 Mat-tin
2389 4512 2603 4556 Cromer
2623 4513 2674 4556 in
2695 4512 3024 4557 “Zeitschrist
3045 4512 3128 4557 sslr

664 4583 745 4627 die
787 4582 1101 4629 Geschichte
1137 4585 1237 4629 und
1258 4585 1759 4629 Alterthumskunde
1789 4584 2097 4636 Ermlands„
2116 4594 2174 4627 tv
2205 4584 2568 4638 [Braunsberg
2590 4582 2746 4637 1ffi91.
2771 4583 2906 4627 1-470.
2936 4583 3126 4627 Franc.

664 4654 879 4709 Hipler,
897 4655 991 4700 Die
1021 4657 1304 4700 deutschen
1333 4656 1613 4711 Predigten
1644 4668 1693 4699 u.
1715 4655 2042 4700 Katechesen
2063 4656 2155 4699 der
2176 4656 2425 4700 eri-uland.
2446 4655 2688 4701 Bischoi'e
2720 4654 2908 4701 Hosius
2927 4668 2979 4700 u.
2999 4654 3124 4699 Cro-

664 4736 773 4769 mer
807 4726 959 4780 [Koln
981 4727 1120 4783 18851,
1142 4740 1191 4783 p.
1211 4726 1400 4781 83·9<·3)...
1421 4728 1849 4782 Baamaesssaosu,
1870 4728 1906 4771 1.
1927 4738 1989 4781 c.,
2010 4738 2132 4783 pag.
2151 4726 2250 4780 458,
2270 4733 2448 4771 annot.
2468 4726 2510 4771 2.
