3742 5392
697 490 810 549 66
1617 492 1875 552 Cnnox.
1918 494 2071 551 Soc.
2114 496 2255 565 ‚li-25.

699 640 940 702 cahat.
983 637 1282 719 Semper
1323 650 1560 702 autem
1601 641 2025 704 charitatem
2070 644 2143 704 in
2186 658 2543 723 pauperes
2576 658 3001 706 exercuerat
3044 642 3061 673 ⁸
3096 652 3169 705 et

702 746 1126 827 praesertim
1159 748 1232 809 in
1271 746 1584 810 infantes
1623 748 2023 827 expositos3
2062 758 2135 811 et
2170 766 2259 812 eo
2298 760 2729 829 pervenerat
2763 764 2843 813 ut
2888 752 2979 813 de
3014 752 3167 814 suis

701 853 1230 918 infirmitatibus
1257 872 1346 917 ac
1385 856 1694 919 miseriis
1729 858 2201 935 gloriaretur,
2244 870 2323 921 ut
2360 858 2629 922 Christi
2664 860 2893 938 gloria
2934 860 3167 937 magis

699 963 1158 1025 elucesceret.
1185 960 1574 1025 Rediturus
1603 972 1842 1026 autem
1869 973 2027 1026 erat
2056 962 2131 1026 P.
2168 964 2527 1029 Antonius
2562 965 2967 1029 Cordubam
3006 976 3167 1045 post

701 1069 1232 1148 Assumptionis
1261 1070 1410 1131 B.⁸⁶
1457 1070 1782 1149 Virginis
1811 1071 2101 1144 festum.
2136 1083 2427 1153 propter
2456 1054 2855 1137 aedificium
2890 1076 3165 1137 schola·

698 1194 860 1240 rum
879 1226 896 1253 ‚
927 1194 1116 1257 quae
1145 1178 1462 1240 civitatis
1489 1180 1824 1257 expensis
1853 1178 2139 1242 fiebant.

817 1284 962 1347 974.
1047 1283 1334 1359 Agebat
1363 1294 1606 1347 autem
1633 1283 1724 1347 D.
1755 1286 2107 1367 Joanne5‚
2142 1288 2353 1351 simul
2382 1306 2543 1351 cum
2572 1291 2685 1351 sui
2722 1290 3013 1369 capituli
3050 1307 3163 1351 ca-

699 1392 1010 1470 nonici5‚
1039 1392 1130 1455 de
1157 1392 1582 1472 quibusdam
1611 1396 2061 1473 capellaniis,
2096 1396 2187 1457 ad
2230 1398 2681 1459 collationem
2722 1398 2941 1477 ipsius
2978 1398 3167 1477 capi-

697 1500 826 1563 tuli
851 1500 1404 1580 pertinentibus,
1435 1516 1738 1579 quarum
1765 1502 2095 1581 singulae
2122 1504 2555 1582 quingentos
2591 1516 2663 1565 et
2704 1505 3007 1584 amplius
3046 1504 3167 1565 du·

697 1616 902 1671 catos
923 1608 1262 1670 valebant
1277 1657 1292 1681 ,
1319 1616 1390 1669 et
1413 1608 1512 1670 ita
1535 1626 1580 1670 a
1601 1606 1895 1671 Summo
1916 1608 2259 1672 Pontifice
2282 1610 2375 1672 ab
2394 1610 2555 1672 aliis
2576 1611 2671 1672 im
2680 1611 3163 1689 petrabantur3

697 1724 768 1778 et
809 1714 1120 1795 quodam
1181 1716 1486 1777 honesto
1553 1715 1788 1777 reditu
1849 1717 2155 1795 singulis
2194 1719 2585 1796 capellanis
2636 1718 2907 1791 relicto,
2976 1718 3165 1797 quod

696 1830 1092 1903 supererat,
1119 1822 1210 1883 ad
1233 1820 1536 1901 Collegii
1560 1820 2053 1885 fundationem
2074 1824 2423 1903 applicari
2448 1824 2811 1896 volebant,
2836 1834 2907 1886 et
2928 1842 3019 1887 ex
3046 1824 3163 1887 tri-

695 1931 830 1993 bus
855 1928 1270 2009 capellaniis
1297 1931 1458 2009 plus
1483 1946 1702 2010 quam
1731 1930 1921 1993 mille
1948 1930 2193 1992 ducati
2244 1933 2463 1993 annui
2502 1932 2775 1994 reditus
2822 1933 2977 1995 sine
3022 1934 3165 1994 ullo

695 2038 1045 2100 ecclesiae
1085 2036 1532 2111 detriment0‚
1575 2038 1790 2099 immo
1839 2054 2002 2099 cum
2042 2038 2379 2115 utilitate,
2432 2039 2754 2118 separari
2806 2050 3155 2119 poterant;

693 2145 932 2205 minus
957 2143 1146 2205 enim
1175 2145 1490 2223 opulenti
1519 2144 1870 2223 capellani
1901 2146 2051 2207 suis
2080 2144 2525 2214 ministeriis,
2560 2147 2629 2207 in
2662 2146 2963 2207 ecclesia
2996 2147 3163 2207 resi·

693 2250 950 2325 dende,
983 2249 1208 2313 suncti
1234 2262 1498 2313 essent:
1531 2260 1602 2313 et
1640 2250 1984 2313 offerebat
2014 2252 2163 2331 ipse
2202 2250 2291 2315 D.
2324 2250 2637 2332 Joannes
2676 2253 2865 2315 mille
2904 2270 3167 2315 aureos

695 2356 792 2420 ad
817 2358 1214 2421 litterarum
1245 2357 1824 2437 Apostolicarum
1856 2359 2383 2438 expeditionem
2411 2376 2427 2435 3
2470 2377 2603 2420 nec
2630 2360 2835 2422 inviti
2874 2360 3163 2422 accede·

695 2466 869 2529 bant
897 2466 1115 2545 aliqui
1145 2466 1472 2527 canonici
1501 2464 1588 2527 ad
1621 2463 1774 2544 ejus
1813 2468 2241 2529 sententiam
2264 2516 2279 2543 ,
2312 2483 2475 2529 cum
2506 2476 2795 2547 propter
2838 2468 3163 2547 impetra-

693 2580 810 2635 tas
835 2572 1236 2652 hujusmodi
1264 2573 1700 2652 capellanias
1725 2573 1800 2634 in
1829 2574 2607 2637 excommunicationes
2634 2574 3049 2637 inciderent.
3074 2574 3167 2637 Et

693 2680 794 2742 ita
821 2680 1164 2743 lectiones
1191 2680 1686 2760 philosophiae
1707 2690 1780 2742 et
1799 2681 2205 2761 theologiae
2228 2681 2395 2744 addi
2417 2698 2631 2761 posse
2652 2680 2974 2761 Collegio
2998 2680 3167 2745 Cor-

691 2786 992 2849 dubensi
1033 2786 1480 2849 videbantur.
1525 2785 1664 2850 Sed
1701 2804 1822 2850 res
1857 2792 2275 2851 successum
2310 2800 2481 2851 tunc
2520 2806 2663 2851 non
2708 2788 2987 2866 habuit,
3033 2806 3167 2851 nec

697 2910 742 2955 a
769 2891 950 2957 Sede
981 2893 1398 2973 Apostolica
1428 2896 1987 2974 capellaniarum
2016 2896 2277 2959 divisio
2308 2896 2691 2975 impetrata
2720 2906 2833 2958 est
2874 2896 2923 2955 ¹.

779 3170 796 3203 Ι
852 3172 930 3215 “A
959 3172 1272 3215 veluticinco
1305 3171 1388 3214 del
1421 3171 1605 3213 mismo
1637 3182 1746 3214 mes
1763 3171 2087 3226 (Septembri
2111 3172 2243 3224 15⁴5>
2274 3174 2449 3217 volvio
2468 3172 2785 3229 (Episcopus
2804 3174 3117 3229 Leopoldus)
3136 3178 3169 3216 :l

693 3240 918 3287 Cabildo
937 3254 972 3299 y
991 3253 1216 3297 propuso
1235 3244 1288 3286 la
1307 3252 1440 3296 gran
1459 3241 1734 3285 neeesidad
1757 3254 1856 3297 que
1884 3244 2140 3297 padecian
2170 3246 2249 3287 los
2276 3246 2464 3298 pobres
2494 3256 2587 3299 por
2608 3246 2661 3288 la
2690 3249 2921 3289 carentia
2950 3247 3013 3289 de
3046 3256 3165 3301 pan.

697 3326 732 3371 y
749 3324 850 3369 que
877 3316 1131 3359 convenia
1149 3314 1398 3358 discurrit·
1425 3326 1456 3369 5
1480 3314 1712 3359 arbitrar
1731 3316 1810 3358 loc
1833 3316 2029 3359 medios
2056 3326 2189 3369 para
2219 3319 2553 3361 socorrerlos.
2579 3316 2643 3361 El
2670 3316 2887 3362 Cabildo
2920 3320 3075 3362 alabo
3106 3330 3169 3361 su

697 3392 848 3431 santo
867 3387 979 3429 celo
996 3399 1034 3443 y
1053 3388 1267 3430 nembro
1289 3386 1580 3441 Diputados
1595 3419 1608 3438 ,
1627 3397 1761 3441 para
1781 3398 1899 3441 que,
1918 3388 2095 3441 iuntos
2116 3399 2214 3431 con
2234 3389 2312 3431 los
2331 3400 2427 3442 que
2450 3390 2725 3433 nombrase
2746 3392 2800 3433 12
2820 3388 3017 3433 Ciudad
3050 3402 3170 3433 con-

697 3456 898 3501 nde-en
919 3467 1014 3501 con
1043 3457 1089 3500 el
1110 3456 1302 3509 obispo
1321 3459 1370 3500 el
1392 3458 1542 3501 modo
1571 3458 1656 3501 del
1685 3468 1915 3501 socorro.
1936 3456 2014 3501 La
2032 3458 2373 3513 providencia
2393 3472 2492 3515 que
2522 3468 2757 3504 tomaron
2782 3460 2867 3504 fue
2890 3472 2987 3515 que
3008 3472 3063 3505 se
3100 3461 3169 3504 hi-

693 3530 832 3573 cle-e
849 3530 1046 3583 padi-on
1069 3540 1134 3571 en
1153 3530 1288 3573 cada
1306 3531 1589 3584 pari-oquin
1607 3530 1672 3573 de
1693 3530 1772 3573 los
1801 3532 1989 3582 pobres
2018 3541 2117 3584 que
2148 3530 2311 3575 habia
2326 3564 2339 3585 ‚
2360 3543 2395 3586 y
2416 3544 2515 3586 que
2534 3534 2617 3577 asi
2646 3534 2699 3576 ei
2724 3532 2919 3587 obispo
2946 3544 3093 3577 como
3122 3534 3172 3575 el

698 3600 912 3644 Cabildo
931 3613 966 3656 y
981 3600 1182 3644 Cindad
1201 3613 1236 3657 y
1251 3602 1600 3653 particulares
1619 3602 1943 3645 socorrlesen
1965 3604 2018 3645 la
2036 3603 2316 3646 uecesidad
2330 3614 2395 3647 en
2414 3605 2497 3647 las
2516 3605 2825 3659 partoquias
2840 3617 2938 3659 que
2959 3607 3169 3658 asigna-

695 3684 810 3717 ron.
837 3672 1130 3715 solamente
1152 3678 1335 3715 consta
1353 3673 1416 3715 de
1437 3674 1490 3716 la
1517 3683 1614 3726 que
1637 3674 1788 3716 cnido
1809 3674 1858 3715 el
1880 3672 2097 3717 Cabildo
2116 3686 2151 3730 y
2172 3672 2319 3718 Dean
2333 3708 2345 3727 ,
2366 3687 2465 3729 que
2486 3676 2569 3718 fue
2589 3678 2643 3718 la
2663 3676 2727 3718 de
2750 3675 2913 3719 Santa
2932 3676 3118 3729 uaria,
3140 3680 3171 3717 ό

697 3744 942 3787 catedral
955 3776 966 3797 ,
987 3756 1084 3787 con
1103 3744 1156 3788 la
1175 3745 1238 3788 de
1260 3743 1364 3788 San
1387 3744 1684 3789 Bartolome
1700 3777 1710 3796 .
1725 3756 1823 3799 que
1844 3748 1892 3789 le
1914 3747 2102 3790 estaba
2120 3747 2291 3801 aneja.
2308 3758 2373 3790 en
2392 3759 2489 3802 que
2502 3758 2561 3791 se
2580 3748 2769 3791 debian
2791 3750 3021 3803 repartir
3040 3756 3173 3793 tres-

697 3815 898 3859 clentas
917 3828 952 3872 y
969 3817 1076 3859 seis
1095 3818 1336 3860 raciones
1355 3818 1554 3861 diarias
1568 3850 1580 3871 ‚
1601 3828 1766 3871 segun
1786 3820 1832 3861 el
1862 3818 2063 3871 padrou
2082 3830 2181 3873 que
2202 3830 2259 3862 se
2280 3820 2413 3862 hizo.
2436 3818 2573 3862 Para
2604 3826 2715 3863 este
2745 3832 2955 3865 socorro
2975 3823 3173 3865 ofrecio

697 3888 744 3931 el
765 3884 912 3931 Dean
935 3886 996 3929 D.
1017 3887 1152 3940 Juan
1173 3888 1235 3931 de
1258 3886 1497 3932 cordoba
1519 3900 1584 3931 en
1605 3888 1822 3933 Cabildo
1842 3890 1906 3933 de
1928 3891 2033 3933 seis
2054 3880 2311 3934 de'Marzo
2332 3891 2395 3933 de
2416 3891 2710 3945 quinientos
2728 3900 2981 3937 cuarenta
3013 3907 3047 3950 3·
3068 3894 3173 3937 seis

693 3959 864 4003 cieuto
883 3971 918 4015 y
939 3960 1214 4003 clncuenta
1245 3960 1462 4015 sanetas
1483 3960 1545 4003 de
1565 3962 1722 4015 trigo,
1745 3974 1780 4017 y
1799 3962 1970 4005 ciento
1992 3974 2027 4019 y
2046 3964 2323 4006 cincuenta
2344 3962 2597 4017 ducadosu
2622 3976 2655 4019 y
2678 3966 2726 4007 el
2748 3964 2965 4009 Cabildo
2984 3966 3173 4009 mando

693 4038 948 4085 aprontar
967 4032 1032 4075 de
1052 4042 1112 4075 su
1132 4042 1275 4075 mesa
1297 4034 1560 4087 capitular
1579 4038 1701 4076 otta
1721 4040 1873 4076 tanta
1897 4034 2141 4078 cantidad
2164 4034 2225 4077 de
2247 4046 2349 4088 pan
2369 4048 2405 4091 y
2422 4036 2721 4079 maravedis
2736 4068 2749 4089 ‚
2769 4050 2805 4093 y
2819 4048 2918 4091 que
2938 4048 3171 4092 empezn-

696 4114 752 4146 oe
771 4108 886 4147 esta
917 4102 1135 4147 llmosna
1154 4104 1308 4147 desde
1331 4106 1378 4147 cl
1401 4103 1577 4147 Lunes
1599 4104 1730 4148 ocho
1753 4106 1816 4148 de
1835 4104 2011 4149 Marto
2033 4117 2096 4149 en
2116 4107 2163 4149 el
2195 4106 2425 4161 hospital
2446 4107 2509 4150 de
2544 4106 2649 4150 San
2679 4106 2955 4152 Sebastian
2970 4140 2981 4161 .
3006 4109 3171 4153 donde

695 4186 752 4218 se
781 4174 1015 4229 repartio
1035 4178 1068 4219 a
1095 4177 1174 4219 los
1207 4178 1441 4231 pobres.„
1463 4176 1642 4219 Gouaz
1674 4176 1877 4229 Baavo,
1900 4178 1931 4221 l.
1952 4190 2012 4231 c..
2034 4178 2123 4222 ub.
2144 4190 2179 4231 1,
2200 4188 2314 4231 cap.
2340 4180 2379 4232 1,
2400 4190 2522 4233 pag.
2542 4178 2804 4223 &iz—“La
2834 4182 3059 4225 coseeha
3085 4182 3173 4225 sue

695 4256 818 4303 may
835 4252 984 4291 corta
1006 4254 1118 4291 este
1139 4250 1240 4291 ano
1258 4248 1414 4299 (1556).
1437 4260 1468 4302 y
1488 4260 1584 4303 por
1605 4248 1919 4292 Noviembre
1936 4250 2079 4293 valla
2098 4260 2170 4307 yn
2190 4251 2244 4293 la
2264 4250 2454 4305 sanega
2474 4250 2537 4293 de
2560 4252 2699 4307 trigo
2720 4254 2836 4295 mas
2855 4252 2919 4295 de
2938 4254 3115 4296 veinte
3135 4266 3171 4309 y

693 4325 878 4363 cuatro
900 4320 1084 4363 reales.
1107 4318 1171 4363 El
1193 4319 1410 4363 Cablldo
1433 4324 1576 4365 trato
1597 4321 1682 4364 del
1699 4332 1915 4365 socorro
1935 4322 1997 4365 de
2018 4322 2096 4365 los
2118 4324 2307 4375 pobres
2330 4334 2395 4365 en
2416 4328 2508 4365 tan
2528 4330 2751 4377 urgente
2772 4324 3065 4377 necesidad.
3086 4338 3121 4381 y
3142 4328 3177 4369 ί

695 4396 906 4434 catorce
926 4390 1010 4435 del
1039 4392 1222 4435 mismo
1243 4402 1351 4434 mes
1371 4392 1558 4436 mando
1577 4404 1676 4447 que
1697 4394 1760 4436 de
1793 4404 1856 4436 su
1885 4404 2028 4437 mesa
2058 4406 2093 4450 y
2114 4394 2283 4438 Obras
2316 4395 2431 4449 pias
2464 4406 2521 4438 se
2554 4396 2877 4449 repartiesen
2908 4398 3040 4441 cada
3068 4410 3176 4441 mes

695 4462 970 4509 clncuenta
1003 4464 1092 4507 mll
1123 4464 1422 4509 maravedis
1437 4497 1448 4515 ,
1469 4477 1504 4520 y
1523 4466 1572 4508 el
1603 4464 1750 4509 Dean
1767 4499 1778 4519 ,
1799 4466 1913 4509 Don
1935 4466 2067 4518 Jnan
2090 4467 2153 4509 de
2186 4466 2442 4517 Corduba.
2466 4468 2659 4511 ofrecio
2681 4471 2882 4525 ayudar
2903 4472 3035 4515 cada
3068 4480 3177 4513 mes

695 4546 794 4579 con
817 4534 929 4579 dlez
961 4546 997 4591 y
1017 4534 1122 4579 seis
1153 4536 1242 4579 mil
1273 4548 1304 4589 y
1325 4537 1632 4581 sciscientes
1661 4539 1964 4581 maravedis
1996 4550 2127 4593 para
2158 4542 2207 4582 la
2241 4540 2395 4583 dicha
2426 4541 2659 4584 limosna.
2683 4542 2750 4584 El
2770 4541 2959 4596 obispo
2992 4553 3087 4597 por
3114 4552 3177 4585 su

695 4612 848 4660 parte
867 4606 1176 4663 contribnyo
1198 4618 1292 4651 con
1311 4608 1549 4651 raciones
1569 4609 1632 4651 de
1652 4620 1755 4663 pan
1773 4642 1786 4663 ‚
1808 4622 1840 4663 v
1863 4612 2091 4654 socon-rio
2112 4612 2163 4654 al
2186 4610 2407 4655 Cabildo
2436 4624 2531 4655 con
2562 4613 2775 4667 porcien
2797 4614 2859 4656 de
2881 4614 3017 4669 trigo
3046 4624 3177 4668 para

697 4678 940 4721 sembrar
963 4678 1040 4721 los
1061 4678 1273 4733 cortlJos
1295 4678 1356 4721 de
1379 4690 1438 4722 su
1461 4690 1646 4732 mesa...
1666 4679 1742 4723 In.
1765 4682 1917 4732 ibid„
1934 4692 2059 4737 pag.
2078 4682 2173 4726 ⁴61.

780 4752 802 4777 *
857 4748 932 4793 De
955 4748 1035 4793 his
1055 4752 1204 4805 plura
1227 4751 1278 4794 in
1301 4749 1450 4795 Nova
1473 4752 1625 4795 Serie
1644 4753 1959 4797 litterarum
1984 4754 2172 4799 Sancti
2198 4755 2445 4809 Ignauia-
2478 4756 2613 4799 Vide
2636 4758 2795 4800 etiam
2816 4756 2975 4811 infra,
2996 4768 3045 4802 n.
3066 4757 3173 4801 933.
