3742 5392
1695 406 1823 465 ΑΝ.
1868 404 2010 463 1554
2992 400 3104 460 263

624 568 779 615 rem
822 567 1193 613 numerum
1235 551 1829 616 scholasticorum
1875 550 2253 615 Societatis
2295 547 2622 611 alendum
2668 546 2938 609 servire
2979 564 3098 627 po-

626 662 926 723 tuissent
962 658 1001 717 ⁸.

747 768 889 831 565.
978 768 1155 832 Cum
1217 768 1443 832 nostri
1504 767 1951 831 Viennenses
2009 765 2409 844 complures
2471 764 2744 825 litteras
2797 762 3100 825 Romam

629 875 1021 954 misissent,
1054 894 1235 956 quae
1266 878 1353 939 de
1384 875 1593 937 rebus
1623 872 2003 937 Societatis
2027 872 2371 951 agebant,
2405 880 2474 933 et
2503 871 2736 932 nullae
2781 870 3097 949 ipsarum

630 982 721 1045 acl
750 982 826 1045 Ρ.
860 983 1215 1061 Ignatium
1244 983 1800 1059 destinarentur,
1826 978 2129 1058 injunxit
2153 979 2268 1041 ille
2293 988 2370 1041 ut
2393 995 2638 1041 omnes
2663 977 3095 1039 remitteren-

632 1098 745 1151 tur
776 1089 867 1152 ad
896 1107 1052 1168 ρος,
1082 1101 1151 1153 et
1194 1089 1561 1153 admoneri
1601 1106 1724 1151 eos
1756 1086 1966 1165 Jussit
2005 1098 2082 1149 ut
2121 1086 2194 1148 in
2237 1094 2598 1165 posterum
2643 1100 2888 1147 omnes
2919 1084 3097 1147 litte-

630 1213 774 1273 raS,
810 1196 902 1259 ad
931 1195 1361 1259 Societatem
1398 1192 1864 1276 pertinentes,
1921 1194 2140 1273 capiti
2183 1191 2562 1256 Societatis
2602 1191 3094 1267 inscriberent;

636 1304 723 1366 de
750 1304 961 1367 rebus
1006 1314 1244 1367 autem
1280 1312 1348 1366 et
1396 1303 1704 1382 negotiis
1754 1301 2303 1381 particularibus
2353 1300 2444 1362 ad
2494 1298 2710 1361 alium
2754 1297 3096 1361 destinari

632 1412 909 1474 litteras
938 1430 1080 1473 non
1109 1411 1529 1491 prohibebat
1557 1410 1599 1469 *.

747 1516 888 1579 566.
976 1518 1155 1581 Cum
1188 1518 1497 1598 quinque
1527 1517 1815 1579 scholas
1858 1516 2084 1579 nostri
2126 1514 2573 1595 aperuissent
2616 1514 2688 1575 in
2727 1530 2917 1575 novo
2958 1514 3096 1574 col-

629 1625 848 1702 legio,
882 1625 1127 1687 decem
1165 1625 1237 1687 in
1280 1625 1383 1687 eis
1419 1634 1926 1704 praeceptores
1967 1622 2414 1701 occupabant
2457 1629 2532 1682 ut
2572 1619 2783 1682 iidem
2821 1620 2941 1698 illi,
2975 1620 3095 1699 qui

628 1731 1163 1810 praelegebant,
1198 1732 1376 1794 alias
1406 1731 1746 1793 lectiones
1774 1729 2097 1810 publicas
2127 1727 2632 1791 Universitatis
2663 1726 2908 1789 audire
2936 1742 3094 1805 pos-

626 1847 816 1915 sent,
850 1855 1027 1917 quas
1056 1838 1525 1918 promovendi
1562 1838 1655 1900 acl
1690 1835 2184 1915 magisterium
2221 1833 2468 1897 audire
2506 1832 2708 1913 Juxta
2749 1841 3094 1895 statutum

628 1943 1131 2006 Universitatis
1162 1944 1633 2023 cogebantur;
1678 1944 1856 2005 alias
1889 1943 2104 2005 etiam
2143 1940 2580 2019 theologicas
2611 1938 2856 2002 audire
2892 1939 3093 2001 debe·

629 2050 829 2127 bant,
870 2067 959 2112 ne
988 2060 1487 2131 praeceptores
1527 2050 1797 2130 egregii
1840 2048 2219 2130 perpaucis
2250 2047 2692 2110 auditoribus
2729 2046 3093 2125 praelege-

628 2167 821 2233 rent;
856 2154 1017 2219 inde
1054 2167 1291 2218 tamen
1330 2157 1699 2219 accidebat
1738 2166 1812 2219 ut
1858 2156 2094 2218 minus
2132 2156 2356 2217 nostri
2400 2153 2828 2233 proficerent
2877 2170 3092 2233 quam

624 2280 755 2341 par
777 2276 951 2325 erat.
977 2262 1352 2327 Lectiones
1376 2274 1747 2343 praeterea
1769 2263 2213 2341 theologicae
2243 2262 2348 2324 sic
2367 2260 2986 2342 praelegebantur‚
3017 2271 3098 2322 ut·

624 2369 748 2432 vix
776 2369 1049 2432 duobus
1075 2370 1280 2432 annis
1310 2371 1608 2449 epistola
1634 2370 1723 2432 ad
1758 2368 2118 2432 Romanos
2140 2369 2416 2431 absolvi
2438 2367 2767 2447 potuerit,
2795 2375 2862 2429 et
2887 2384 3086 2446 quar-

622 2488 737 2539 tus
758 2477 935 2539 liber
950 2478 1461 2539 sententiarum
1480 2494 1521 2539 a
1536 2476 1612 2539 P.
1641 2476 1987 2539 Gaudano
2006 2474 2295 2538 totidem
2318 2474 2523 2537 annis
2541 2476 2940 2554 praelectus
2957 2486 3086 2536 est.

626 2582 989 2645 Admoniti
1020 2593 1183 2646 sunt
1212 2600 1383 2661 ergo
1415 2584 1637 2646 nostri
1669 2582 2136 2659 ViennenseS,
2178 2582 2483 2661 primum
2521 2590 2597 2643 ut
2635 2597 3093 2660 progressum

624 2688 965 2769 majorem
996 2690 1435 2769 professores
1466 2692 1813 2767 facerent,
1847 2690 2098 2752 deinde
2127 2701 2204 2752 ut
2245 2690 2363 2769 qui
2407 2687 2944 2751 humanioribus
2985 2687 3084 2749 lit-

628 2797 797 2859 teris
829 2806 897 2859 et
935 2797 1425 2877 philosophiae
1476 2798 1739 2859 (labant
1790 2812 2113 2875 operam,
2157 2794 2392 2876 quoad
2437 2793 2587 2873 ejus
2627 2793 2780 2857 fieri
2823 2804 3090 2873 posset,

534 2910 541 2919 “
622 2902 1042 2983 theologicis
1070 2904 1489 2967 lectionibus
1526 2921 1669 2966 non
1712 2911 2254 2983 occuparentur3
2288 2911 2356 2965 et
2388 2900 2962 2989 commendatum
2988 2910 3098 2963 est

625 3008 912 3073 Rectori
935 3021 1011 3074 ut
1035 3012 1221 3074 serio
1246 3020 1531 3101 curaret
1556 3020 1631 3073 ut
1656 3010 1881 3073 nostri
1910 3009 2164 3071 eruditi
2194 3008 2265 3070 in
2289 3026 2420 3071 sua
2444 3008 2738 3089 quisque
2763 3007 3102 3071 facultate

630 3116 1054 3196 evaderent;
1079 3126 1149 3179 et
1172 3118 1232 3179 si
1256 3116 1347 3180 ad
1370 3118 1717 3179 honorem
1740 3114 2248 3179 Universitatis
2271 3115 2627 3194 pertinere
2651 3114 3100 3189 censebatur,

716 3357 733 3391 ¹
790 3356 935 3401 Haec
968 3358 1129 3401 etiam
1168 3358 1500 3401 eontinentur
1532 3368 1721 3412 snpra,
1754 3364 1932 3401 annot.
1961 3356 2218 3413 praeced„
2241 3356 2544 3400 memoratis
2573 3357 2766 3400 litteris
2799 3354 3007 3399 Polanci
3036 3356 3106 3400 nd

637 3426 909 3484 Lanoyum
930 3429 1067 3472 datis
1086 3428 1141 3472 22
1158 3429 1484 3473 Novembris.

710 3498 733 3529 ⁸
788 3498 1133 3554 Praeceptum
1156 3501 1252 3544 hoc
1269 3534 1279 3554 ,
1301 3502 1363 3543 de
1384 3501 1578 3545 litteris
1598 3500 1885 3543 scribendis
1906 3504 1958 3543 et
1981 3498 2030 3542 S.
2049 3498 2255 3553 Ignatio
2275 3511 2376 3543 non
2398 3498 2546 3542 Patri
2568 3498 2792 3543 Polanco
2821 3498 3106 3553 superscri-

632 3570 813 3613 bendis
832 3582 923 3615 sen
944 3572 1244 3625 dirigendis,
1260 3573 1439 3616 datum
1456 3573 1567 3627 jam
1586 3572 1792 3626 saepius
1812 3580 1865 3614 et
1887 3572 2120 3625 pluribus
2141 3572 2258 3615 aliis
2277 3576 2492 3625 praeter
2513 3580 2668 3625 qnam
2686 3570 2893 3614 Canisio
2915 3571 3108 3617 fuerat.

632 3642 761 3686 Cum
782 3642 919 3686 enim
940 3642 1175 3687 viderent
1199 3644 1333 3687 Socii
1364 3654 1455 3697 per
1478 3644 1741 3697 Europam
1762 3643 1981 3696 dispersi
2013 3643 2118 3685 suls
2140 3642 2356 3693 litteris,
2377 3642 2443 3685 ad
2474 3642 2734 3695 Ignatium
2755 3642 2892 3685 datis
2907 3674 2918 3689 .
2941 3642 3106 3686 Roma

634 3724 725 3766 per
759 3712 1039 3756 Polancum
1062 3714 1303 3757 rescribi.
1324 3715 1389 3757 ad
1420 3714 1701 3758 Polancum
1722 3722 1774 3756 et
1810 3724 1910 3756 non
1940 3714 2006 3757 ad
2029 3713 2290 3767 Ignatium
2323 3713 2530 3756 litteras
2565 3724 2686 3755 suas
2720 3714 3110 3765 superscribere

632 3791 930 3839 coeperunt.
960 3784 1217 3829 Poiancus
1236 3792 1411 3829 tamen
1432 3797 1501 3829 ex
1532 3786 1911 3829 commissione
1934 3784 2126 3839 Ignatii
2147 3784 2468 3828 rescribebat
2491 3793 2542 3827 et
2563 3786 2612 3827 in
2629 3784 2958 3829 rescribendo
2979 3784 3108 3829 nihil

638 3856 779 3899 aliud
813 3863 958 3911 erat,
978 3864 1035 3900 ut
1072 3857 1179 3911 ipse
1214 3858 1289 3901 ait
1310 3857 1525 3911 (cartas
1554 3858 1621 3901 de
1644 3857 1755 3899 San
1776 3856 2014 3909 Ignacio,
2034 3862 2072 3899 t.
2104 3866 2178 3909 m,
2202 3867 2320 3910 pag.
2345 3854 2460 3911 130),
2484 3868 2636 3909 quam
2671 3855 2860 3910 Ignatii
2894 3868 3107 3912 respon·

634 3927 805 3970 dentis
824 3938 1022 3971 manus.
1044 3927 1166 3971 Ideo
1186 3930 1253 3972 ad
1274 3928 1533 3982 ignatium
1554 3930 1765 3973 litterae
1785 3928 2248 3981 supet-scribendae
2263 3941 2275 3981 ;
2293 3928 2497 3970 minime
2515 3938 2640 3971 vero
2662 3930 2728 3971 ad
2749 3929 2860 3983 ejus
2883 3941 3116 3982 manum,

635 4008 817 4052 nempe
837 4000 1595 4054 secretarium.—Praeceptum
1616 4006 1793 4044 autem
1812 4006 1932 4043 erat
1963 3999 2277 4055 hujusmodi:
2299 3998 2481 4043 “Circa
2502 4001 2538 4043 u
2569 4000 2714 4043 modo
2737 4000 2786 4043 di
2805 4001 3037 4043 scrivere
3058 4002 3105 4044 le

634 4072 823 4113 lettere
844 4072 1211 4123 appartenenti
1233 4074 1339 4115 alla
1362 4072 1683 4127 compagnia
1703 4072 1999 4116 universale
2022 4083 2051 4114 ο
2073 4082 2200 4113 vero
2223 4071 2274 4114 al
2296 4070 2528 4125 Collegio
2551 4072 2600 4113 di
2622 4070 2839 4115 Genova
2857 4072 3108 4122 (desumi-

636 4152 750 4184 mus
782 4140 913 4184 haec
944 4152 1007 4184 ex
1043 4142 1238 4186 litteris
1273 4144 1337 4187 ad
1375 4144 1429 4185 Ρ.
1452 4144 1735 4187 Antonium
1770 4142 2085 4195 Soldeviila‚
2118 4140 2330 4186 Genuae
2360 4142 2632 4195 degentem
2665 4144 2914 4197 scriptis),
2937 4142 3003 4186 V.
3033 4142 3098 4187 R.

632 4214 666 4255 1·
687 4212 895 4255 indrizzi
916 4224 947 4255 a
969 4212 1161 4257 Nostro
1183 4214 1367 4268 Padre3
1386 4226 1591 4269 sempre
1612 4215 1659 4257 d·
1678 4216 1814 4257 altre
1838 4224 1957 4256 cose
1977 4214 2185 4267 private
2202 4245 2212 4265 ,
2235 4215 2276 4255 s’
2295 4224 2591 4266 occorreno,
2609 4216 2655 4256 le
2678 4216 2830 4267 poti-a
2851 4214 3110 4258 indrizzar

635 4295 667 4325 a
690 4294 769 4326 me
790 4294 818 4325 ο
840 4282 905 4325 ad
926 4286 1051 4327 altri
1085 4296 1177 4338 per
1198 4286 1347 4329 modo
1368 4286 1414 4327 d’
1434 4286 1721 4329 introclnsa
1752 4290 1940 4338 aperta
1961 4292 2014 4327 et
2035 4283 2250 4327 iacendo
2272 4285 2406 4326 nelle
2440 4286 2628 4327 lettere
2649 4285 2699 4327 di
2719 4284 2908 4328 Nostro
2935 4284 3106 4330 Padre

635 4354 895 4397 mentione
916 4353 969 4406 di
990 4355 1081 4397 tall
1110 4356 1299 4399 lettere
1314 4388 1325 4409 ,
1347 4356 1536 4410 perche
1559 4364 1741 4410 questo
1762 4359 1789 4398 e
1812 4355 1990 4398 ordine
2010 4365 2120 4399 suo.
2143 4354 2292 4398 oltra
2313 4355 2365 4398 di
2386 4362 2584 4409 questo,
2606 4357 2654 4399 le
2675 4368 2793 4400 cose
2816 4357 2910 4400 che
2932 4368 3106 4411 posso-

638 4436 702 4467 no
736 4425 832 4468 dar
860 4424 1211 4478 edificatione.
1231 4428 1378 4471 siano
1411 4430 1463 4471 in
1499 4430 1692 4472 lettera
1734 4428 2018 4482 principale
2049 4434 2101 4469 et
2135 4414 2464 4479 mostrnbile;
2485 4428 2533 4470 le
2563 4429 2700 4471 altre
2730 4428 2794 4471 de
2827 4428 3024 4483 negotli
3053 4430 3108 4473 in

636 4499 827 4539 lettere
850 4496 1127 4541 introcluse
1142 4530 1153 4551 ,
1176 4500 1365 4551 perche
1386 4501 1551 4543 anche
1574 4508 1755 4554 questo
1776 4509 1996 4541 osserva
2014 4499 2070 4540 la
2091 4496 2500 4552 Compagnia...„
2518 4498 2574 4541 22
2593 4498 2899 4543 Novembris
2923 4501 3045 4544 1554.

720 4566 853 4611 Huic
886 4576 1059 4611 autem
1090 4576 1375 4625 praecepto
1408 4572 1645 4625 paruisse
1680 4570 1944 4615 canisium
1977 4557 2124 4623 patet
2153 4569 2346 4624 legenti
2375 4578 2720 4615 memoratum
2749 4583 2876 4625 opus
2899 4572 3112 4617 Canisii.

644 4638 934 4693 Epistulae
956 4644 1005 4682 et
1024 4639 1175 4686 Acta.
1226 4670 1231 4677 -
