3742 5392
725 500 836 559 428
1646 500 1902 561 Canon.
1944 500 2098 561 Soc.
2140 500 2280 574 JES.

844 645 986 709 922.
1077 646 1263 709 Ante
1294 644 1632 710 Natalitia
1676 646 1859 709 festa
1910 644 2120 725 hujus
2170 647 2361 726 anni,
2415 663 2579 709 cum
2622 646 2915 726 J'ubilaei
2954 652 3193 729 gratia

730 751 1064 816 Conchae
1093 755 1544 834 promulgata
1574 763 1785 832 esset,
1819 754 2185 834 copiosam
2214 751 2595 818 admodum
2624 772 2927 818 messem
2956 758 3196 836 poeni·

724 860 1024 924 tentium
1049 862 1276 924 nostri
1303 860 1728 938 habuerunt;
1761 861 1886 925 sed
1916 877 2049 924 nec
2078 860 2338 924 oblitus
2360 869 2468 923 est
2491 878 2759 940 eorum,
2789 863 2907 943 qui
2939 864 3009 926 in
3034 880 3193 927 car·

723 984 886 1029 cere
916 968 1445 1045 detinebantur,
1480 967 1556 1032 P.
1589 967 1920 1046 Pertusa,
1954 966 2211 1048 quibus
2254 976 2322 1029 et
2344 965 2731 1047 Jubilaeum
2769 966 3192 1048 declaravit,

723 1084 793 1135 et
822 1090 1068 1137 eorum
1098 1074 1410 1137 omnium
1439 1074 1714 1138 audivit
1741 1072 2251 1152 confessioneS,
2290 1090 2462 1153 quos
2493 1073 2583 1137 ad
2613 1073 2684 1137 id
2707 1075 3045 1139 inducere
3072 1094 3195 1157 po-

723 1180 878 1259 tuit,
912 1182 1165 1262 quibus
1207 1180 1561 1245 dominica
1599 1180 1712 1243 die
1751 1190 1818 1244 et
1859 1178 2155 1243 Missam
2197 1179 2409 1255 dixit,
2454 1190 2524 1243 et
2562 1178 2881 1245 SSmum.
2932 1181 3200 1247 Christi.

724 1306 987 1369 corpus
1014 1288 1561 1353 administravit.
1597 1288 2098 1366 Cognoscebat
2140 1288 2529 1350 canonicus
2570 1286 2823 1351 Petrus
2853 1288 2967 1353 del
3007 1288 3195 1352 Pozo

726 1396 798 1459 in
827 1395 978 1459 dies
1007 1396 1238 1476 magis
1277 1396 1725 1474 beneficium,
1773 1395 1965 1475 quod
2002 1414 2045 1459 a
2082 1394 2395 1459 Domino
2438 1406 2847 1476 acceperat,
2896 1396 3084 1476 quod
3122 1397 3195 1459 in

724 1503 1012 1566 domum
1039 1520 1244 1567 suam
1272 1502 1700 1568 Societatem
1728 1512 2049 1566 nostram
2076 1503 2505 1581 induxisset;
2538 1512 2609 1566 et
2650 1502 2749 1566 ita
2780 1519 2985 1566 suum
3027 1520 3199 1565 con·

723 1608 897 1673 didit
927 1618 1446 1688 testamentum,
1482 1626 1622 1689 quo
1653 1609 2035 1671 haeredem
2066 1608 2375 1672 faciebat
2404 1609 2719 1672 omnium
2750 1626 3043 1672 suorum
3073 1610 3193 1671 bo·

725 1734 982 1780 norum
1035 1717 1397 1779 mobilium
1453 1715 1847 1795 Collegium
1901 1724 2249 1795 nostrum,
2282 1724 2351 1779 et
2407 1715 2783 1796 diligenter
2839 1717 3189 1781 rationem

725 1824 904 1887 inire
933 1824 1259 1887 studebat
1289 1823 1694 1904 applicandi
1722 1821 1953 1886 eidem
1983 1821 2300 1901 Collegio
2330 1831 2689 1885 trecentos
2719 1824 2835 1886 vel
2865 1822 3193 1902 quadrin-

729 1942 982 2007 gentos
1011 1931 1309 1993 ducatos
1339 1930 1556 1992 annui
1585 1929 1856 1993 reditus
1891 1926 1933 1987 ¹.

847 2037 986 2101 923.
1075 2038 1264 2100 Inter
1293 2054 1439 2113 eOS,
1475 2037 1593 2115 qui
1622 2036 1985 2100 exercitiis
2015 2036 2500 2116 spiritualibus
2525 2036 2857 2100 instructi
2876 2036 3181 2115 fuerunt,

733 2145 1072 2208 sacerdos
1110 2144 1398 2224 quidam
1440 2144 1835 2206 honoratus
1888 2152 1956 2205 et
2000 2144 2289 2223 quidam
2342 2159 2723 2207 causarum
2770 2152 3199 2223 procurator

729 2252 1024 2314 multum
1053 2250 1565 2314 aedificationis
1587 2250 1993 2313 hominibus
2016 2249 2381 2325 dederunt,
2410 2260 2478 2312 et
2504 2250 2857 2329 posterior
2888 2248 3191 2313 officium
3211 2326 3225 2339 ⁸

731 2358 1032 2437 reliquit,
1066 2367 1134 2420 et
1165 2375 1346 2438 quae
1369 2357 1673 2420 habebat
1696 2356 1768 2419 in
1792 2356 1905 2418 his
1927 2356 2327 2437 expendere
2352 2356 2883 2436 decrevit,quae
2914 2355 3006 2419 ad
3027 2374 3197 2419 con·-

736 2465 1072 2527 scientiae
1130 2464 1584 2527 securitatem
1633 2460 2020 2541 juvabant:
2079 2463 2458 2542 quemdam
2507 2463 2722 2526 etiam
2770 2463 3053 2541 laicum,
3108 2481 3200 2527 ex

731 2572 1090 2636 exercitiis
1129 2571 1223 2634 ad
1257 2570 1683 2635 Societatem
1723 2570 2194 2648 aspirantem,
2238 2568 2327 2632 ad
2366 2568 2757 2633 domestica
2803 2570 3200 2639 ministeria⁴

735 2678 1001 2742 Rector
1033 2674 1594 2759 [admittendum]
1627 2677 1928 2757 putavit.

855 2786 943 2850 Et
973 2787 1152 2849 haec
1185 2785 1270 2847 de
1302 2785 1499 2848 initio
1531 2784 1969 2848 Conchensis
1999 2783 2321 2862 Collegii.

854 3426 997 3489 924.
1083 3424 1238 3489 Hoc
1273 3427 1521 3489 eodem
1543 3444 1731 3490 anno
1751 3427 1823 3490 in
1848 3427 2099 3489 eadem
2120 3426 2500 3489 Provincia
2524 3428 2874 3491 Castellae
2896 3428 3034 3491 tria
3062 3428 3207 3490 alia

737 3534 1053 3613 Collegia
1081 3534 1378 3627 fuerunt⁴
1412 3534 1769 3597 inchoata:
1802 3549 2021 3596 unum
2067 3533 2351 3612 quidem
2396 3534 2698 3612 Abulae;
2746 3536 3047 3598 alterum
3088 3549 3203 3597 au·

737 3650 880 3702 tem
917 3616 1408 3720 Septimancis',
1463 3640 1788 3719 quamvis
1837 3640 2075 3719 potius
2121 3640 2557 3720 probationis
2603 3640 2858 3704 domus
2899 3639 3204 3704 dicenda

738 3754 914 3823 erat,
955 3747 1121 3810 licet
1151 3747 1488 3810 lectiones
1527 3746 1877 3826 quaedam
1911 3746 2426 3825 grammaticae
2468 3746 2561 3810 ibi
2591 3748 3201 3827 praelegerentur;

741 3853 1026 3916 tertium
1056 3852 1482 3933 Placentiae,
1517 3854 1602 3917 de
1632 3854 1889 3935 quibus
1918 3862 2085 3916 tunc
2129 3861 2405 3933 agetur,
2454 3871 2615 3917 cum
2655 3853 2741 3916 de
2782 3854 2995 3917 rebus
3039 3872 3081 3917 a
3126 3852 3205 3917 P.

744 3959 1130 4025 Francisco
1159 3958 1425 4039 Borgia
1455 3961 1678 4039 gestis
1711 3961 1922 4039 paulo
1958 3958 2253 4023 inferius
2285 3960 2775 4023 tractabimus.

819 4200 838 4233 ¹
905 4201 1036 4245 Vide
1061 4213 1235 4257 supra,
1259 4214 1376 4256 pag.
1392 4202 1471 4245 424
1493 4214 1540 4245 n.
1561 4202 1657 4245 915.
