3742 5392
1631 483 1760 542 ΑΝ.
1805 483 1943 543 1554
2914 487 3026 546 665

549 643 838 706 semper
869 626 1084 707 aliqui
1113 636 1318 691 erant
1363 628 1436 690 in
1475 627 1792 716 Collegio
1831 629 2345 694 catechumeni:
2392 629 2849 694 nihilominus
2882 631 3020 695 illis

555 735 631 796 in
659 734 832 798 locis
861 735 1232 798 sicciorem
1267 734 1282 766 ¹
1315 752 1471 799 esse
1501 753 1789 800 crucem
1826 734 2115 800 Domini
2154 737 2391 802 multis
2433 754 2647 817 quam
2675 737 2748 800 in
2778 737 3021 802 Portu-

555 840 772 920 gallia
804 841 1090 921 quidam
1121 857 1281 905 eam
1308 841 1598 920 ferrent,
1632 841 1934 907 affirmat
1964 842 2010 903 ².

679 946 769 1011 Et
797 947 975 1010 haec
1005 948 1094 1011 de
1122 947 1388 1013 Goensi
1428 948 1771 1030 CollegiO.

1042 1482 1170 1546 DE
1213 1481 1643 1562 RELIQUIS
1684 1482 2012 1548 INDIAE
2054 1483 2539 1549 COLLEGIIS

681 1906 857 1971 1432.
945 1907 1024 1970 In
1075 1908 1367 1972 civitate
1406 1908 1727 1974 Ormuzii
1766 1910 1903 1973 hoc
1944 1929 2131 1974 anno
2172 1922 2501 1977 versatus
2542 1922 2649 1976 est
2692 1912 2766 1977 P.
2802 1912 3025 1976 Anto-

555 2015 716 2078 nius
757 2015 844 2078 de
894 2014 1203 2078 Heredia
1255 2033 1416 2078 cum
1455 2017 1768 2097 quodam
1811 2017 2055 2096 fratre;
2098 2029 2167 2082 et
2207 2038 2388 2100 quae
2420 2036 2607 2082 anno
2638 2020 3023 2100 praeterito

556 2131 913 2203 coeperat,
940 2123 1075 2185 hoc
1106 2123 1320 2185 etiam
1351 2133 1824 2204 prosequutus
1846 2133 1977 2201 est,
2010 2143 2153 2188 non
2184 2126 2523 2190 mediocri
2552 2143 2715 2190 curn
2758 2125 3017 2189 fructu.

547 2228 738 2308 Quia
772 2247 904 2291 arx
933 2230 1400 2294 lusitanorum
1431 2232 1692 2310 exigua
1731 2241 1860 2310 est,
1906 2241 2109 2296 extra
2144 2233 2344 2296 illam
2385 2233 2457 2296 in
2488 2233 2778 2295 civitate
2821 2233 3023 2295 multi

555 2336 844 2400 lusitani
871 2336 1217 2417 habitant,
1253 2347 1320 2400 et
1351 2339 1742 2418 octingenti
1772 2339 1911 2402 viri
1952 2347 2021 2402 et
2059 2340 2440 2420 aliquando
2486 2339 2675 2402 mille
2705 2340 3018 2419 lusitani,

555 2453 838 2522 praeter
871 2445 1201 2508 mulieres
1245 2455 1313 2509 et
1353 2447 1782 2509 mamelucos
1827 2449 2029 2528 (quos
2066 2447 2374 2510 diximus
2412 2465 2504 2510 ex
2542 2455 2745 2527 patre
2784 2447 3025 2510 lusita-

553 2568 646 2613 no
677 2559 747 2613 et
776 2563 1002 2615 matre
1033 2552 1367 2632 indigena
1397 2553 1644 2631 nasci),
1677 2563 2081 2618 versantur:
2116 2565 2279 2617 sunt
2302 2562 2370 2617 et
2393 2554 2534 2616 alia
2562 2556 2785 2618 multa
2815 2570 3025 2633 gene·

553 2674 637 2719 ra
666 2658 1034 2722 nationum
1057 2669 1126 2722 et
1153 2668 1532 2723 sectarum.
1565 2661 1691 2724 Est
1720 2671 1957 2724 autem
1978 2661 2051 2724 in
2073 2661 2213 2724 27.⁰
2232 2661 2463 2740 gradu
2492 2678 2749 2724 versus
2778 2662 3019 2740 polum

551 2764 879 2829 articum.
921 2763 1164 2829 Nostri
1203 2777 1464 2847 autem,
1507 2785 1703 2831 more
1745 2767 2223 2848 collegialium
2260 2768 2655 2847 goensium,
2699 2767 3021 2831 vestibus

554 2872 882 2952 oblongis
919 2873 1322 2953 utebantur,
1364 2893 1454 2937 ex
1496 2891 1733 2955 panno
1773 2874 2082 2954 quodam
2120 2875 2329 2954 nigro
2366 2875 2662 2954 (teadan
2707 2876 3019 2954 vocant),

552 2980 676 3060 qui
705 2980 909 3059 quasi
938 2997 1028 3043 ex
1057 2991 1265 3061 stupa
1294 2981 1517 3045 tincta
1547 2981 1938 3046 conficitur.

682 3085 855 3149 1433.
946 3085 1357 3152 Proximum
1409 3087 1744 3152 Ormuzio
1775 3099 1883 3152 est
1913 3089 2309 3168 Collegium
2348 3096 2673 3153 nostrum
2704 3087 3025 3166 Bazaini,

555 3193 886 3273 quamvis
926 3195 1248 3273 plurimis
1290 3194 1508 3258 leucis
1555 3195 1642 3258 ab
1680 3213 1766 3258 eo
1808 3196 2041 3259 distet:
2089 3196 2183 3259 ibi
2221 3195 2297 3259 P.
2334 3193 2741 3259 Gonsalvus
2768 3193 3019 3259 Rodri·

551 3315 738 3377 guez
788 3317 950 3364 cum
999 3300 1271 3365 duobus
1319 3302 1660 3365 fratribus
1697 3313 1766 3365 et
1805 3319 2187 3382 puerorum
2230 3301 2529 3380 collegio
2562 3301 3011 3365 versabatur.

558 3407 794 3469 ‚insula
824 3419 930 3470 est
961 3407 1274 3488 Bazaini‚
1307 3409 1432 3472 sed
1462 3411 1853 3472 continenti
1882 3409 2091 3472 valde
2125 3409 2387 3487 vicina,
2431 3409 2504 3470 in
2533 3407 2779 3470 decem
2810 3417 2878 3470 et
2910 3425 3027 3470 no-

559 3529 720 3574 vem
749 3512 1088 3592 gradibus
1118 3533 1279 3578 cum
1311 3515 1599 3579 dimidio
1632 3533 1883 3579 versus
1914 3516 2151 3596 polum
2175 3516 2335 3586 sita.
2373 3515 2490 3578 ubi
2514 3530 2777 3593 magna
2810 3514 3027 3577 etiam

555 3637 1062 3684 saracenorum
1094 3633 1162 3684 ct
1195 3624 1562 3701 gentilium
1591 3623 1967 3703 permixtio
1998 3633 2127 3701 est,
2161 3631 2231 3685 et
2260 3622 2423 3685 inde
2454 3622 2878 3701 principium
2916 3621 3023 3684 In-

557 3725 717 3789 diae
739 3728 919 3790 solet
949 3731 1366 3808 computari,
1403 3747 1583 3811 quae
1613 3731 1960 3794 ducentas
1989 3740 2058 3792 et
2090 3729 2605 3810 quinquaginta
2635 3730 2877 3792 leucas
2908 3747 3026 3792 us·

559 3851 694 3912 que
725 3834 817 3897 ad
847 3834 1074 3915 Caput
1118 3835 1482 3900 Comurini
1521 3839 1899 3917 protendit,
1954 3846 2023 3900 et
2062 3846 2168 3901 est
2210 3837 2447 3900 vicina
2486 3835 2750 3914 insigni
2798 3853 3024 3916 regno

559 3939 986 4022 Cambayae.
1019 3942 1206 4006 Nihil
1239 3953 1475 4008 autem
1519 3944 1652 4007 hoc
1698 3963 1885 4008 anno
1928 3945 2294 4024 sigillatim
2333 3943 2419 4007 de
2459 3959 2543 4006 eo
2576 3943 2893 4023 Collegio
2929 3944 3026 4007 di·

639 4147 654 4178 ¹
715 4147 868 4191 Prius
885 4147 1096 4204 scripsit
1119 4149 1364 4193 librarius
1383 4148 1772 4202 sichisstorem,
1791 4149 1883 4193 sed
1902 4150 2197 4194 cancellata
2216 4147 2269 4200 h,
2288 4149 2400 4203 ejus
2418 4149 2532 4192 loco
2554 4147 2823 4191 substituit
2844 4157 2887 4190 c.

636 4219 660 4250 ²
714 4218 920 4263 Clarius
934 4227 985 4264 et
1007 4220 1330 4265 emendatius
1352 4228 1464 4265 tota
1483 4221 1615 4265 haec
1637 4223 2003 4276 paragraphus
2024 4223 2074 4264 in
2090 4221 2225 4265 hunc
2247 4220 2356 4263 fere
2378 4219 2581 4264 modum
2608 4218 2907 4262 concinnari
2930 4231 2994 4272 po
3008 4241 3021 4250 ·

557 4289 698 4334 terit.
721 4290 802 4332 “P.
826 4289 1045 4334 Several
1062 4291 1244 4334 scribit
1265 4291 1493 4345 quotidie
1514 4292 1861 4336 confessiones
1882 4303 1913 4336 a
1929 4292 2163 4346 piurimis
2184 4291 2333 4334 annis
2350 4291 2693 4341 intermissas,
2712 4290 3025 4343 multosque,

555 4361 644 4415 qui
667 4361 862 4406 Christi
885 4363 1188 4417 religionem
1209 4363 1416 4407 edoceri
1440 4365 1718 4418 cupiebant
1745 4372 1800 4408 ut
1837 4365 1888 4408 in
1909 4373 2021 4407 eam
2052 4363 2483 4411 adsciscerentur.
2504 4361 2645 4404 Goae
2670 4371 2785 4404 sese
2806 4360 3019 4404 offerre.

557 4432 756 4478 Horum
775 4434 1046 4488 gentilium
1069 4445 1192 4490 pars
1210 4447 1276 4478 ex
1294 4435 1530 4491 plebejis.
1548 4446 1674 4491 pars
1694 4447 1759 4479 ex
1787 4435 2045 4480 nobilibus
2065 4435 2405 4486 conflabatur,
2428 4433 2515 4487 qui
2548 4443 2667 4475 cum
2696 4431 2803 4475 suis
2822 4433 3026 4475 catenis

555 4511 611 4548 et
632 4506 820 4559 gladiis
841 4509 1108 4552 deauratis
1127 4519 1190 4552 ac
1211 4509 1446 4552 manibus
1478 4509 1645 4563 plenis
1677 4509 1881 4552 annulis
1913 4507 1979 4552 ad
2010 4511 2215 4551 nostros
2245 4518 2311 4549 ex
2331 4504 2497 4549 variis
2526 4505 2653 4549 iocis
2682 4505 3033 4548 accedebant.

561 4575 745 4631 Itaque
765 4589 970 4634 semper
989 4579 1148 4634 aliqui
1166 4588 1319 4625 erant
1341 4581 1392 4625 in
1409 4580 1640 4635 collegio
1659 4579 2037 4624 catechumeni.
2059 4577 2199 4630 Quae
2220 4577 2425 4632 quidem
2446 4577 2567 4619 licet
2591 4585 2781 4629 magna
2816 4581 3028 4619 nostros

560 4649 910 4695 consolatione
929 4651 1208 4705 afficerent.
1241 4654 1574 4698 nihilominus
1607 4652 1875 4696 sicciorem
1910 4650 2271 4703 durioremque
2304 4648 2476 4692 multis
2503 4645 2667 4690 videri
2702 4656 2905 4690 crucem
2930 4645 3031 4689 Do-

557 4720 684 4768 mini
707 4722 758 4766 in
777 4721 926 4768 India
945 4733 1102 4777 quam
1121 4725 1172 4768 in
1192 4724 1467 4771 Lusitania
1487 4725 1596 4780 ipse
1617 4725 1778 4770 Pater
1798 4723 2025 4768 Didacus
2044 4723 2359 4774 fatebatur.„
