3742 5392
1653 526 1780 584 Aa.
1825 524 1967 583 1554
2938 510 3046 583 437

683 672 825 735 939.
917 672 1178 736 Albam
1209 688 1384 752 ergo
1408 672 1725 751 venienS,
1761 670 2010 737 eadem
2034 671 2153 735 illa
2182 680 2391 735 nocte
2424 688 2467 734 a
2488 670 2576 735 D.
2606 670 2741 733 Rui
2774 672 3045 735 Gomez

566 792 868 843 vocatus
896 779 1046 857 fuit,
1081 788 1151 842 et
1181 796 1342 843 cum
1371 779 1491 843 illo
1521 780 1796 861 prolixe
1824 780 2179 860 loquutuS,
2205 768 2283 842 et'
2296 778 2615 842 nonnihil
2642 778 2857 842 etiam
2880 796 3043 843 cum

567 884 899 966 Principe
926 885 1273 966 Philippo,
1303 902 1794 967 quaecumque
1821 886 2141 949 curanda
2166 886 2267 949 illi
2298 897 2525 965 erant,
2560 885 2882 949 obtinuit.
2916 883 3044 949 Po-

568 993 814 1058 stridie
843 993 1012 1057 Dux
1041 993 1272 1057 Albae
1305 992 1324 1025 ¹
1355 1010 1518 1057 cum
1547 993 1797 1057 eodem
1819 994 2036 1057 etiam
2064 992 2290 1057 fusius
2313 994 2645 1073 loquutus
2674 1003 2804 1072 est,
2840 1010 2881 1056 a
2906 1011 3045 1073 quo

567 1100 872 1179 rediens,
906 1117 1068 1163 cum
1099 1100 1171 1163 in
1203 1101 1641 1164 monasterio
1669 1100 2085 1165 monialium
2113 1101 2407 1165 missam
2438 1100 2890 1174 celebrasset,
2924 1098 3045 1163 ubi

569 1209 832 1271 multae
871 1208 1142 1271 nobiles
1181 1217 1252 1273 et
1301 1207 1524 1289 ipsius
1577 1207 1815 1271 Ducis.
1853 1208 2428 1287 consanguineae
2478 1207 2954 1271 versabantur
2991 1204 3039 1283 ²,

568 1331 730 1378 cum
761 1314 876 1377 ille
900 1312 1049 1393 J‘am
1078 1315 1542 1394 egrederetur
1569 1316 1834 1396 templo
1866 1324 1943 1379 ut
1972 1315 2261 1379 domum
2288 1314 2576 1392 rediret,
2609 1322 2913 1377 vocatus
2934 1323 3042 1377 est

568 1423 659 1485 ab
686 1420 1074 1486 Abbatissa
1103 1432 1180 1485 ut
1211 1422 1284 1485 in
1312 1423 1471 1485 loco
1503 1421 1592 1485 ad
1631 1432 2092 1486 externorum
2123 1421 2475 1503 colloquia
2502 1420 2843 1501 deputato
2880 1437 3041 1485 eum

567 1530 1076 1608 alloqueretur;
1111 1528 1208 1593 ibi
1237 1544 1413 1609 ergo
1441 1529 1821 1609 religiosae
1851 1530 2013 1592 illae
2054 1538 2429 1609 tantopere
2458 1526 2535 1591 Ρ.
2580 1526 2823 1591 Araoz
2853 1544 3043 1591 urse·

566 1644 732 1699 runt
762 1643 842 1699 ut
874 1635 1112 1716 aliqua
1144 1634 1232 1698 de
1259 1634 1415 1699 Deo
1445 1636 1620 1716 ipsis
1648 1635 1941 1714 diceret,
1975 1645 2053 1699 ut
2084 1636 2387 1717 amplius
2418 1652 2632 1716 quam
2660 1634 2913 1698 horam
2942 1634 3042 1698 in·

565 1752 845 1823 tegram
875 1742 1290 1807 concionari
1312 1742 1415 1805 eis
1444 1741 1786 1821 debuerit,
1821 1752 1892 1807 et
1915 1742 2108 1807 dedit
2132 1742 2232 1806 illi
2254 1742 2605 1806 Dominus
2634 1751 2908 1826 tantam
2931 1741 3041 1805 sui

567 1848 862 1930 spiritus
891 1865 976 1911 ac
1005 1848 1286 1913 dicendi
1317 1849 1488 1930 vim,
1520 1860 1600 1913 ut
1631 1867 1877 1913 omnes
1902 1850 1975 1913 in
1996 1849 2239 1913 fletum
2267 1848 2740 1913 concitaverit
2762 1857 2833 1911 et
2855 1847 3042 1912 aedi-

567 1954 918 2019 ficationis
949 1964 1160 2036 atque
1189 1956 1684 2020 admirationis
1713 1957 1989 2038 plenae,
2026 1956 2416 2020 faterentur
2446 1972 2524 2019 se
2546 1955 2743 2037 prius
2771 1970 2916 2019 non
2944 1955 3043 2019 in-

565 2062 924 2125 tellexisse
955 2061 1124 2142 quid
1151 2072 1338 2126 esset
1365 2063 1702 2143 religiose
1740 2063 1989 2128 vivere
2010 2111 2025 2142 ,
2070 2073 2140 2127 et
2170 2063 2292 2127 ubi
2335 2062 2679 2126 sedebant
2698 2111 2713 2141 ,
2746 2061 3039 2141 scilicet,

568 2170 640 2233 in
669 2170 827 2250 ipso
857 2170 1294 2251 pavimento,
1326 2169 1449 2234 diu
1471 2170 1884 2251 jacuerunt,
1929 2170 2459 2251 compunctioni
2496 2174 2878 2247 vacanteS,
2920 2170 3045 2232 ubi

572 2276 986 2340 concionem
1037 2276 1454 2358 audierant,
1506 2287 1576 2342 et
1624 2278 1850 2342 vitam
1902 2277 2224 2342 mutandi
2272 2277 2716 2357 propositum
2764 2276 3047 2341 firmum

572 2392 1077 2464 conceperunt,
1111 2394 1182 2447 et
1211 2385 1522 2448 orationi
1553 2400 1639 2447 ac
1669 2384 2153 2449 recollectioni
2182 2384 2513 2448 vacandi.

691 2489 834 2553 940.
919 2489 1397 2572 Impetrarunt
1428 2503 1666 2556 autem
1697 2508 1741 2555 a
1770 2490 1848 2555 P.
1881 2490 2125 2555 Araoz
2153 2500 2229 2555 ut
2258 2492 2447 2573 apud
2488 2508 2566 2554 se
2594 2490 2863 2572 aliquot
2892 2488 3045 2554 dies

573 2598 1004 2678 relinqueret
1052 2596 1339 2663 Patrem
1378 2599 1437 2663 F
1441 2600 1799 2663 emandez
1851 2608 1929 2663 ut
1972 2599 2037 2663 ei
2089 2598 2592 2663 confiterentur
2632 2598 2913 2679 aliquae
2952 2614 3045 2661 ex

570 2704 770 2785 ipsis.
803 2703 1289 2769 Concionatus
1317 2706 1549 2770 fuerat
1579 2706 1765 2770 idem
1794 2704 1873 2769 P.
1905 2705 2323 2770 Fernandez
2364 2704 2553 2786 apud
2592 2704 2880 2769 easdem
2923 2704 3043 2768 ali-

569 2811 850 2892 quoties
882 2820 1048 2875 ante
1072 2810 1149 2875 Ρ.
1176 2811 1418 2876 Araoz
1443 2812 1832 2877 adventum
1855 2824 1925 2877 et
1946 2813 2137 2893 apud
2159 2812 2473 2891 alterius,
2500 2812 2690 2892 quod
2710 2810 2807 2874 ibi
2828 2812 3045 2875 etiam

570 2928 681 2982 est
705 2916 1170 3001 [monasterii]
1200 2920 1612 2999 religiosaS,
1645 2936 1778 2983 nec
1805 2919 2277 3001 poenitendus
2322 2936 2413 2984 ex
2451 2918 2574 2984 illo
2602 2919 2863 3000 populo
2906 2917 3045 2981 fru-

571 3034 730 3089 ctus
759 3026 1100 3089 collectus
1130 3036 1260 3089 est:
1293 3026 1460 3091 inde
1490 3025 1929 3091 Tordesillas
1958 3026 2321 3107 profectus
2360 3037 2470 3090 est
2497 3024 2574 3089 P.
2609 3026 2871 3105 Araoz,
2904 3041 3043 3105 quo

573 3142 871 3196 venerat
899 3130 1241 3214 Princeps
1269 3132 1574 3217 Joanna,
1608 3142 1676 3197 et
1706 3150 1927 3198 unum
1968 3133 2157 3198 diem
2198 3142 2477 3197 tantum
2518 3132 2614 3197 ibi
2656 3133 2925 3212 exegit:
2971 3132 3045 3195 in

569 3256 654 3302 ea
707 3247 948 3305 tamen
989 3240 1406 3305 concionem
1448 3239 1698 3304 habuit
1751 3242 1822 3304 in
1880 3241 2147 3322 palatio
2194 3256 2443 3303 coram
2490 3239 2844 3303 nobilibus
2892 3237 3045 3317 eius

571 3346 817 3410 curiae
847 3346 1174 3410 foeminis
1205 3364 1368 3411 cum
1397 3363 1662 3427 magna
1704 3347 2025 3429 ipsarum
2064 3347 2542 3411 commotione
2575 3357 2644 3409 et
2683 3347 2919 3410 multis
2948 3348 3041 3409 Ia·

569 3454 838 3534 crymis
857 3450 906 3515 ⁸:
921 3452 1085 3517 inde
1107 3453 1573 3534 proficiscens
1589 3452 2091 3518 Vallisoletum
2114 3454 2493 3518 undecima
2511 3452 2667 3532 julii
2691 3454 3039 3533 pervenit.

689 3559 832 3622 941.
920 3559 1306 3624 Crescebat
1356 3569 1597 3625 autem
1642 3562 1716 3624 in
1757 3562 1911 3625 dies
1948 3562 2131 3625 bona
2174 3558 2552 3625 Societatis
2589 3560 3044 3640 existimatio,

568 3676 640 3730 et
671 3666 762 3729 ad
792 3676 942 3729 tam
971 3669 1193 3730 multa
1221 3668 1383 3731 loca
1414 3669 1640 3732 nostri
1679 3669 2138 3749 petebantur,
2179 3678 2259 3731 ut
2294 3667 2640 3748 pauculos
2678 3670 3045 3749 operarios

568 3772 888 3838 dividere
917 3773 990 3838 in
1031 3776 1236 3855 plura
1277 3774 1507 3839 frusta
1547 3784 1943 3856 oporteret,
1988 3775 2050 3839 si
2088 3775 2181 3838 ad
2220 3792 2305 3837 ea
2343 3774 2580 3839 omnia
2620 3775 2803 3838 mitti
2841 3792 3040 3856 opor·

569 3880 841 3944 tuisset.
873 3878 1216 3962 Princeps
1243 3880 1524 3963 joanna
1555 3880 1580 3913 ⁴
1608 3891 1679 3946 et
1723 3891 1874 3945 tota
1916 3882 2142 3962 ipsius
2182 3880 2433 3945 domus
2477 3882 2547 3945 in
2591 3883 2807 3946 rebus
2844 3883 3043 3963 spiri-

1535 4066 1550 4096 Q

652 4194 669 4226 Ι
729 4192 792 4237 D.
827 4192 1186 4238 Ferdinandns
1221 4195 1451 4239 Alvarez
1481 4194 1544 4238 de
1573 4194 1785 4247 Toledo.
1807 4192 2017 4238 Tertius
2049 4193 2166 4237 Dux
2195 4194 2257 4237 de
2280 4196 2445 4243 Alba.
2475 4196 2561 4250 qui
2594 4206 2693 4239 non
2728 4196 2904 4239 mauis
2922 4202 3044 4251 post

569 4264 719 4307 annis
738 4266 1062 4318 gubernator
1087 4264 1374 4309 Flandriae
1393 4266 1507 4311 fnit.

650 4336 674 4368 Ω
731 4335 910 4380 Sermo
930 4346 1010 4380 est
1031 4338 1092 4380 de
1115 4336 1432 4382 Monasterio
1451 4338 1540 4382 “de
1563 4336 1728 4382 Santa
1749 4336 1944 4391 isabel,
1966 4338 2101 4382 dela
2123 4344 2329 4382 tei-cera
2351 4338 2509 4381 orden
2526 4339 2588 4381 de
2611 4336 2714 4382 San
2736 4337 3033 4391 Francken.

569 4406 738 4461 aneto
759 4408 792 4450 ὀ.
813 4408 864 4451 la
885 4406 1280 4462 Congregacion
1300 4411 1362 4453 de
1383 4411 1462 4453 loa
1481 4408 1860 4463 Benedictinos,
1881 4409 2107 4453 fundado
2128 4420 2191 4452 en
2214 4408 2315 4453 1481
2336 4418 2431 4463 por
2452 4410 2503 4452 la
2524 4410 2683 4453 vinda
2705 4410 2768 4453 de
2791 4409 2851 4454 D.
2875 4408 3035 4453 Fran—

567 4477 710 4522 ciaco
732 4477 1059 4534 maldonado,
1080 4478 1228 4524 Dona
1249 4482 1486 4525 Aidonza
1506 4481 1632 4526 Ruiz
1654 4481 1716 4526 de
1737 4480 2057 4534 Bari-lentos,
2078 4491 2177 4535 que
2196 4484 2336 4525 tomo
2356 4482 2405 4524 el
2433 4480 2615 4525 habito
2634 4492 2727 4526 con
2746 4488 2894 4525 otras
2911 4481 3041 4525 doce

566 4553 784 4593 senoraa
805 4550 866 4593 de
888 4552 940 4593 la
961 4550 1142 4595 ilustre
1163 4552 1362 4597 familia
1383 4553 1445 4597 de
1464 4554 1544 4596 los
1565 4560 1831 4607 patronos,
1852 4554 1929 4596 los
1949 4551 2201 4596 refer-idos
2223 4551 2431 4606 duques.
2452 4552 2617 4597 santa
2632 4552 2827 4597 Ter-esa
2846 4564 2903 4596 ae
2922 4553 3038 4597 hos-

565 4622 700 4675 pedo
721 4632 784 4664 en
807 4623 852 4665 el
875 4623 927 4665 al
947 4622 1096 4666 venir
1117 4626 1150 4667 a
1171 4622 1358 4667 fundar
1379 4625 1427 4667 el
1447 4624 1510 4667 de
1533 4622 1889 4679 Carmenta...
1908 4622 2093 4669 Maooz
2113 4654 2124 4677 ,
2146 4625 2181 4667 1.
2202 4633 2264 4676 c..
2289 4629 2324 4667 t.
2346 4634 2381 4679 ι,
2402 4634 2520 4678 pag.
2537 4624 2633 4669 235.

650 4692 676 4725 ³
735 4690 812 4737 Ibi
831 4694 1153 4749 morabatur,
1174 4698 1330 4739 morti
1349 4696 1460 4750 jam
1479 4696 1682 4750 vicina,
1705 4694 1908 4751 Regina
1928 4695 2129 4748 joanna
2144 4726 2155 4745 .
2178 4692 2353 4739 Caroli
2374 4694 2423 4737 V
2443 4702 2629 4741 mater.

651 4764 676 4796 ⁴
729 4763 984 4816 joannam
1005 4764 1258 4820 intellige,
1280 4764 1509 4821 Philippi
1529 4765 1578 4810 11
1597 4778 1833 4811 sororem
1854 4774 1905 4810 et
1921 4799 1934 4821 ,
1954 4777 2018 4810 eo
2038 4767 2255 4810 absente
2274 4798 2285 4820 ,
2306 4764 2593 4820 Hispaniae
2614 4770 3039 4823 gubernatricem
