3742 5392
741 501 812 558 18
1657 496 1913 557 Cimon.
1956 497 2107 556 Soc.
2128 463 2290 571 ’Jasn

737 645 1037 710 busdam
1068 645 1391 707 censuris
1427 642 1470 707 ¹.
1493 643 1650 707 Hoc
1674 653 1915 706 tamen
1934 643 2146 708 facile
2170 643 2559 707 remedium
2581 643 2830 708 habuit
2852 644 2899 706 ⁸.
2928 645 3026 711 At
3052 664 3213 712 cum

737 754 1152 817 recessisset
1184 751 1415 816 Roma
1445 759 1650 829 pater
1671 749 1991 830 Juvenis‚
2024 759 2254 813 mater
2274 748 2423 830 ejus
2444 749 2746 815 Romam
2769 755 3001 832 venit,
3030 772 3213 836 quae

736 860 957 924 filium
987 861 1174 924 hunc
1206 859 1393 922 inter
1419 861 1820 938 complures
1843 859 2025 920 alios
2045 858 2252 921 unice
2275 857 2637 937 diligebat.
2664 858 2863 924 Haec
2886 877 3063 940 ergo
3086 879 3213 943 per

737 967 987 1032 domos
1017 966 1500 1032 cardinalium
1531 973 1600 1028 et
1630 966 1978 1044 palatium
2006 965 2239 1045 ipsum
2266 963 2625 1028 Pontificis
2654 966 3099 1047 discurrenS‚
3143 977 3213 1032 et

739 1093 869 1157 pro
899 1073 1156 1137 affectu
1185 1089 1313 1137 suo
1344 1071 1883 1136 informationes
1924 1071 2211 1135 veritati
2254 1071 2657 1135 contrarias
2696 1090 3077 1154 spargenS,
3122 1075 3213 1138 ad

739 1180 1435 1247 commiserationem
1467 1178 1661 1242 viros
1705 1178 2088 1259 primarios
2132 1179 2659 1254 commovebat:
2700 1188 2773 1243 et
2814 1179 3214 1244 cardinalis

739 1292 880 1370 ille,
912 1289 1033 1369 qui
1055 1286 1512 1352 monitorium
1536 1285 1978 1378 decreverat,
2007 1283 2237 1348 eidem
2258 1283 2571 1363 favebat;
2599 1285 2883 1349 demum
2904 1284 2980 1350 P.
3011 1286 3213 1367 Igna-

740 1399 882 1461 tius
911 1397 1049 1459 hac
1073 1395 1160 1458 de
1187 1411 1264 1456 re
1296 1391 1706 1455 Pontificem
1736 1401 1842 1454 est
1874 1392 2246 1470 allocutus,
2280 1400 2351 1454 et
2380 1409 2553 1470 rem,
2586 1403 2795 1472 prout
2826 1411 2982 1457 sese
3004 1393 3212 1458 habe-

737 1505 897 1584 bat,
930 1500 1278 1566 narravit.
1313 1497 1566 1562 Statim
1597 1507 1829 1561 autem
1863 1495 2195 1560 Summus
2225 1495 2551 1561 Pontifex
2580 1497 2806 1579 Julius
2831 1499 3211 1565 affirmavit

739 1610 1190 1675 Cardinalem
1221 1607 1448 1685 illum,
1483 1622 1527 1667 a
1555 1621 1694 1685 quo
1725 1604 2181 1667 monitorium
2211 1604 2612 1669 confectum
2654 1603 2917 1685 suerat,
2960 1607 3034 1670 in
3074 1609 3213 1671 hac

739 1726 944 1800 parte
974 1716 1251 1780 ratione
1281 1712 1563 1777 destitui
1589 1729 1603 1790 ;
1636 1721 1706 1774 et
1736 1728 1899 1775 cum
1929 1718 2201 1791 peteret
2228 1709 2304 1773 Ρ.
2338 1709 2655 1790 Ignatius
2686 1711 2777 1776 ad
2806 1711 3208 1794 hujusmodi

740 1823 1274 1891 controversias
1294 1869 1307 1898 ,
1336 1820 1396 1883 si
1421 1835 1603 1899 quae
1629 1818 2059 1896 acciderent,
2087 1817 2537 1882 Cardinalem
2561 1818 2971 1898 designaret
2995 1833 3212 1884 unum

740 1934 858 1996 vel
889 1933 1228 2008 alterum,
1263 1927 1384 2008 qui
1425 1943 1569 1990 non
1605 1925 1816 1988 facile
1860 1925 2188 2005 precibus
2228 1933 2351 1988 aut
2391 1923 2642 1988 favore
2683 1926 2825 1988 ullo
2866 1926 2957 1989 ad
3001 1945 3217 1991 unam

741 2042 858 2103 vel
908 2039 1209 2102 alteram
1261 2044 1539 2114 partem
1589 2031 2007 2111 inclinaret,
2061 2029 2135 2095 id
2170 2031 2411 2094 statim
2450 2030 2782 2096 Pontifex
2822 2032 2990 2096 fecit
3028 2032 3073 2098 ¹⁵.
3128 2035 3215 2098 Et

739 2147 902 2210 usui
928 2144 1062 2209 fuit
1090 2143 1270 2207 haec
1301 2139 1700 2220 designatio
1734 2139 1824 2201 ad
1854 2138 2035 2201 duos
2063 2139 2179 2201 vel
2208 2146 2353 2202 tres
2384 2139 2563 2201 alios
2592 2139 2864 2203 nobiles
2906 2140 3115 2204 italos
3166 2141 3211 2216 ⁴,

744 2261 1036 2336 propter
1065 2266 1279 2332 quOS,
1315 2265 1475 2311 cum
1506 2246 1724 2326 aliqui
1754 2245 1944 2325 apud
1972 2244 2393 2310 cardinales
2421 2254 2490 2308 et
2528 2245 2760 2326 ipsum
2802 2245 3215 2311 Pontificem

745 2375 1088 2440 magnum
1108 2370 1466 2420 rumorem
1491 2361 1935 2434 spargerent,
1963 2359 2339 2432 postquam
2365 2351 2456 2413 ad
2477 2369 2594 2414 res
2616 2351 3023 2432 huiusmodi
3049 2354 3213 2418 Car-

745 2468 1020 2532 dinales
1050 2465 1326 2545 aliquos
1367 2461 1850 2540 designasset,
1899 2474 2060 2521 cum
2100 2458 2201 2520 illi
2233 2456 2535 2536 Juvenes
2576 2460 3107 2524 examinassent
3150 2471 3218 2524 et

751 2583 1162 2639 constantes
1207 2570 1282 2634 in
1329 2567 1710 2631 vocatione
1766 2565 2239 2642 invenissent,
2292 2565 2693 2629 rumoribus
2744 2565 2952 2630 finem
3000 2568 3219 2648 impo-

746 2689 1081 2756 suerunt;
1113 2687 1182 2743 et
1212 2675 1520 2740 Ducissa
1552 2671 1995 2751 Florentiae,
2031 2689 2213 2751 quae
2243 2689 2372 2753 pro
2396 2689 2537 2735 uno
2562 2690 2807 2736 eorum
2834 2675 3145 2737 instabat
3170 2673 3215 2752 ³,

747 2807 970 2871 usque
1003 2788 1182 2850 adeo
1207 2782 1356 2862 eJ‘us
1381 2779 1779 2846 constantia
1809 2787 2167 2841 commota
2189 2788 2298 2842 est
2314 2827 2329 2858 ,
2356 2788 2769 2860 tantumque
2794 2779 3215 2845 aedificatio-

747 2899 858 2962 nis
909 2893 1223 2972 accepit,
1265 2899 1342 2953 ut
1382 2906 1544 2952 eum
1585 2885 1862 2949 felicem
1905 2885 2213 2964 diceret,
2267 2895 2337 2949 et
2385 2883 2537 2964 ejus
2580 2885 2905 2949 imitandi
2950 2887 3215 2950 deside·

745 3005 963 3082 rium,
997 3001 1059 3063 si
1089 3015 1304 3064 sexus
1336 3004 1404 3058 et
1435 3003 1665 3058 status
1692 2992 1766 3055 id
1791 2992 1945 3073 pati
1974 2991 2353 3072 potuisset,
2385 3009 2559 3072 prae
2590 3009 2667 3055 se
2708 2992 3004 3056 ferebat.
3052 2994 3218 3059 Car·

746 3110 1020 3175 dinales
1050 3107 1293 3181 etiam,
1329 3111 1494 3166 ante
1524 3117 1704 3181 quos
1729 3098 2029 3180 juvenes
2058 3099 2447 3162 examinati
2484 3098 2800 3179 fuerunt,
2846 3099 2932 3162 de
2972 3117 3218 3164 eorum

744 3216 1125 3282 vocatione
1155 3221 1223 3275 et
1254 3212 1326 3273 in
1357 3207 1720 3290 proposito
1750 3205 2087 3269 firmitate
2117 3221 2333 3285 quam
2363 3205 2625 3285 optime
2656 3207 3078 3272 sentiebant.

874 3321 970 3386 18.
1055 3316 1396 3384 Narravit
1426 3315 1642 3378 etiam
1673 3311 2079 3376 cardinalis
2120 3309 2507 3392 Carpensis
2544 3311 2619 3375 P.
2668 3310 2981 3396 Ignatio,
3028 3314 3214 3393 quod

830 3530 848 3562 ¹
906 3527 1172 3581 Integrum
1192 3527 1309 3566 erat
1332 3518 1598 3564 Cardinali
1622 3516 1816 3561 Carafa
1837 3516 1971 3560 haec
1996 3526 2173 3570 agere,
2194 3515 2314 3570 quia
2336 3515 2667 3570 Inquisitoris
2688 3518 2850 3561 officio
2874 3524 2993 3562 tunc
3026 3523 3217 3572 tempo-

746 3603 820 3646 ris
841 3601 1036 3644 Romae
1056 3597 1386 3650 fungebatur.
1407 3591 1605 3636 Fuerat
1635 3589 1795 3633 etiam
1817 3589 1865 3632 el
1886 3599 2003 3632 cum
2026 3585 2389 3632 cardinalibus
2412 3588 2571 3643 Carpi
2601 3594 2654 3632 et
2689 3588 2868 3633 Sancti
2902 3589 3084 3643 Jacobi
3118 3591 3214 3634 hoc

749 3671 1028 3719 Octaviani
1046 3667 1312 3723 negotium
1332 3664 1677 3708 commissum.

825 3746 848 3776 ί
904 3742 1015 3787 Hoc
1036 3747 1132 3784 est:
1154 3740 1409 3783 allocutus
1431 3731 1731 3778 Pontificem
1763 3731 2001 3786 Ignatius
2022 3732 2176 3818 facile
2197 3732 2421 3776 obtinuit
2456 3743 2517 3775 ne
2552 3733 2826 3778 monitorio
2860 3743 3045 3787 parere
3079 3741 3214 3778 teue-

746 3823 910 3862 retur.

828 3889 851 3921 ³
906 3884 1212 3931 cardinales
1231 3893 1264 3924 a
1285 3877 1532 3923 Pontifice
1565 3877 1631 3922 ad
1661 3876 1954 3932 huiusmodi
1989 3876 2381 3920 controversias
2418 3876 2733 3920 dirimendas
2770 3877 3031 3931 designati
3069 3879 3211 3922 fuere

741 3961 968 4015 joannes
987 3955 1232 4010 Baptista
1253 3951 1459 3995 Morene
1481 3959 1532 3994 et
1555 3948 1895 3992 Sebastianus
1916 3947 2121 4002 Pighini
2136 3981 2146 4001 ,
2169 3953 2381 4002 praeter
2417 3946 2749 3992 cardinalem
2786 3949 3113 4004 Rodulphum
3150 3949 3211 3992 de

745 4033 840 4076 Car
852 4031 920 4085 pi.
943 4026 1223 4088 Societatis
1246 4024 1618 4066 protectorem.
1640 4019 1774 4064 Vide
1798 4018 1991 4064 cartas
2009 4021 2077 4063 de
2098 4019 2209 4064 San
2230 4019 2469 4073 Ignacio,
2489 4026 2527 4063 t.
2548 4031 2619 4068 ιν.
2637 4031 2759 4076 pag.
2792 4021 2876 4064 359
2892 4053 2903 4074 ,
2926 4029 2979 4064 et
3002 4021 3213 4065 Polam—i

742 4115 810 4149 ex
829 4114 980 4152 com„
997 4100 1206 4144 litteras
1226 4095 1294 4140 ad
1315 4093 1372 4138 P.
1399 4093 1766 4147 Hieronymum
1789 4091 2110 4143 Domenech,
2149 4090 2357 4135 Siciliae
2388 4090 2769 4135 Provincialem
2786 4125 2798 4144 ,
2828 4093 2855 4134 9
2886 4092 3024 4145 Junii
3060 4092 3213 4146 hujus

741 4177 864 4222 anni
887 4173 990 4219 1554
1009 4172 1178 4222 datas,
1203 4168 1256 4212 in
1277 4167 1460 4222 quibus
1484 4165 1594 4208 fuse
1617 4164 1748 4207 haec
1769 4163 1943 4208 omnia
1964 4171 2294 4207 enarrantur.

822 4247 847 4279 ⁴
899 4245 1096 4289 Eorum
1115 4251 1246 4287 unus
1267 4239 1361 4283 fuit
1381 4237 1606 4291 joannes
1626 4235 1854 4280 Ricasoli
1874 4268 1885 4289 ,
1908 4235 2227 4288 florentinus,
2249 4244 2343 4288 pro
2365 4245 2464 4288 quo
2483 4267 2493 4286 .
2529 4241 2588 4279 ut
2609 4233 2745 4278 infra
2767 4234 2957 4279 dicitur
2978 4267 2987 4288 ,
3021 4236 3213 4280 institit

741 4319 1002 4362 Eleonora
1023 4315 1085 4358 de
1106 4311 1298 4358 Toledo
1319 4309 1617 4354 Florentiae
1640 4307 1875 4351 Ducissa.
1901 4306 1977 4350 De
1998 4317 2059 4350 eo
2088 4309 2240 4361 plura
2274 4306 2507 4350 invenies
2528 4306 2578 4350 ln
2602 4305 2793 4350 cartas
2825 4307 2892 4350 de
2914 4308 3026 4350 San
3050 4305 3211 4360 lgna-

741 4392 840 4442 εἰσ,
863 4400 896 4432 t.
921 4401 974 4432 ιν
996 4394 1048 4430 et
1069 4397 1121 4439 v,
1143 4391 1198 4428 et
1219 4383 1370 4436 infra,
1393 4393 1476 4425 nn.
1497 4380 1575 4423 331
1598 4387 1652 4423 et
1669 4379 1765 4423 348.
1788 4379 1944 4422 Alter
1962 4378 2059 4422 fuit
2080 4377 2273 4422 Lucius
2293 4377 2471 4422 croce.
2496 4379 2588 4423 Ait
2619 4380 2752 4424 enim
2776 4380 3029 4424 Polancus
3062 4378 3207 4423 Patri

743 4462 1030 4512 Salmeron,
1053 4467 1118 4501 ex
1137 4465 1289 4504 com..
1308 4453 1552 4498 scribens:
1574 4453 1808 4495 “Acerca
1828 4449 1890 4493 de
1913 4447 2134 4493 Octavio
2156 4461 2209 4492 se
2240 4450 2411 4494 scrive
2447 4452 2479 4494 a
2507 4461 2567 4494 au
2597 4451 2777 4495 madre
2808 4463 2842 4508 y
2874 4453 2926 4495 al
2958 4450 3210 4494 Confesor

743 4535 827 4578 del
845 4533 1028 4586 Duque
1050 4528 1110 4573 de
1133 4526 1421 4571 Monteleon
1442 4525 1640 4579 (iserat
1661 4522 1716 4566 P.
1739 4521 2053 4566 Franciscus
2076 4521 2137 4564 de
2161 4519 2325 4566 Mlede
2348 4532 2437 4566 seu
2458 4521 2519 4566 de
2543 4521 2758 4576 Medde);
2792 4534 2856 4566 no
2876 4533 2997 4566 creo
3032 4533 3129 4576 que
3162 4524 3210 4564 el

741 4605 884 4661 Papa
899 4605 947 4648 le
964 4600 1250 4647 concedera
1269 4609 1366 4652 que
1387 4598 1438 4640 lo
1459 4596 1668 4650 traigan
1691 4598 1723 4638 a
1742 4594 1984 4648 Napoles,
2008 4604 2201 4648 porque
2223 4605 2285 4636 en
2307 4605 2458 4638 cosae
2478 4595 2673 4638 similes
2690 4606 2753 4638 no
2770 4595 2840 4639 ha
2858 4594 3158 4638 cousentido
3176 4597 3209 4637 a

739 4685 850 4722 tres
871 4674 1204 4726 Cardenales,
1227 4681 1322 4725 que
1344 4671 1392 4713 le
1412 4668 1669 4712 habiaron
1688 4677 1783 4720 por
1803 4667 1853 4708 el
1884 4666 2090 4709 sobrino
2112 4665 2195 4708 del
2217 4664 2406 4719 obispo
2427 4666 2490 4710 de
2510 4665 2697 4711 Tivoli:
2713 4700 2736 4720 ,‚
2756 4667 2810 4710 28
2826 4665 3062 4718 januarii
3086 4665 3209 4708 155⁴.

823 4747 846 4780 ⁸
901 4746 951 4789 Is
973 4750 1087 4788 erat
1108 4743 1333 4796 joannes
1353 4737 1598 4788 RicasoU,
1622 4737 1938 4786 florentinus,
1957 4736 2018 4779 de
2040 4747 2140 4790 quo
2160 4737 2279 4781 vide
2302 4737 2461 4781 etiam
2482 4737 2700 4782 dicenda
2719 4737 2873 4792 infra,
2895 4748 2944 4780 n.
2966 4737 3063 4780 348.
