3742 5392
738 480 843 539 156
1650 478 1908 540 Canon.
1950 478 2108 541 Soc.
2145 481 2288 555 Jss.

728 637 886 707 pter
912 627 1211 691 aliorum
1241 626 1580 707 optimam
1610 627 2229 706 existimationem,
2263 646 2307 692 a
2345 629 2599 711 quibus
2637 629 3206 707 celebrabantur,

734 734 865 796 sibi
896 735 1293 814 placerent;
1325 734 1536 799 facile
1566 735 1782 797 etiam
1809 734 1962 815 ipse
1990 738 2322 815 populuS,
2351 753 2492 816 quo
2525 736 2777 816 spiritu
2806 734 3212 815 hujusmodi

654 866 658 871 ·
735 840 1160 912 dicerentur,
1202 840 1596 919 divinabat3
1641 850 1710 904 et
1754 841 2039 905 demum
2077 840 2533 922 diligentibus
2574 841 2806 906 Deum
2845 842 3085 907 omnia
3131 842 3208 905 in

731 948 994 1010 bonum
1024 948 1401 1027 cooperari
1428 948 1930 1012 cernebantur.

850 1052 991 1117 317.
1079 1053 1285 1133 Quod
1314 1054 1406 1117 ad
1428 1054 1699 1117 reditus
1728 1055 1979 1118 attinet
2007 1064 2076 1119 et
2099 1056 2450 1119 rationem
2481 1056 2791 1135 aliquam
2813 1056 3089 1129 firmam
3117 1074 3208 1119 ac

730 1159 1056 1225 stabilem
1085 1170 1371 1224 nostros
1400 1160 1876 1241 sustentandi,
1909 1164 2101 1225 nulla
2133 1163 2398 1227 mentio
2427 1162 2676 1237 fiebat;
2710 1176 2780 1226 et
2811 1179 2974 1226 cum
3003 1162 3204 1225 initio

730 1265 941 1347 hujus
989 1268 1157 1331 anni
1194 1269 1405 1348 pauci
1433 1286 1523 1332 ex
1561 1254 1843 1331 'nostris
1885 1281 2121 1332 essent
2152 1266 2424 1333 Perusii
2444 1319 2459 1349 ,
2489 1287 2753 1333 novem
2779 1270 3051 1333 scilicet
3081 1279 3205 1333 aut

738 1376 1015 1453 decem,
1053 1386 1121 1439 et
1149 1376 1436 1439 nomine
1464 1375 1542 1438 Ρ.
1574 1375 1835 1456 Ignatii
1865 1375 2299 1441 scriberetur
2328 1385 2407 1440 ut
2433 1376 2708 1441 videret
2738 1377 3004 1441 Rector
3033 1394 3204 1442 num

730 1485 967 1563 plures
1008 1484 1103 1545 ali
1132 1494 1453 1563 possent,
1488 1501 1620 1546 nec
1660 1484 1884 1547 lectos
1923 1500 2054 1546 nec
2095 1484 2507 1547 necessaria
2555 1478 2649 1547 ad
2676 1485 2946 1548 victum
2995 1485 3206 1549 habe·

728 1591 933 1669 bant,
966 1606 1097 1653 nec
1148 1590 1324 1653 certi
1375 1590 1756 1670 quicquam
1803 1590 2126 1670 polliceri
2173 1600 2536 1670 poterant;
2569 1608 2738 1655 nam
2779 1589 3230 1670 CardinaIiS,·

730 1696 849 1776 qui
880 1713 971 1759 ex
1014 1697 1486 1775 eleemosynis
1526 1705 1811 1759 nostros
1846 1696 1946 1759 ali
1993 1713 2200 1776 posse
2243 1696 2378 1759 sibi
2413 1706 2903 1777 persuaserat,
2947 1697 3208 1778 partim

732 1820 821 1865 ex
880 1802 1303 1883 quibusdam
1352 1802 2084 1880 confraternitatibuS,
2133 1802 2206 1866 in
2262 1820 2566 1882 quarum
2603 1804 2914 1883 gratiam
2983 1805 3209 1868 nostri

732 1909 1213 1989 compluribus
1242 1910 1315 1972 in
1363 1909 1539 1973 locis
1583 1910 1995 1973 concionari
2023 1910 2216 1973 soliti
2243 1924 2479 1989 erant,
2511 1911 2772 1991 partim
2799 1928 2892 1975 ex
2933 1911 3206 1992 poeniS,

737 2017 808 2079 in
860 2033 1038 2096 quas
1084 2017 1405 2079 nonnulli
1454 2016 1859 2080 incidebant
1887 2062 1903 2092 ,
1949 2017 2210 2097 partim
2253 2017 2346 2081 ad
2397 2018 2631 2097 ipsum
2669 2016 3042 2082 Vicarium
3065 2066 3080 2097 ,
3133 2018 3196 2081 si

733 2122 965 2186 adhuc
1018 2122 1285 2204 aliquid
1332 2123 1647 2202 deesset,
1702 2123 2140 2202 accedend0,
2202 2133 2486 2187 nostros
2535 2124 2630 2187 ali
2695 2142 2906 2205 posse
2961 2124 3202 2188 existi-

736 2230 977 2293 mabat
1002 2228 1054 2306 ¹3
1082 2228 1172 2291 ad
1228 2230 1723 2293 stabiliendum
1768 2240 2006 2294 tamen
2036 2230 2419 2308 collegium
2473 2230 2650 2294 nihil
2701 2231 2878 2294 certi
2918 2230 3199 2295 videba-

730 2348 870 2400 tur.
906 2334 993 2399 Et
1034 2353 1198 2399 cum
1226 2334 1645 2417 Prolegatus
1688 2336 2152 2401 intellexisset
2192 2337 2533 2401 auxilium
2561 2355 2604 2399 a
2635 2336 3014 2401 Cardinale
3043 2336 3203 2401 Ful-

730 2444 875 2522 vi0,
922 2442 1042 2523 qui
1080 2442 1456 2521 collegium
1493 2441 1865 2507 Perusium
1913 2444 2206 2507 miserat
2247 2454 2393 2507 tam
2443 2442 2672 2508 debile
2720 2444 3204 2508 subministra·

729 2550 822 2629 ri,
858 2567 1001 2613 non
1030 2566 1284 2629 parum
1314 2550 1707 2613 admiratus
1734 2561 1874 2628 est,
1909 2559 1979 2614 et
2017 2550 2359 2615 sollicitus
2389 2567 2546 2614 esse
2574 2552 2812 2630 coepit
2848 2550 2936 2615 de
2965 2551 3204 2630 aliqua

728 2657 1006 2721 ratione
1056 2655 1396 2736 ineunda,
1465 2674 1606 2737 qua
1674 2658 1904 2721 nostri
1945 2655 2398 2736 Juvarentur,
2453 2666 2524 2722 et
2593 2657 2984 2738 applicavit
3046 2658 3204 2738 ipse

724 2764 987 2827 bonam
1044 2763 1426 2845 quamdam
1480 2764 1945 2843 pecuniarum
1989 2781 2339 2827 summam
2381 2765 2456 2827 in
2503 2781 2712 2829 usum
2751 2764 3034 2843 collegii
3057 2812 3072 2837 ,
3125 2773 3199 2827 et

726 2870 813 2935 de
854 2871 1197 2934 reditibus
1244 2871 1457 2933 certis
1505 2870 1983 2951 applicandi8‚
2026 2871 2113 2935 iis
2157 2872 2463 2949 scilicet,
2509 2871 2629 2952 qui
2680 2870 2878 2952 prius
2927 2870 3198 2934 scholis

732 2977 1054 3041 tenendis
1084 2977 1695 3057 impendebantur,
1730 2977 2096 3057 cogitabat
2124 2982 2168 3041 ².

845 3083 989 3148 318.
1081 3083 1360 3149 Auctus
1398 3095 1505 3148 est
1540 3094 1781 3149 tamen
1823 3102 2047 3165 usque
2077 3086 2170 3149 ad
2210 3086 2748 3166 quatuordecim
2791 3095 3204 3148 nostrorum

726 3207 1089 3270 numeruS‚
1122 3201 1198 3255 ut
1228 3191 1535 3255 diximus
1564 3189 1609 3269 ³,
1644 3208 1807 3255 cum
1836 3192 2125 3256 omnino
2146 3210 2189 3255 a
2211 3193 2366 3255 sola
2389 3190 2525 3255 Dei
2548 3191 2998 3272 providentia
3037 3208 3202 3271 pen-

725 3297 971 3361 dentes
990 3344 1005 3373 ,
1031 3298 1104 3360 in
1128 3298 1313 3361 diem
1337 3298 1681 3363 viverent.
1711 3297 2017 3379 Quidam
2041 3308 2278 3363 tamen
2301 3299 2482 3362 civis
2499 3348 2513 3376 ,
2540 3297 2890 3362 Dominus
2925 3298 3200 3361 scilicet

724 3402 1147 3469 Gullielmus
1173 3404 1570 3484 PontanuS,
1604 3407 1919 3470 culinam
1946 3415 2016 3470 et
2044 3405 2498 3470 refectorium
2529 3404 2678 3468 suis
2701 3405 3037 3485 expensis
3061 3406 3202 3467 col-

727 3512 911 3592 legio
944 3510 1372 3592 aedificavit,
1404 3522 1474 3577 et
1502 3514 1575 3577 in
1598 3531 1683 3577 eo
1708 3514 1797 3578 de
1826 3514 2093 3577 nostris
2113 3531 2288 3576 sane
2310 3513 2490 3576 bene
2515 3511 2812 3576 meritus
2831 3521 2963 3575 est.
2989 3511 3206 3575 Vica-

810 3718 825 3749 ¹
886 3716 1065 3761 Verba
1086 3719 1215 3762 haec
1238 3720 1450 3761 nostros
1471 3718 1549 3762 ali
1564 3724 1725 3774 posse
1748 3718 2120 3769 existimabat,
2137 3724 2230 3761 ant
2245 3717 2330 3761 hic
2350 3724 2444 3762 ant
2457 3718 2694 3773 superius
2713 3718 3022 3762 redundant.

806 3787 831 3819 ¹
885 3788 1103 3834 “Nostro
1124 3789 1287 3834 Padre
1308 3792 1337 3835 e
1356 3794 1499 3835 stato
1516 3796 1702 3845 questa
1720 3788 2006 3833 settimana
2026 3800 2057 3831 n
2073 3788 2292 3832 visitare
2312 3788 2348 3832 il
2366 3786 2643 3832 Cardinale
2660 3789 2710 3832 di
2732 3788 2969 3842 Pet-ugia.
2987 3794 3212 3834 trattati·

726 3860 790 3905 do
811 3861 860 3904 di
883 3870 1025 3905 certe
1044 3872 1201 3915 opere
1224 3861 1333 3917 pie;
1355 3868 1407 3906 et
1429 3869 1575 3905 certo
1596 3859 1639 3905 si
1669 3869 1866 3904 mostra
1887 3870 1919 3903 a
1949 3860 2118 3914 quelle
2149 3860 2291 3903 assai
2322 3861 2450 3903 bene
2470 3859 2813 3905 affettionato.
2831 3859 3078 3905 Nat-rava
3099 3860 3205 3906 Sua

727 3931 970 3987 signet-ia
1008 3932 1464 3977 Reverendisslma
1498 3944 1531 3977 a
1570 3931 1762 3976 Nostro
1797 3931 1967 3975 Padre
1983 3962 1996 3983 ,
2029 3931 2174 3975 ultra
2209 3932 2259 3974 la
2293 3931 2649 3976 satisfattione
2687 3933 2782 3975 che
2821 3932 3035 3977 haveva
3071 3932 3204 3976 delle

727 4003 815 4047 Rs
842 4004 931 4045 V..
946 4037 957 4056 ,
980 4015 1123 4049 come
1146 4007 1387 4049 haveano
1408 4005 1577 4058 patito
1598 4004 1683 4047 nel
1714 4004 2000 4057 temporale
2031 4003 2178 4047 insin'
2200 4014 2233 4046 a
2252 4009 2402 4047 tanto
2421 4004 2517 4047 che
2538 4004 2682 4047 dette
2715 4010 2863 4048 certo
2881 4004 3062 4047 ordine
3085 4012 3208 4055 etc„

725 4077 776 4120 dl
798 4078 949 4122 modo
969 4078 1065 4121 che
1086 4088 1248 4132 pensa
1268 4076 1374 4121 Sua
1389 4076 1631 4130 Signorla
1646 4074 2106 4119 Reverendissima
2119 4073 2216 4119 che
2236 4084 2332 4119 con
2352 4076 2504 4128 quell'
2523 4075 2699 4119 ordine
2721 4076 2866 4119 detto
2887 4086 2987 4119 non
3007 4074 3044 4119 li
3064 4085 3203 4119 man·

725 4159 855 4192 cano
876 4151 1060 4193 adesto
1079 4149 1130 4192 le
1163 4159 1281 4193 cose
1316 4147 1626 4191 necessarie.
1650 4145 1717 4189 V.
1740 4144 1802 4189 R.
1824 4144 1870 4189 ci
1890 4146 2026 4190 avis!
2049 4156 2102 4189 se
2139 4146 2191 4190 la
2222 4156 2344 4189 cosa
2379 4154 2465 4190 sta
2499 4147 2650 4198 cosi...
2673 4145 2954 4201 Polancus,
2977 4157 3044 4191 ex
3073 4158 3232 4191 coma

725 4220 875 4265 Patri
912 4220 1181 4265 Evernrdo
1218 4217 1645 4272 Mercuriano,1⁰
1674 4216 1849 4261 Martii
1888 4216 2146 4261 isat—Et
2177 4216 2206 4260 5
2239 4214 2384 4270 Maii:
2414 4216 2646 4269 “Quanto
2679 4228 2713 4262 a
2751 4218 2831 4261 far
2868 4219 3138 4263 intendere
3171 4229 3206 4263 a

725 4289 935 4336 Monam·
954 4292 1100 4336 Rmo.
1123 4290 1399 4335 Cardinale
1422 4289 1457 4333 li
1490 4288 1691 4343 bisognl
1721 4288 1771 4331 di
1808 4294 2012 4331 cotesto
2047 4286 2295 4343 Collegio.
2325 4288 2410 4342 qui
2445 4299 2573 4343 pare
2605 4290 2794 4341 meglio
2826 4291 2922 4334 che
2943 4290 3010 4335 V.
3037 4290 3094 4335 R.
3130 4291 3208 4346 315

724 4365 981 4409 scrivesse
1002 4376 1037 4409 a
1055 4365 1201 4408 detto
1218 4362 1495 4407 cardinale
1515 4372 1614 4404 con
1634 4361 1904 4404 destrezza
1924 4360 2143 4403 dandole
2167 4361 2233 4403 ad
2253 4360 2521 4404 intendere
2542 4372 2685 4405 come
2705 4362 2747 4405 sl
2770 4373 2996 4417 pazzano
3018 4364 3063 4406 le
3084 4375 3204 4407 cose

727 4439 860 4479 costi
874 4468 885 4485 .
907 4443 960 4481 et
980 4446 1125 4479 come
1147 4437 1181 4478 l’
1200 4434 1376 4478 ordine
1397 4434 1621 4477 lasciato
1642 4443 1737 4485 per
1760 4431 1865 4477 Sua
1887 4431 2130 4487 signoria
2151 4432 2607 4477 Reverendissima
2621 4464 2632 4481 .
2647 4444 2747 4478 non
2768 4434 2800 4478 l’
2820 4436 3202 4490 eseeg'niscano,

726 4514 833 4550 etc.
862 4507 929 4552 Et
951 4507 1015 4551 V.
1038 4506 1099 4551 R.
1120 4507 1166 4551 ci
1190 4504 1363 4550 mandi
1394 4506 1444 4550 la
1462 4504 1657 4549 lettera
1677 4504 1763 4559 qui
1783 4509 1974 4559 aperta
1992 4506 2138 4549 accio
2168 4504 2214 4548 si
2245 4516 2399 4559 possa
2421 4505 2634 4558 vedere,
2657 4512 2710 4549 et
2731 4506 2962 4551 anchora
2981 4506 3030 4550 ci
3061 4518 3204 4553 man·

728 4580 856 4623 deta
888 4590 957 4624 nn
984 4580 1144 4634 sog-lio
1177 4579 1229 4622 di
1259 4586 1410 4622 carta
1442 4577 1771 4622 sottoscritto
1791 4578 1855 4620 de
1885 4588 1981 4622 sua
2009 4588 2179 4629 mano,
2209 4576 2354 4621 accio
2384 4576 2587 4631 quando
2615 4578 2702 4631 qul
2735 4588 2947 4631 pax-esse
2981 4579 3205 4624 alutarsi

726 4651 951 4704 qualche
972 4662 1113 4701 cosa.
1135 4659 1267 4703 etc...

810 4724 833 4755 ³
895 4724 1079 4780 Supra,
1100 4736 1150 4769 n.
1168 4723 1264 4776 290,
1284 4733 1405 4777 pag.
1431 4722 1528 4766 1⁴5.
