3742 5392
713 470 845 531 ‘268
1654 468 1911 530 Canon.
1953 468 2106 529 Soc.
2147 468 2291 543 Jas.

734 614 828 679 ad
860 616 1219 694 integrum
1248 614 1623 695 collegium
1647 613 2188 679 sustentandum
2207 614 2557 677 rationem
2579 613 2890 695 aliquam
2920 630 2998 675 se
3025 613 3206 679 inire

736 722 1096 785 scribebat
1130 720 1171 785 ¹.

856 828 1001 891 575.
1102 828 1424 907 Quatuor
1488 826 1783 891 admissi
1844 826 2131 891 suerunt
2194 827 2269 889 in
2332 825 2760 891 Societatem
2815 826 3205 891 Novembri

732 951 997 1015 mense,
1023 935 1162 998 duo
1177 934 1449 998 scilicet
1475 933 1908 1012 scholastici,
1933 932 2268 997 Urbanus
2289 932 2762 1013 PataviensiS,
2787 950 3200 1013 germanuS,

712 1052 804 1107 ·et
824 1040 1077 1106 Petrus
1101 1042 1187 1105 de
1211 1040 1558 1121 Chiasira,
1586 1041 1936 1123 illyricus;
1964 1041 2087 1104 alii
2119 1041 2258 1103 duo
2294 1038 2744 1120 coadjutores
2763 1040 3068 1120 fuerunt,
3109 1041 3204 1104 al·

734 1160 844 1212 ter
872 1148 1237 1228 hispanus,
1269 1148 1573 1212 Michaei
1594 1146 1944 1226 Nabassa,
1971 1146 2090 1228 qui
2111 1147 2396 1211 tenebat
2416 1145 2836 1227 ungaricam
2857 1148 3202 1226 linguam,

734 1256 1253 1337 germanicam,
1287 1255 1761 1334 slavonicam,
1808 1254 2124 1317 italicam
2153 1262 2225 1317 et
2251 1254 2590 1333 gallicam
2611 1302 2628 1332 ,
2659 1262 2728 1316 et
2757 1253 2854 1316 ita
2873 1302 2888 1329 ,
2931 1271 3016 1317 eo
3047 1255 3203 1317 sub·

734 1361 979 1426 stituto
996 1411 1011 1442 ,
1044 1360 1241 1424 licuit
1265 1361 1532 1425 nostris
1560 1362 2003 1425 saecularem
2036 1377 2342 1444 coquum
2371 1358 2747 1423 dimittere:
2789 1358 2918 1420 4¹¹³
2945 1359 2978 1423 s
2979 1360 3076 1423 uit
3103 1361 3202 1423 fa-

732 1469 858 1532 ber
916 1468 1203 1550 quidam
1246 1467 1791 1547 caementariuS,
1824 1468 2059 1545 italuS,
2091 1466 2302 1531 valde
2331 1465 2489 1547 pius
2519 1476 2588 1531 et
2618 1465 2884 1545 bonus,
2917 1466 3204 1531 nomine

716 1574 1150 1639 Gratianus.

853 1680 993 1745 576.
1070 1680 1334 1745 Actum
1355 1689 1463 1744 est
1486 1698 1647 1743 cum
1670 1680 2117 1744 Cancellario
2137 1679 2319 1761 Jona
2339 1680 2497 1743 utin
2519 1680 2782 1761 oppido
2799 1679 2887 1744 de
2909 1680 3159 1743 Crems
3181 1681 3206 1710 ¹

739 1791 936 1853 locus
962 1786 1305 1853 Societati
1337 1788 1849 1867 assignaretur,
1881 1787 2002 1851 ubi
2023 1804 2186 1849 cum
2211 1804 2352 1851 uno
2375 1787 2751 1852 sacerdote
2779 1797 3052 1867 nostro,
3085 1788 3206 1868 qui

738 1897 1077 1977 populum
1115 1895 1402 1959 doceret
1451 1904 1521 1973 et
1553 1893 2028 1975 juventutem,
2072 1894 2290 1975 aliqui
2328 1894 2542 1957 etiam
2579 1894 2840 1959 fratres
2883 1893 3205 1958 habitare

734 2012 1057 2083 possent3
1091 2011 1161 2066 et
1181 2019 1300 2065 res
1326 2000 1523 2080 Regi.
1536 1999 2023 2063 Romanorum
2051 2000 2318 2081 placuit
2335 2050 2350 2081 ,
2377 2010 2448 2063 et
2469 2001 2824 2065 commisit
2847 2000 3206 2083 Episcopo

740 2108 1143 2173 Labacensi
1168 2117 1246 2172 ut
1274 2109 1544 2174 deloco
1574 2105 1829 2171 idoneo
1858 2106 2432 2171 informationem
2461 2118 2772 2188 caperet.

860 2215 951 2280 Et
979 2216 1159 2280 haec
1184 2215 1271 2279 de
1298 2214 1691 2279 Viennensi
1720 2213 2036 2293 Collegio
2058 2213 2250 2278 dicta
2281 2213 2658 2278 sufficiant.

1300 2749 1429 2813 DE
1466 2748 1935 2813 COLLEGIO
1983 2748 2536 2814 COLONIENSI
2592 2747 2636 2810 ⁸.

857 3176 1000 3239 577.
1087 3175 1166 3240 Ρ.
1200 3175 1615 3240 Leonardus
1626 3174 1879 3239 Kessel
1898 3175 2204 3256 praefuit
2233 3175 2370 3239 hoc
2400 3192 2588 3240 anno
2611 3176 2796 3239 sicut
2822 3186 2892 3239 et
2913 3191 3204 3257 praece-

720 3282 1070 3347 ·dentibus
1092 3283 1407 3363 Collegio
1439 3282 1869 3361 Coloniensi,
1897 3292 1966 3346 et
1989 3282 2368 3362 aliquando
2389 3290 2535 3345 tres
2566 3292 2863 3361 tantum,
2891 3282 3202 3362 aliquan-

740 3390 834 3454 do
863 3408 1024 3470 sex,
1059 3390 1439 3471 aliquando
1469 3390 1660 3454 solus
1689 3389 1840 3469 ipse
1868 3387 2290 3453 Leonardus
2331 3388 2673 3453 Coloniae
2724 3388 3206 3453 mansit.Cum

826 3700 839 3733 ¹
900 3700 1043 3745 Haec
1062 3712 1195 3756 quae
1223 3702 1275 3745 in
1306 3709 1542 3745 extrema
1574 3702 1798 3755 paginae
1833 3712 1928 3744 ora
1963 3698 2143 3744 addita
2173 3705 2317 3753 aunt,
2338 3700 2586 3745 videntur
2619 3710 2730 3745 esse
2764 3712 2940 3745 eorum
2978 3702 3206 3755 iteratio,

741 3782 875 3825 quae
893 3783 1070 3828 supra,
1089 3784 1211 3828 pag.
1230 3772 1326 3825 253,
1348 3784 1397 3815 n.
1414 3772 1514 3826 551,
1534 3772 1597 3815 de
1616 3772 1795 3816 schola
1817 3772 1869 3815 in
1889 3771 2076 3826 oppido
2095 3770 2140 3814 N
2145 3772 2250 3815 issa
2268 3771 2512 3816 instituta
2529 3772 2790 3816 dicuntur.

823 3843 846 3874 ⁸
901 3842 1003 3895 Sic:
1024 3854 1156 3887 nunc
1174 3850 1348 3888 autem
1369 3844 1435 3887 ab
1456 3843 1687 3887 omuibus
1708 3842 1815 3886 fere
1838 3840 2057 3894 Krems,
2082 3839 2312 3895 Cremsa,
2335 3840 2656 3896 Cremisium,
2679 3842 2922 3897 oppidum
2941 3841 3007 3887 ad
3039 3842 3208 3887 Danu·

740 3913 885 3959 bium
902 3914 1075 3967 situm,
1092 3915 1328 3959 undecim
1348 3914 1561 3959 circiter
1579 3913 1741 3958 leucis
1760 3912 1968 3957 Vienna
2000 3912 2068 3957 ad
2094 3913 2500 3967 septentrionem
2523 3912 2740 3957 distans.
2763 3912 3019 3968 Fauiam,
3053 3913 3206 3958 Lesi-

740 3996 839 4029 con
858 3987 1289 4042 geographia-um.
1310 3985 1567 4038 “cremam
1590 3984 1919 4039 Cremisium,
1951 3984 2151 4037 Krems,
2181 3985 2423 4039 oppidum
2456 3984 2793 4038 austriacum,
2829 3986 2896 4029 ad
2918 3984 3209 4031 Danubium

744 4058 883 4102 haud
903 4060 1135 4113 procula
1156 4057 1387 4103 Bavaria
1416 4058 1612 4109 situm...
1636 4056 2066 4108 Bnussauacan,
2089 4056 2123 4100 1.
2145 4068 2208 4111 c.,
2230 4067 2352 4111 pag.
2381 4056 2477 4109 277,
2508 4062 2686 4099 annot.
2714 4058 2757 4099 7.
2773 4055 2891 4100 —De
2914 4056 3012 4102 hac
3033 4066 3144 4103 auti
3159 4069 3208 4103 m

744 4128 1025 4175 societatis
1045 4130 1343 4175 residentia
1373 4129 1440 4173 ad
1470 4129 1649 4173 urbem
1679 4127 1884 4181 KremS,
1917 4127 2096 4171 nullibi
2115 4127 2284 4171 adhuc
2319 4127 2370 4170 in
2389 4126 2582 4181 Ignatii
2612 4138 2720 4181 seu,
2743 4138 2810 4171 ex
2837 4128 2948 4183 ejus
2969 4132 3212 4173 commis-

740 4203 911 4255 sione,
930 4201 1141 4247 Polanci
1160 4202 1353 4247 litteris
1374 4201 1682 4245 mentionem
1704 4200 1898 4243 factam
1920 4198 2208 4253 reperimus
2227 4204 2440 4253 praeter
2467 4199 2630 4243 hanc:
2651 4198 2835 4243 “Circa
2865 4200 2900 4243 il
2919 4200 3128 4254 negotio
3158 4202 3209 4245 di

744 4272 961 4319 Crembs
980 4281 1033 4319 et
1056 4276 1137 4319 del
1156 4274 1289 4319 frllo.
1313 4272 1375 4317 de
1406 4272 1471 4316 M.
1502 4272 1707 4326 Agnolo
1738 4270 1999 4323 (Suriano)
2019 4272 2100 4313 bo.
2131 4280 2210 4312 me
2237 4302 2247 4322 ,
2269 4280 2367 4313 non
2398 4270 2575 4315 dubito
2596 4270 2795 4315 hauera
2815 4270 2881 4316 V.
2914 4270 2975 4315 R.
3010 4283 3137 4317 cura
3157 4274 3210 4317 al

742 4356 839 4391 suo
856 4348 1009 4401 luogo
1029 4353 1082 4390 et
1104 4354 1315 4402 temp0.„
1336 4343 1483 4388 Patri
1504 4344 1566 4387 de
1588 4342 1789 4400 Lanoy,
1808 4342 1837 4387 2
1854 4340 2089 4395 januarii
2113 4340 2387 4394 1551(vide
2408 4352 2585 4397 supra.
2606 4353 2724 4397 pag.
2747 4342 2812 4397 10,
2837 4354 2887 4386 n.
2909 4342 2993 4394 10).

824 4418 847 4451 ⁸
902 4418 1077 4463 Pauca
1106 4418 1307 4462 omnino
1337 4417 1399 4461 de
1436 4416 1590 4459 rebus
1618 4414 1715 4459 hoc
1736 4423 1870 4458 auno
1903 4411 2148 4456 Coloniae
2183 4412 2347 4467 gestis
2377 4414 2535 4457 habet
2571 4412 2862 4457 Oammmm
2893 4414 3042 4457 Hist.
3078 4414 3207 4469 Soc„

744 4491 831 4535 lib.
854 4501 964 4541 xiv.
985 4502 1035 4535 n.
1054 4490 1123 4543 45ς
1145 4500 1311 4544 pauca
1334 4488 1510 4540 etiam,
1532 4486 1813 4541 eademque
1845 4485 1971 4539 fere,
2001 4482 2384 4535 Rairrnueauo,
2413 4485 2499 4540 qui
2519 4496 2666 4529 auam
2700 4485 2854 4541 huJua
2881 4484 3003 4529 anni
3023 4498 3211 4530 narra-

740 4562 937 4607 tionem
956 4562 1039 4605 his
1058 4561 1235 4605 verbis
1254 4558 1539 4604 exorditur:
1572 4558 1741 4601 “Anni
1760 4566 1920 4611 supra
1949 4554 2278 4599 millesimum
2307 4556 2771 4610 quingentesimum
2802 4556 3210 4611 quinquagesimi

745 4633 921 4689 quarti
942 4640 1064 4677 acta
1083 4634 1329 4688 pleraque
1350 4642 1465 4675 cum
1484 4628 1845 4675 interciderint
1866 4627 2058 4683 injuria
2078 4633 2383 4681 temporum.
2415 4628 2695 4671 multorum
2717 4628 2828 4671 ioco
2849 4635 3090 4673 constare
3111 4629 3209 4674 hoc

724 4714 902 4748 “unum
921 4704 1092 4759 debet,
1112 4704 1261 4749 unius
1281 4701 1389 4745 fere
1418 4699 1681 4744 Leonardi
1710 4698 1849 4743 fideli
1868 4704 2025 4751 atque
2053 4696 2338 4752 irrequieta
2360 4709 2517 4752 opera
2547 4708 2631 4741 res
2663 4696 2944 4741 Societatis
2962 4708 3024 4743 ac
3055 4701 3214 4745 decu·
