3742 5392
714 476 821 536 198
1631 479 1888 539 Canon.
1929 478 2082 539 Soc.
2122 481 2263 554 jas,

712 621 879 685 dere
908 638 1403 686 messanenses
1430 622 1508 687 P.
1543 624 1824 703 Ignatio
1854 625 2206 691 debebant
2232 627 2644 707 diligentiae
2685 644 2823 707 qua
2870 627 2979 689 usi
3017 626 3180 689 fuis-

715 740 871 791 sent
906 728 947 788 ¹.

833 836 976 899 427.
1062 836 1384 901 Recessit
1432 839 1649 903 etiam
1692 856 1785 903 ex
1836 840 1972 903 hac
2022 841 2174 904 vita
2221 857 2528 921 magnae
2572 842 2723 920 spei
2765 841 3182 905 adolescens

716 943 1115 1025 Stephanus
1162 945 1264 1008 5.ει
1311 944 1425 1009 die
1466 946 1681 1029 junii,
1729 947 1881 1027 qui,
1923 964 2088 1011 cum
2123 964 2465 1028 magnum
2502 948 2885 1029 patientiae
2925 958 2993 1011 et
3023 948 3178 1011 obe·

716 1052 1021 1117 dientiae
1052 1053 1409 1132 specimen
1440 1052 1786 1133 dedisset,
1820 1054 1992 1119 illud
2020 1056 2094 1119 in
2123 1054 2368 1119 ultimo
2398 1073 2541 1119 non
2569 1072 2824 1136 parum
2864 1054 2956 1118 ad
2997 1055 3182 1119 aedi-

715 1157 1120 1223 ficationem
1146 1158 1344 1239 fecit,
1378 1160 1566 1241 quod
1594 1160 2008 1225 facultatem
2037 1162 2380 1226 moriendi
2409 1180 2452 1225 a
2481 1154 2827 1243 magistro
2867 1161 3179 1226 Novitio·

718 1283 876 1330 rum
925 1267 1125 1347 petiit
1170 1266 1224 1329 ⁸:
1276 1265 1426 1347 eJ'us
1468 1269 1625 1332 loco
1672 1269 2025 1333 admissus
2066 1268 2196 1333 fuit
2237 1269 2645 1335 Ludovicus
2688 1270 2775 1334 de
2805 1269 3180 1349 Hungaria

714 1373 1087 1454 hispanuS,
1120 1372 1350 1437 Roma
1378 1375 1639 1439 missus
1664 1385 1738 1439 ut
1766 1375 1840 1439 in
1875 1374 2118 1441 Sicilia
2161 1375 2592 1442 Societatem
2619 1376 3111 1457 ingrederetur
3132 1374 3179 1436 ³.

716 1479 1050 1545 Pervenit
1085 1490 1153 1546 et
1195 1479 1272 1544 P.
1313 1480 1723 1545 Ludovicus
1765 1479 1792 1512 ⁴
1828 1480 2302 1561 GerardinuS,
2334 1484 2452 1564 qui
2494 1483 2791 1563 Collegii
2835 1483 3186 1547 Tiburtini

716 1596 952 1653 rector
980 1588 1242 1668 fuerat,
1275 1597 1346 1651 et
1374 1590 1609 1652 locum
1640 1590 1997 1671 supplevit
2024 1588 2101 1655 P.
2136 1589 2479 1671 Stephani
2519 1590 2830 1655 Baroelli
2867 1609 2904 1655 e
2943 1589 3184 1655 Sicilia

716 1696 790 1769 in
839 1694 1117 1759 Italiam
1169 1696 1489 1759 revocati
1546 1694 1591 1759 ⁸.
1643 1695 1806 1759 Fuit
1864 1697 2082 1761 etiam
2134 1709 2503 1777 promotus
2555 1700 2645 1762 ad
2701 1697 3181 1762 sacerdotium

716 1801 909 1882 Mag.
960 1801 1385 1866 Vincentius
1426 1802 1891 1881 Valentiam,
1935 1805 2054 1885 qui
2081 1814 2342 1884 tamen,
2376 1816 2668 1885 propter
2707 1804 3186 1869 valetudinem

716 1926 970 1991 parum
1021 1925 1457 1989 prosperam,
1512 1928 1555 1973 a
1604 1910 1908 1974 lectione
1956 1911 2355 1992 prohibitus
2407 1912 2682 1990 (tertiae
2732 1912 2919 1975 enim
2969 1910 3184 1974 classi

718 2016 1029 2098 praerat)
1059 2025 1129 2080 et
1156 2016 1468 2081 Montem
1487 2014 1828 2097 Regalem
1858 2018 2117 2082 missus
2147 2028 2292 2097 est;
2325 2018 2450 2083 sed
2479 2027 2548 2081 et
2586 2018 2664 2081 P.
2705 2017 3184 2097 Hieronymus

720 2123 994 2188 Otellus
1020 2122 1157 2187 hac
1187 2132 1458 2187 aestate
1488 2140 1577 2187 ex
1608 2124 2052 2188 medicorum
2081 2125 2376 2188 consilio
2416 2136 2712 2189 coactus
2751 2133 2858 2188 est
2900 2140 3185 2204 vesper-

718 2232 943 2295 tinam
970 2232 1346 2295 lectionem
1378 2232 1723 2309 omittere,
1758 2230 1946 2313 quod
1977 2232 2172 2295 fluxu
2195 2248 2360 2295 cum
2381 2232 2730 2312 sanguine
2753 2232 2978 2295 mixto
2999 2228 3188 2293 febri

717 2339 1047 2403 laborare
1098 2354 1533 2419 magnopere
1581 2339 1968 2419 coepisset,
2018 2340 2140 2419 qui
2187 2339 2478 2403 morbus
2517 2338 2654 2403 hoc
2697 2356 2886 2402 anno
2930 2336 3186 2402 Siculis

718 2448 1061 2510 molestus
1087 2443 1220 2509 fuit
1248 2442 1295 2510 ⁶.

740 2602 761 2615 .
838 2550 979 2616 428.
1067 2551 1223 2617 Hoc
1247 2569 1435 2617 anno
1457 2554 1723 2617 nostris
1746 2552 1991 2617 siculis
2013 2552 2195 2617 sicut
2217 2562 2288 2616 et
2308 2552 2468 2616 aliis
2490 2552 3008 2633 praescriptum
3024 2550 3178 2624 fuit,

718 2670 796 2723 ut
840 2660 1181 2724 exercitia
1224 2660 1620 2741 spiritualia
1664 2659 1755 2723 ad
1798 2660 2084 2741 praxim
2132 2659 2594 2737 deducerent,
2641 2669 2710 2721 et
2753 2657 2921 2738 quid
2971 2676 3057 2721 ea
3108 2658 3182 2721 in

720 2776 923 2848 parte
952 2777 1190 2832 actum
1219 2776 1407 2831 esset
1448 2768 1911 2832 admonerent
1951 2764 2012 2846 '3
2055 2765 2181 2831 sed
2218 2766 2622 2847 hujusmodi
2660 2764 3002 2829 exercitia
3039 2782 3182 2827 non

721 2873 1100 2941 admodum
1130 2876 1493 2956 copiosam
1522 2876 1595 2939 in
1624 2892 1709 2937 ea
1738 2874 2110 2955 provincia
2140 2890 2446 2937 messem
2473 2874 2894 2937 habuerunt.

838 2982 979 3046 429.
1067 2980 1521 3062 Praescripta
1568 2982 1675 3045 eis
1722 2982 1940 3045 etiam
1979 2980 2286 3045 formula
2325 2980 2454 3043 fuit
2496 2978 2799 3044 Romam
2841 2978 3191 3043 referendi

719 3089 806 3152 de
834 3088 1295 3171 qualitatibus
1323 3104 1604 3167 eorum,
1638 3088 1759 3169 qui
1788 3088 1882 3151 ad
1911 3086 2345 3152 Societatem
2391 3104 2469 3149 se
2515 3086 2790 3151 admitti
2836 3094 3181 3166 peterent,

721 3205 791 3260 et
818 3205 895 3259 ut
924 3204 1179 3277 quarto
1208 3212 1485 3275 quoque
1513 3211 1755 3259 mense
1784 3194 1874 3258 de
1897 3193 2198 3272 singulis
2221 3193 2708 3272 collegialibus
2731 3192 3087 3274 quomodo
3111 3210 3190 3255 se

722 3312 1085 3385 gererent,
1116 3300 1417 3365 Romam
1443 3302 1970 3382 perscriberent
2000 3298 2046 3364 ⁸.

842 3409 984 3475 430.
1071 3408 1305 3474 Rediit
1326 3424 1570 3473 mense
1593 3408 1779 3491 Julio
1802 3408 2208 3473 Messanam
2231 3404 2532 3471 Pro-rex
2565 3418 2634 3470 et
2664 3423 2826 3471 cum
2853 3424 2940 3469 eo
2966 3406 3043 3471 P.
3068 3406 3196 3471 Mi·

809 3728 827 3761 ¹
886 3726 1021 3771 Vide
1040 3726 1195 3779 infra,
1219 3736 1267 3769 n.
1286 3723 1393 3769 473.

806 3799 829 3831 ²
882 3798 928 3843 N
931 3798 1043 3843 onis
1062 3796 1199 3851 Jnnu
1220 3795 1515 3852 stephanus
1536 3795 1809 3841 Canatella
1824 3793 2169 3839 Messanensiu
2191 3793 2420 3836 novitius
2435 3825 2446 3845 .
2467 3792 2709 3837 acerrimi
2729 3791 3031 3837 adolescens
3053 3794 3203 3847 inge·

728 3872 823 3921 nii.
859 3875 912 3915 et
946 3876 1005 3915 ut
1042 3879 1233 3923 graece
1267 3878 1330 3913 ac
1362 3869 1524 3912 latine
1558 3868 1713 3912 valde
1734 3868 1947 3919 doctus,
1982 3865 2060 3909 ita
2089 3864 2317 3908 moribus
2348 3875 2410 3908 nc
2440 3864 2636 3920 pietate
2665 3865 2905 3909 amabilis
2939 3865 3202 3918 moritur...

730 3942 815 3987 Sic
845 3952 911 3986 ex
941 3941 1231 3985 Anniam·
1258 3951 1327 3985 nn
1354 3940 1593 3985 Conmo
1626 3939 2022 3984 Commentario
2049 3938 2118 3983 de
2151 3938 2312 3981 rebus
2331 3935 2618 3980 Societatis
2653 3937 2712 3979 in
2743 3935 2934 3981 Sicilia
2963 3936 3020 3981 P.
3043 3938 3202 3981 Acm-

728 4024 881 4067 ικιυι,
902 4015 935 4057 1.
958 4024 1021 4065 c.,
1043 4023 1087 4057 c.
1109 4022 1182 4061 xv.
1203 4024 1253 4057 n.
1272 4012 1567 4057 xxa—“Per
1584 4012 1621 4057 u
1640 4012 1851 4057 fratello
1883 4009 2168 4064 Stephano,
2191 4008 2288 4052 che
2319 4008 2400 4052 sia
2430 4008 2482 4069 in
2510 4008 2682 4061 gloria
2697 4040 2708 4061 ,
2729 4007 2774 4051 ei
2799 4008 2916 4052 fara
2944 4010 3200 4059 oratione.

730 4086 927 4129 benche
946 4096 1073 4139 pare
1096 4095 1224 4139 poco
1244 4094 1308 4128 ne
1328 4084 1530 4129 havera
1546 4082 1598 4127 di
1614 4084 1848 4138 bisogno.
1869 4082 2091 4127 secondo
2111 4082 2164 4124 ln
2183 4090 2278 4124 sna
2299 4078 2412 4123 vita
2432 4085 2486 4122 et
2505 4084 2692 4123 morte.
2711 4078 2812 4123 Dei
2835 4085 2973 4124 tutto
2993 4080 3074 4125 sia
3094 4083 3204 4125 inu·

730 4157 853 4201 dato
874 4154 1101 4210 chrum,
1122 4156 1239 4200 vita
1258 4160 1482 4210 nostra,
1502 4153 1649 4200 Patri
1670 4153 1918 4198 Annibali
1940 4164 1974 4197 a
1994 4152 2274 4205 Condreto,
2297 4151 2350 4195 18
2367 4149 2506 4203 Junii
2527 4150 2649 4194 156⁴.

810 4228 835 4261 ⁸
888 4227 1025 4272 Vide
1042 4228 1337 4283 Ασυιιιιιι,
1357 4227 1392 4273 1.
1414 4238 1475 4281 c.,
1496 4232 1648 4282 parte
1666 4227 1853 4282 prima,
1877 4236 1994 4280 cap.
2010 4235 2064 4277 x,
2087 4236 2140 4268 n.
2163 4235 2256 4267 xx.

808 4300 835 4333 ⁴
887 4298 972 4344 Sic
1002 4300 1053 4343 in
1086 4300 1185 4343 hoc
1211 4301 1325 4345 loco
1353 4309 1449 4343 ms.
1470 4298 1683 4343 Polnnci
1704 4330 1715 4351 ,
1740 4297 1827 4352 qni
1860 4304 2040 4342 tamen
2068 4295 2193 4341 alibi
2221 4305 2428 4349 semper
2459 4299 2515 4338 et
2543 4294 2740 4339 rectius
2767 4293 2954 4339 scriblt
2983 4294 3208 4339 Deside-

734 4371 874 4413 rius.

813 4442 837 4475 Β
892 4441 1026 4487 Vide
1046 4452 1223 4496 snpra,
1244 4452 1366 4497 pag.
1390 4440 1481 4485 102.
1500 4452 1553 4485 n.
1574 4440 1679 4485 192.

812 4511 839 4547 ⁸
891 4514 1027 4559 Vide
1046 4523 1223 4569 supra,
1244 4523 1363 4568 pag.
1386 4514 1478 4565 191,
1500 4526 1550 4557 n.
1570 4512 1668 4559 412.

813 4587 835 4620 '¹
892 4585 1026 4631 Vide
1045 4595 1221 4640 supra,
1242 4596 1366 4640 pag.
1386 4586 1455 4637 95,
1478 4597 1525 4629 n.
1547 4586 1640 4637 174,
1663 4590 1715 4629 et
1738 4584 1933 4629 cartas
1950 4583 2019 4627 de
2036 4582 2148 4627 San
2168 4582 2408 4635 Ignacio,
2425 4588 2466 4625 t.
2485 4592 2560 4629 iv.
2577 4592 2700 4636 pag.
2717 4580 2802 4625 460
2819 4590 2872 4625 et
2896 4581 2989 4627 19⁹.

810 4658 837 4692 ⁸
888 4658 1000 4703 Hoc
1017 4660 1127 4713 jam
1147 4667 1283 4703 anno
1300 4658 1635 4712 praecedenti
1654 4656 1940 4710 injunctum
1957 4654 2087 4710 ipsis
2103 4654 2292 4705 fuerat,
2313 4661 2370 4698 ut
2392 4653 2571 4697 videre
2591 4659 2672 4697 est
2701 4664 2879 4707 snpra,
2903 4662 2938 4697 t.
2960 4664 3040 4706 ιιι,
3061 4654 3218 4707 pagi-

736 4742 805 4775 na
825 4730 921 4783 198,
944 4742 991 4774 n.
1010 4730 1107 4775 421.
