3742 5392
659 471 770 528 424
1579 474 1835 535 Cimon.
1878 475 2032 536 Soc.
2074 476 2215 549 jes,

1306 1155 1434 1221 DE
1465 1156 1991 1222 CONCHENSI
2030 1157 2499 1223 COLLEGIO

1043 1496 1132 1541 ET
1175 1498 1360 1543 ALIIS
1403 1499 1472 1543 IN
1517 1500 1893 1547 PROVINCIA
1935 1500 2349 1545 CASTELLAE
2378 1498 2747 1545 INCHOATIS

785 1906 927 1971 915.
1015 1908 1193 1973 Cum
1223 1926 1463 1973 mense
1495 1911 1754 1974 Martio
1786 1908 1993 1989 hujus
2022 1911 2191 1974 anni
2232 1908 2309 1971 P.
2344 1908 2775 1972 Franciscus
2804 1905 2890 1969 de
2914 1907 3143 1969 Villa-

661 2031 854 2077 nova
905 2016 1255 2081 concham
1296 2018 1386 2081 ad
1426 2016 1669 2081 Drem.
1713 2018 2121 2098 Vergaram
2163 2018 2645 2093 invisendum,
2687 2026 2765 2078 ut
2804 2016 3141 2095 superius

661 2120 972 2185 diximus
1005 2121 1046 2202 ¹,
1081 2124 1349 2202 ivisset,
1395 2126 1786 2187 canonicus
1832 2125 2124 2204 quidam
2164 2125 2447 2187 nomine
2487 2123 2742 2186 Petrus
2773 2121 2886 2185 del
2916 2122 3125 2195 POZO,

661 2227 782 2306 qui
811 2244 986 2307 erga
1015 2228 1443 2294 Societatem
1471 2240 1790 2295 nostram
1823 2232 2089 2311 optime
2122 2230 2419 2294 affectus
2448 2240 2603 2293 erat
2626 2228 2671 2307 ⁸,
2698 2228 2947 2309 paucis
2967 2228 3129 2306 illis,

661 2334 954 2411 scilicet,
993 2336 1302 2417 quinque
1344 2338 1613 2415 diebuS‚
1655 2356 1832 2418 quos
1864 2338 1959 2402 ibi
1996 2338 2381 2401 Villanova
2424 2337 2685 2415 exegit,
2729 2336 2821 2399 ad
2861 2336 3139 2398 institu-

657 2442 922 2505 tionem
952 2441 1248 2523 Collegii
1275 2444 1524 2507 domos
1551 2445 1896 2525 quasdam
1925 2443 2097 2508 dare
2126 2444 2517 2519 constituit,
2552 2459 2733 2524 quae
2757 2442 2893 2505 tria
2916 2442 3143 2505 millia

661 2549 1085 2613 ducatorum
1119 2550 1270 2614 fere
1310 2552 1672 2630 valebant,
1721 2553 1794 2615 in
1837 2552 2147 2631 quodam
2190 2552 2329 2615 situ
2358 2560 2429 2614 et
2456 2551 2665 2613 horto
2698 2548 2905 2613 valde
2948 2566 3133 2611 com-

658 2655 893 2735 modo;
925 2665 996 2720 et
1023 2658 1190 2738 quia
1221 2658 1566 2722 habitatio
1597 2660 1929 2739 augenda
1958 2659 2357 2737 videbatur,
2392 2659 2465 2721 in
2488 2659 2643 2738 ipso
2667 2657 3144 2719 instrumento·

661 2761 1088 2843 donationis,
1133 2763 1225 2827 ad
1269 2765 1786 2829 aedificandum
1826 2765 2017 2847 quod
2060 2766 2411 2847 reliquum
2454 2773 2610 2827 erat
2650 2773 2722 2827 et
2761 2764 3135 2827 ecclesiam

659 2868 1074 2948 erigendam
1103 2888 1260 2937 sese
1289 2873 1656 2952 obligavit.
1692 2873 1961 2937 Obtulit
2004 2874 2288 2936 interim
2327 2871 2671 2935 ducentos
2700 2880 2770 2933 et
2800 2870 3131 2951 quinqua-

659 2976 860 3054 ginta
891 2994 1147 3042 aureos
1176 2980 1474 3059 singulis
1503 2981 1733 3059 anniS,
1777 2980 2115 3062 quamdiu
2144 2981 2444 3059 viveret,
2478 2979 2617 3042 illis
2638 2979 2727 3042 de
2750 2976 3123 3053 Societate‚

659 3082 777 3162 qui
826 3081 1158 3149 Conchae
1197 3097 1566 3150 manerent
1605 3085 1652 3167 ³3
1694 3088 2027 3168 quamvis
2056 3096 2295 3150 autem
2335 3084 2671 3150 veniebat
2714 3085 2789 3148 in
2828 3093 3137 3147 mentem

657 3188 852 3253 Patri
881 3190 1267 3256 villanova
1296 3193 1486 3274 quod
1516 3193 1852 3257 Conchae
1886 3193 2282 3273 Collegium
2310 3193 2683 3257 admittere
2714 3200 2900 3255 esset
2930 3188 3129 3253 Com-

659 3298 981 3375 plutense
1013 3297 1406 3379 Collegium
1447 3300 1846 3381 debilitare,
1887 3300 2031 3364 D.ri
2064 3300 2442 3380 Vergarae
2484 3299 2721 3380 potius
2760 3296 3136 3361 videbatur

659 3404 1050 3468 subsidium
1079 3405 1180 3469 illi
1209 3406 1496 3484 adferri,
1532 3417 1608 3470 ut
1631 3408 1903 3471 scilicet
1932 3407 2308 3471 debiliores
2338 3417 2408 3470 et
2428 3406 2822 3470 salubriore
2846 3412 3010 3467 aere
3034 3404 3129 3465 in·

661 3511 985 3589 eligentes
1015 3510 1386 3594 Compluto
1418 3513 1782 3577 Concham
1813 3514 1996 3577 mitti
2028 3524 2317 3594 possent
2345 3511 2391 3577 ⁴.

737 3858 751 3890 ¹
810 3857 946 3903 Vide
964 3869 1139 3913 supra.
1159 3872 1276 3915 pag.
1293 3860 1390 3915 ⁴21,
1411 3874 1458 3905 n.
1481 3860 1577 3906 908.

737 3931 759 3961 2
815 3929 1002 3974 Paucis
1021 3940 1144 3975 ante
1174 3933 1326 3976 annis
1360 3944 1459 3977 non
1490 3935 1566 3977 lta
1599 3933 1818 3977 affectus
1851 3944 1980 3988 erga
2014 3932 2329 3977 Societatem
2350 3933 2540 3977 fuerat.
2562 3932 2726 3987 “Aui‚
2746 3943 2811 3975 en
2829 3942 2930 3975 uno
2962 3932 3021 3975 de
3054 3932 3134 3975 los

659 4012 884 4047 vet-anos
911 4004 1280 4048 antecedentes
1300 4005 1347 4048 el
1381 4004 1436 4048 Ρ.
1457 4005 1627 4048 Pedro
1648 4006 1710 4049 de
1733 4004 1989 4049 Tablares
2022 4004 2182 4049 habia
2215 4004 2503 4048 aficionado
2525 4007 2558 4047 a
2590 4005 2643 4048 la
2665 4004 2949 4058 compunta
2984 4008 3133 4047 entre

653 4083 798 4117 utros
819 4073 1204 4130 Prehendados,
1226 4076 1278 4120 al
1312 4075 1577 4130 Canonigo
1611 4076 1778 4120 Pedro
1799 4077 1884 4120 del
1921 4076 2054 4121 Pozo
2076 4077 2193 4131 (que
2212 4082 2362 4119 antes
2382 4086 2473 4119 nos
2505 4087 2599 4120 era
2630 4086 2752 4131 muy
2785 4076 3009 4121 averso).
3034 4084 3123 4127 por

653 4145 820 4189 medio
843 4144 904 4189 de
938 4147 1016 4190 los
1045 4146 1331 4202 Ejerclcios
1359 4148 1713 4203 espirituales‚
1735 4148 1798 4191 de
1833 4160 1931 4204 que
1964 4148 2095 4192 sallo
2132 4148 2558 4203 ejemplarmente
2594 4146 2827 4199 devoto...
2866 4146 3129 4197 ΑιοΑκΛι,

659 4218 1090 4263 Chronohistoria
1111 4220 1176 4264 de
1197 4220 1251 4263 la
1267 4220 1558 4264 vaincia
1585 4221 1652 4264 de
1680 4220 1889 4273 Toledo,
1908 4220 2032 4265 Dec.
2054 4231 2094 4265 ιι
2108 4253 2119 4273 ,
2142 4232 2227 4263 an.
2247 4230 2321 4265 xv.
2342 4229 2456 4273 cap.
2477 4230 2496 4262 1
2511 4251 2522 4273 ‚
2542 4216 2575 4273 ἓ
2596 4220 2616 4261 1
2640 4222 2694 4261 et
2712 4217 2947 4262 ⁴.-Vide
2975 4230 2991 4259 t
3006 4217 3133 4260 tiam

657 4288 822 4344 infra,
843 4301 894 4335 n.
922 4290 1019 4335 919.

735 4360 760 4394 ⁸
814 4360 966 4406 Haud
985 4368 1275 4417 congruunt
1295 4363 1426 4406 haec
1447 4374 1562 4406 cum
1581 4363 1645 4407 iis
1659 4396 1669 4415 ‚
1690 4374 1823 4418 quae
1845 4364 2005 4407 habet
2026 4362 2082 4406 P.
2104 4362 2321 4413 CAsmo.
2340 4363 2374 4406 l.
2396 4373 2459 4413 c„
2476 4362 2563 4405 ubi
2584 4362 2659 4405 ait
2681 4366 2889 4405 nostros
2908 4360 3011 4404 illis
3037 4360 3129 4403 inl-

655 4433 742 4477 tiis
773 4432 1010 4479 Conchae
1031 4435 1224 4479 vixisse
1251 4435 1672 4479 “sustentandose
1706 4446 1802 4478 con
1829 4436 1911 4478 las
1942 4434 2188 4480 limosnas
2216 4446 2311 4489 que
2334 4435 2506 4477 daban
2540 4434 2759 4487 algunos
2790 4431 3071 4485 canonlgos
3092 4442 3132 4487 y

653 4511 798 4550 otros
825 4506 1204 4561 eclesiastica,
1235 4517 1430 4561 pot-que
1460 4507 1510 4550 el
1543 4507 1798 4561 canonlgo
1829 4506 1997 4550 Pedro
2032 4506 2117 4549 del
2153 4506 2285 4550 Pozo
2319 4516 2385 4549 no
2425 4507 2503 4549 let
2534 4506 2713 4548 sennlo
2751 4510 2903 4547 tenta
2937 4504 3135 4557 alguna.

655 4578 906 4624 mlentru
923 4579 1113 4633 vlvlo...
1133 4578 1266 4623 Vide
1288 4580 1448 4623 etlam
1467 4579 1742 4631 Azetium,
1763 4579 1798 4621 l.
1820 4576 2061 4621 c.—Vide
2083 4585 2259 4622 tamen
2279 4576 2414 4621 infra
2433 4608 2443 4625 .
2460 4588 2545 4621 nn.
2570 4576 2654 4619 9¹8
2674 4584 2724 4620 et
2747 4575 2845 4619 922.

737 4652 762 4685 ⁴
815 4652 920 4698 “No
950 4653 1000 4695 le
1034 4651 1306 4707 agradaba
1328 4652 1382 4695 al
1414 4651 1620 4694 celebre
1655 4650 1955 4694 humanlsta
1988 4649 2234 4702 (Antonio
2253 4650 2317 4693 de
2338 4648 2581 4704 Nebrlja)
2611 4650 2659 4693 el
2696 4648 2817 4692 sntio
2838 4647 2901 4690 de
2924 4647 3131 4699 Alcala,

657 4724 778 4777 algo
801 4724 1074 4778 castigando
1093 4730 1336 4767 entonces
1369 4733 1465 4777 por
1485 4723 1750 4767 tercianas
1778 4732 1816 4777 y
1837 4726 1983 4763 otras
2014 4720 2427 4772 enfermedades,
2444 4730 2541 4774 por
2562 4719 2728 4763 efecto
2765 4719 2825 4762 de
2860 4720 2914 4762 la.
2948 4728 3131 4761 escas..
