3742 5392
1656 496 1783 555 Ax.
1832 496 1972 555 1554
2471 573 2480 587 .
2945 496 3056 557 005

566 656 727 708 tam
752 658 969 723 aegre
1015 642 1095 707 id
1128 643 1323 721 tulit,
1356 642 1546 724 quod
1586 643 1904 707 nonnulli
1932 644 2301 724 putabant,
2335 643 2552 707 immo
2578 643 2826 707 statim
2845 641 3056 723 ,iussit

578 758 655 813 ut
674 749 905 828 servi„
921 766 1113 830 quos
1123 750 1431 821 habebat
1456 750 2025 827 concubinariOS,
2051 767 2222 815 suas
2243 749 2678 815 concubinas
2698 750 2774 815 in
2793 767 3058 815 uxores

572 856 949 935 moeream
998 854 1319 921 decrevit
1368 856 1587 921 etiam
1627 856 1700 920 in
1738 857 2134 921 ministerio
2183 856 2572 922 domestico
2627 854 2850 940 [ipsis]
2909 875 3051 921 non

572 963 717 1043 urie„
736 972 809 1026 et
836 963 905 1027 si·
928 962 1057 1029 alii.
1078 963 1493 1027 sacerdotes
1523 980 1655 1029 suo
1683 962 1913 1027 officio
1941 962 2144 1043 fungi
2166 965 2580 1043 voluissent,
2613 980 2761 1028 non
2799 981 3056 1045 parum

588 1068 768 1134 effici
798 1070 1170 1151 potuisset,
1200 1070 1329 1135 sed
1350 1071 1450 1135 illi
1478 1081 1549 1135 et
1578 1068 1847 1150 Regem
1879 1070 2466 1135 concubinarium
2493 1079 2563 1135 et
2593 1072 2774 1135 alios
2803 1071 3054 1135 eodem

580 1176 841 1241 morbo·
861 1177 1275 1243 laborantes
1300 1177 1393 1241 ad
1442 1186 1900 1242 sacramenta
1935 1177 2398 1256 admiserunt,
2451 1187 2520 1243 et
2558 1179 2898 1260 quidquid
2928 1195 3054 1242 no-

579 1283 713 1347 stri
752 1300 917 1349 cum
945 1284 1087 1349 Dei
1111 1285 1377 1349 anxilio
1408 1283 1902 1364 aedificabant,
1947 1285 2187 1349 statim
2225 1286 2327 1348 illi
2365 1284 2844 1365 destruebant;
2891 1285 3058 1349 Pro·

583 1392 1253 1473 episcopusille„qui
1278 1390 1800 1457 confessionem
1814 1391 2036 1473 Regis
2057 1392 2390 1456 audiebat
2416 1392 2458 1471 ¹,
2475 1402 2544 1455 et
2567 1410 2731 1457 cum
2754 1410 2919 1457 eum
2941 1392 3058 1457 ad·

584 1506 905 1562 moneret
954 1497 1031 1563 Ρ.
1086 1497 1489 1579 Corneliu5‚
1521 1499 1739 1563 immo
1777 1499 2184 1564 ostenderet
2221 1499 2651 1563 sententiam
2683 1497 3058 1565 doctorum

582 1606 779 1685 qnod
832 1623 979 1671 non
1026 1607 1291 1671 licebat
1332 1606 1735 1688 hujusmodi
1777 1608 2100 1671 homines
2143 1606 2540 1686 absolvere,
2581 1606 3057 1687 respondebat

589 1713 706 1776 ille
736 1714 931 1793 quod:
954 1713 1075 1777 alii
1106 1712 1287 1777 forte
1316 1712 1514 1778 aliud
1537 1715 1906 1778 sentirent.

718 1818 893 1883 1286.
979 1820 1377 1899 Fugiebant
1420 1821 1703 1885 interim
1732 1820 1807 1884 P.
1854 1821 2260 1885 Cornelium
2287 1822 2558 1885 nobiles
2585 1836 2674 1885 ne
2705 1822 2774 1884 in
2821 1820 3062 1883 odium

594 1928 813 2007 Regis
842 1929 1307 2008 incurrerent;
1341 1938 1410 1992 et
1455 1929 2048 2010 cumpostularet
2095 1947 2138 1992 a
2166 1928 2364 2009 Rege
2391 1927 2467 1992 P.
2501 1926 2872 1992 Cornelius
2901 1928 3056 2008 ipsa

588 2034 1043 2099 hebdomada
1072 2046 1321 2099 sancta
1352 2046 1429 2099 ut
1460 2052 1536 2099 se
1568 2037 1878 2116 audiret,
1913 2038 2132 2099 semel
2159 2046 2230 2099 et
2259 2036 2520 2101 iterum
2557 2046 2750 2100 retro
2787 2052 2864 2098 se
2893 2050 3056 2099 con·

594 2154 915 2221 vertens,
938 2142 1219 2223 publice
1250 2162 1292 2206 a
1321 2152 1713 2223 conspectu
1734 2143 1810 2208 P.
1844 2143 2162 2208 Cornelii
2190 2143 2510 2207 recessit.
2536 2142 3013 2207 Existimabat
3037 2140 3060 2173 ¹

590 2267 737 2313 non
766 2251 1002 2315 solum
1023 2250 1201 2313 haec
1234 2250 1395 2313 inde
1428 2251 1806 2331 provenire
1834 2251 2029 2331 quod
2059 2267 2311 2314 servus
2333 2259 2522 2314 esset
2543 2267 2833 2315 suarum
2867 2251 3058 2313 volu-

592 2366 889 2437 ptatum,
934 2357 1067 2421 sed·
1100 2359 1313 2421 etiam
1343 2358 1533 2438 quod
1568 2356 1836 2438 Judicio
1865 2374 2120 2437 parum
2149 2375 2326 2421 sano
2353 2357 2722 2438 praeditus
2751 2366 2961 2436 esset,
2995 2364 3066 2419 et

596 2472 839 2527 tantae
866 2465 1202 2541 levita-tiS,
1238 2476 1313 2527 ut
1345 2466 1517 2529 nihil
1560 2465 1694 2528 sibi
1738 2464 1915 2528 certi
1953 2474 2195 2544 posset
2234 2464 2552 2543 polliceri
2588 2464 2676 2528 de
2707 2464 2820 2527 his
2849 2464 3066 2527 etiam

597 2587 787 2649 quae
810 2572 1272 2651 promisisset.
1307 2571 1557 2653 Coepit
1579 2572 1863 2652 quidem
1895 2570 1916 2601 ³
1949 2572 2413 2637 christianam
2435 2572 2832 2635 doctrinam
2864 2570 3066 2665 doce-

597 2696 685 2740 re·
704 2687 776 2741 et
803 2695 891 2741 se·
911 2678 1473 2743 confessionibus
1502 2696 1886 2760 exponere,
1920 2679 2046 2743 sed
2077 2679 2250 2743 nulli
2275 2679 2520 2759 ferme,
2554 2687 2837 2759 praeter
2859 2694 3064 2758 quos-

594 2786 763 2849 dam
790 2789 1284 2866 paupercuIOS,
1322 2785 1412 2849 ad
1442 2804 1603 2851 eum
1634 2785 2096 2851 accedebant.

722 2892 894 2956 1287.
983 2891 1579 2959 sustentabantur
1606 2894 1834 2958 nostri
1862 2894 2055 2957 nulla
2086 2894 2387 2975 pecunia
2417 2909 2718 2975 prorsus
2739 2902 3066 2973 accepta,

592 3010 669 3063 et
696 3000 840 3079 ille,
866 3001 983 3064 cui
1010 2999 1166 3063 Rex
1193 2999 1423 3081 Congi
1454 3018 1642 3065 anno
1672 3001 2028 3082 superiori
2055 3001 2512 3065 commiserat
2539 3009 2617 3064 ut
2637 2998 2920 3064 Nostris
2946 3017 3067 3063 ne-

588 3107 911 3171 cessaria
940 3108 1447 3189 suppeditaret,
1475 3106 1631 3203 ‚iam
1652 3108 1829 3171 nihil
1860 3105 2078 3189 Regis
2107 3109 2392 3171 nomine
2433 3108 2536 3171 eis
2574 3107 2814 3184 dabat,
2847 3114 2920 3170 et
2949 3106 3064 3169 de·

590 3222 926 3278 creverat
953 3213 1031 3279 Ρ.
1065 3214 1449 3279 Cornelius.
1476 3216 1743 3278 nullam
1783 3216 2314 3295 eleemosynam
2351 3214 2800 3295 corporalem
2843 3212 2940 3275 ad
2967 3213 3070 3275 vi-

592 3336 793 3385 ctum
819 3338 1033 3385 sumn
1056 3340 1099 3385 a
1126 3320 1323 3402 Rege
1353 3322 1701 3402 accipere,
1736 3322 1966 3385 donec
2005 3322 2122 3385 ille
2157 3322 2394 3385 cibum
2432 3321 2874 3402 spiritualem
2915 3336 2956 3382 a
2989 3336 3068 3382 se

598 3428 973 3493 admittere
1001 3430 1240 3493 nollet.

687 3533 858 3599 1288.
949 3534 1341 3599 Censuerat
1371 3536 1751 3616 aliquando
1780 3536 2204 3600 mittendum
2241 3552 2398 3600 esse
2439 3538 2756 3616 legatum
2799 3551 2843 3598 a
2872 3532 3070 3613 Rege

599 3643 1081 3723 portugalliae
1103 3644 1195 3707 ad
1225 3642 1496 3723 Regem
1524 3643 1776 3724 Congi‚
1812 3653 1892 3707 ut
1919 3643 2133 3707 timor
2163 3643 2626 3707 subtrahendi
2654 3640 3068 3707 commercii

594 3750 695 3814 ad
715 3750 1075 3815 saniorem
1102 3760 1409 3815 mentem
1440 3751 1671 3831 ipsum
1698 3750 2098 3830 reduceret;
2131 3750 2258 3815 sed
2286 3750 2540 3814 deinde
2561 3749 2888 3813 dubitare
2916 3765 3072 3813 eoe-

600 3858 705 3937 pit
733 3857 1149 3921 cle-remedii·
1192 3854 1399 3936 hujus
1448 3857 1894 3937 certitudine,
1937 3874 2104 3921 cum
2138 3866 2377 3921 tamen
2408 3855 2431 3887 ⁸
2459 3856 2844 3921 verisimile
2883 3864 3076 3919 esset-

599 3963 1343 4045 aliquoshominesin
1364 3964 1490 4027 tali
1527 3963 1779 4028 itinere
1822 3964 2054 4028 vitam·
2087 3964 2500 4044 amis-suros;
2543 3973 2615 4027 et
2651 3964 2941 4027 demum
2980 3977 3072 4023 ex

594 4071 891 4137 duobus.
908 4070 1507 4151 alterumRegem
1536 4070 2018 4152 Portugalliae
2049 4071 2312 4152 eligere
2356 4087 2566 4151 posse
2603 4068 3066 4150 suggerebat,

594 4179 907 4255 scilicet„
930 4180 1051 4241 vela
1070 4178 1321 4241 statim·
1342 4178 1505 4241 sine·
1524 4178 1669 4242 ulla
1710 4178 2261 4242 comminatione
2315 4177 2823 4241 commercium
2867 4191 3071 4256 prae-

691 4460 701 4490 ¹
764 4456 919 4502 Ιῑα-ίιι
940 4466 1051 4508 ms..
1072 4468 1256 4501 sensus
1275 4462 1451 4500 autem
1472 4458 1737 4512 postulare
1760 4458 1970 4501 videtur
1999 4462 2058 4501 ut
2087 4456 2263 4511 aliqua
2289 4455 2456 4500 verba
2484 4454 2604 4499 huic
2635 4452 2849 4509 periodo
2878 4453 3072 4497 addan-

600 4539 691 4576 tur
712 4533 809 4575 hoc
826 4529 937 4573 sere
959 4528 1127 4573 modo:
1150 4526 1268 4573 Non
1290 4528 1455 4571 aliter
1472 4538 1533 4573 se
1551 4530 1772 4582 gerebat
1792 4528 2206 4584 Pro-episcopus
2225 4527 2336 4583 ille,
2357 4534 2458 4570 etc.
2479 4524 2614 4570 Vide
2634 4524 2772 4570 infra
2793 4535 2846 4569 n.
2867 4523 2990 4569 1288.

686 4604 709 4634 ἱ
764 4601 888 4645 Seii.
910 4592 1073 4644 Pater
1092 4597 1378 4645 Cornelius.

688 4674 708 4703 ἲ
764 4672 908 4716 Idem
929 4670 1217 4715 Cornelius.

689 4748 711 4778 ⁴
776 4744 975 4788 Tamen
1002 4753 1097 4797 pro
1118 4736 1339 4787 tandem
1360 4743 1445 4787 hic
1464 4743 1705 4798 usurpari
1728 4743 1931 4787 videtur
1945 4774 1956 4786 .
