3742 5392
671 453 753 512 ⁴28
1603 456 1856 515 Cnaox.
1900 457 2055 515 Soc.
2098 457 2238 528 με.

679 610 1142 679 tractaretur,
1177 601 1441 681 alioqui
1471 620 1546 664 se
1589 620 1958 668 recursum
1998 604 2089 667 ad
2127 602 2491 668 Summum
2516 603 2922 667 Pontificem
2956 605 3149 668 habi·

677 718 910 770 turum
945 707 1360 772 affirmabat.
1395 709 1493 772 At
1522 708 1594 772 P.
1631 709 1951 788 Ignatius
1982 729 2121 774 non
2164 713 2393 774 solum
2432 729 2657 792 aequo
2704 712 2941 774 animo
2985 713 3148 775 tulit

666 815 864 894 quod
894 815 967 878 Ρ.
1005 815 1332 880 Andreas
1370 818 1759 894 scribebat,
1803 818 1932 881 sed
1969 818 2294 881 eumdem
2332 835 2458 898 per
2502 819 2774 881 litteras
2818 818 3149 883 hortatus

679 933 926 998 estut,
981 924 1212 1004 quoad
1269 923 1420 1005 ejus
1472 924 1621 988 fieri
1674 937 1947 1004 posset,
1986 925 2381 1003 resisteret,
2422 939 2491 988 et
2544 927 2650 989 sui
2702 927 3027 988 electioni
3056 927 3148 990 ad

678 1029 981 1108 praelati
1012 1029 1316 1094 officium
1368 1049 1512 1095 non
1561 1033 2019 1095 consentiret.
2075 1031 2210 1096 Sed
2260 1031 2455 1112 Rege
2508 1032 2985 1112 Portugalliae
3024 1051 3151 1113 per

677 1133 1029 1215 Legatum
1075 1137 1088 1167 ¹
1130 1137 1203 1199 id
1255 1139 1734 1218 supplicante,
1777 1137 2109 1202 Summus
2150 1138 2512 1215 Pontifex,
2554 1139 2627 1202 in
2666 1140 2927 1202 virtute
2971 1139 3146 1203 Obe-

674 1242 1008 1322 dientiae,
1041 1261 1182 1306 non
1213 1245 1446 1308 solum
1477 1244 1613 1324 ipsi
1649 1243 1724 1307 P.
1761 1245 2129 1324 Andreae,
2178 1246 2305 1308 sed
2334 1255 2402 1308 et
2432 1245 2507 1309 P.
2532 1245 2791 1326 Joanni
2826 1246 3145 1326 Nugncz,

673 1349 1135 1414 patriarchae
1165 1350 1567 1431 designatO,
1602 1361 1672 1414 et
1705 1351 1779 1414 P.
1827 1351 2195 1415 Melchiori
2228 1351 2579 1426 Carnem,
2616 1354 2686 1416 in
2716 1353 3151 1434 Episcopum

668 1469 742 1520 et
770 1457 1231 1521 Patriarchae
1255 1469 1744 1522 successorem
1773 1471 1935 1539 post
1967 1459 2042 1522 P.
2078 1459 2442 1523 Andream
2474 1463 2729 1538 electe,
2775 1463 3145 1542 praecepit

674 1575 748 1626 ut
778 1566 1073 1646 quisque
1104 1583 1315 1643 onuS,
1347 1565 1538 1646 quod
1567 1566 1634 1628 ei
1663 1566 2179 1646 imponebatur,
2214 1567 2627 1646 susciperet.

687 1677 700 1689 '
792 1672 894 1734 35.
983 1672 1568 1735 Commendatum
1612 1672 1842 1735 suerat
1888 1673 2115 1736 eidem
2147 1673 2221 1736 P.
2270 1673 2604 1738 Andreae
2649 1686 2726 1739 ut
2766 1686 3152 1739 tractatum

673 1779 760 1843 dc
787 1779 1135 1860 frequenti
1165 1797 1296 1842 usu
1327 1780 1841 1842 communionis
1871 1778 2281 1858 conficeret;
2327 1790 2417 1858 et,
2463 1783 2793 1862 quamvis
2848 1800 3149 1864 occupa-

670 1896 806 1966 tuS,
840 1887 1031 1965 illud,
1059 1905 1222 1950 cum
1244 1897 1430 1950 esset
1454 1885 1762 1966 Tybure,
1794 1904 2181 1967 aggressus
2204 1899 2333 1965 est;
2360 1906 2501 1952 non
2532 1898 2771 1954 tamen
2818 1891 3147 1969 absolvit;

670 1994 828 2057 ideo
857 1994 1131 2058 Doctor
1181 1992 1740 2073 Christophorus
1791 1994 2215 2074 Madridius,
2248 2004 2407 2076 post
2453 1993 2604 2075 ejus
2642 2015 3022 2078 recessum,
3058 2017 3149 2062 ex

677 2102 1080 2165 obedientia
1111 2103 1297 2164 hunc
1327 2109 1716 2164 tractatum
1747 2101 2056 2164 confecit
2085 2102 2129 2166 ¹¹.

574 2191 580 2200 ’
786 2207 887 2272 36.
979 2208 1054 2272 P.
1083 2208 1518 2287 DesideriuS,
1550 2208 1801 2270 diebus
1823 2209 2198 2272 dominicis
2219 2255 2233 2284 ,
2261 2220 2419 2290 post
2442 2211 2703 2274 missae
2722 2211 3149 2275 sacrificium

667 2315 1138 2379 christianam
1169 2315 1568 2379 doctrinam
1612 2315 2050 2396 explicabat,
2102 2326 2171 2379 et
2214 2317 2625 2380 scholastici
2666 2329 2733 2380 et
2772 2318 2892 2382 alii
2934 2320 3147 2382 etiam

669 2421 760 2484 ad
789 2439 946 2486 eam
971 2422 1394 2486 audiendam
1423 2402 1894 2500 accedebann‘
1920 2422 2170 2486 deinde
2194 2424 2594 2504 aliquorum
2622 2426 2953 2489 audiebat
2982 2443 3144 2488 con-

669 2529 1008 2593 sessiones
1037 2539 1106 2593 et
1136 2530 1346 2593 etiam
1381 2529 1734 2610 hospitale
1765 2531 1856 2593 ad
1892 2531 2030 2592 hoc
2064 2529 2292 2609 ipsum
2322 2531 2686 2594 visitabat.
2721 2530 2861 2596 Sed
2892 2532 2967 2597 P.
3004 2534 3143 2597 An-

661 2638 876 2700 dreas
907 2637 1341 2717 experientia
1375 2636 1889 2717 comperiebat,
1929 2646 2219 2717 propter
2249 2638 2434 2700 hanc
2476 2639 2855 2702 lectionem
2884 2640 3142 2703 doctri-

664 2761 800 2807 nae
829 2744 1296 2822 christianae,
1331 2743 1707 2808 dominicis
1728 2743 1977 2807 diebus
2005 2755 2166 2824 post
2198 2761 2481 2808 sacrum
2514 2746 2969 2826 explicatam,
3019 2747 3144 2810 im·

666 2850 890 2930 pediti
912 2850 1440 2914 confessionum
1465 2860 1532 2914 et
1571 2849 2147 2914 communionum
2169 2851 2638 2916 ministerium
2660 2869 2675 2930 ;
2700 2863 2769 2916 et
2794 2870 2955 2916 cum
2983 2871 3141 2932 sug-

661 2957 1004 3036 gessisset
1053 2957 1129 3021 P.
1183 2958 1501 3036 Ignatius
1563 2967 1642 3020 ut
1695 2968 1856 3036 post
1912 2957 2275 3021 meridiem
2341 2959 2587 3022 diebus
2638 2959 3009 3023 dominicis
3060 2979 3143 3023 ca

665 3065 1162 3144 explicaretur,
1207 3064 1537 3145 quamvis
1587 3074 1998 3128 nostrorum
2028 3064 2321 3128 arbitrio
2353 3083 2467 3128 res
2509 3066 2665 3146 ipsa
2706 3067 3143 3148 relinqueba-

660 3182 811 3250 tur,
844 3172 1079 3235 visum
1120 3182 1224 3235 est
1279 3171 1349 3234 id
1399 3170 1684 3251 Tybure
1731 3188 1986 3251 parum
2015 3172 2430 3251 succedere;
2479 3190 2645 3236 nam
2693 3173 3133 3253 experientia

751 3413 767 3445 ¹
829 3411 1091 3466 Legatum
1118 3423 1264 3456 suum
1287 3423 1378 3456 eeu
1397 3419 1661 3455 oratorem
1684 3412 1734 3455 in
1755 3411 1993 3456 Romana
2013 3412 2177 3466 curia,
2210 3411 2535 3466 alphonsum
2564 3413 2625 3456 de
2648 3413 2975 3457 Alcncastre.
3010 3411 3143 3457 Vide

669 3495 846 3540 supra,
867 3495 974 3538 pag
1008 3484 1052 3536 7,
1072 3495 1122 3527 n.
1139 3485 1184 3532 6.
1201 3489 1380 3527 annot.
1404 3483 1448 3526 3.

745 3555 769 3588 2
827 3553 1008 3599 Sermo
1030 3565 1108 3598 est
1133 3556 1194 3598 de
1216 3555 1408 3608 libello,
1432 3555 1495 3598 de
1517 3566 1619 3610 quo
1640 3557 1770 3599 haec
1793 3553 1850 3598 P.
1874 3553 2293 3608 Sommervogel:
2325 3553 2725 3609 “Christophori
2760 3553 3026 3609 Madridii‚
3059 3557 3144 3598 So—

663 3627 875 3672 cietatis
896 3627 1034 3680 Jesu.
1058 3627 1265 3670 libellus
1287 3627 1347 3668 de
1371 3626 1628 3681 frequenti
1653 3637 1746 3670 usu
1769 3625 2099 3670 sacramenti
2121 3625 2507 3670 Eucharistiae.
2528 3626 2761 3680 Neapoli,
2794 3627 2912 3681 1556,
2945 3628 2987 3680 4,
3018 3628 3067 3670 ff.
3090 3627 3137 3670 7.

655 3721 706 3730 -
730 3698 869 3744 C'est
910 3701 962 3742 la
1007 3699 1263 3752 premiere
1301 3698 1496 3742 edition
1536 3699 1622 3753 qui
1663 3698 1740 3742 fut
1782 3699 1953 3742 euivie
1992 3699 2108 3742 d'un
2144 3699 2310 3752 grand
2352 3700 2565 3742 nombre
2600 3699 2842 3742 d'autres.
2876 3698 3143 3744 Orlandmi

661 3771 830 3822 (Hist.
852 3771 904 3814 S.
925 3771 998 3826 J„
1021 3770 1109 3813 lib.
1135 3771 1200 3820 16,
1225 3769 1304 3812 n.⁰
1323 3771 1395 3822 ⁴16)
1417 3771 1508 3813 dit:
1534 3771 1702 3814 editus
1725 3770 1822 3814 hoc
1844 3781 1980 3814 anno
2000 3769 2145 3822 (1556)
2164 3769 2379 3824 Neapoli
2398 3803 2408 3822 ,
2432 3777 2485 3814 et
2507 3769 2961 3824 Caesaraugustae
2994 3773 3111 3814 evul
3128 3795 3139 3802 ·

659 3855 726 3896 ga
737 3841 963 3887 tus.—Le
985 3842 1041 3884 P.
1065 3841 1306 3895 Polanco,
1329 3843 1461 3885 dans
1483 3853 1581 3885 une
1602 3842 1760 3886 lettre
1783 3843 1844 3886 de
1865 3841 1921 3885 20
1938 3841 2117 3894 Juillet
2140 3841 2261 3895 1556,
2283 3842 2376 3885 dit:
2410 3843 2619 3896 quidam
2649 3843 2803 3886 amici
2831 3844 2975 3886 illum
3008 3841 3141 3886 Nea-

661 3915 764 3967 poli
796 3913 1192 3969 imprimendum
1227 3919 1529 3959 curarunt...
1565 3911 1660 3957 Cet
1696 3915 1943 3968 opuscule
1977 3925 2009 3956 a
2040 3917 2123 3958 ete
2156 3919 2376 3957 aouvent
2406 3913 2540 3968 Joint
2571 3925 2639 3957 au
2674 3913 3039 3958 Directorium
3075 3916 3141 3958 du

663 3984 718 4028 Ρ.
743 3985 1006 4036 Polanco.„
1025 3983 1402 4038 Bibliothdqup·
1416 3985 1514 4028 des
1532 3986 1808 4028 e‘crivains
1824 3985 1891 4028 de
1914 3985 1967 4029 Ia
1989 3985 2106 4029 Com
2110 3986 2315 4038 pagnie
2336 3985 2401 4027 de
2420 3985 2601 4039 jesus,
2623 3995 2657 4028 ι.
2680 3999 2732 4038 v,
2754 3987 2850 4028 coi.
2872 3985 2992 4029 278.-
3006 3987 3140 4040 ·Jam

659 4068 788 4100 vero
803 4068 866 4100 ex
885 4056 982 4100 hoe
1000 4056 1246 4100 Chronici
1259 4059 1370 4100 loco
1387 4057 1566 4100 deduci
1583 4067 1733 4110 posse
1749 4057 1959 4100 videtur
1971 4057 2201 4100 libellum
2216 4056 2349 4099 hunc
2364 4061 2607 4100 auctores
2618 4055 2861 4101 habuisse
2878 4057 3141 4101 Andream

667 4129 728 4172 de
751 4127 967 4182 Oviedo,
987 4139 1020 4172 a
1041 4140 1142 4183 quo
1161 4129 1448 4182 incoeptus,
1471 4135 1524 4172 et
1547 4127 1981 4182 christophorum
2000 4127 2325 4173 Madridium.
2344 4139 2374 4170 a
2396 4139 2495 4181 quo
2518 4127 2783 4172 consectus
2806 4129 2919 4173 suit.
2944 4128 3141 4174 Verum

669 4213 729 4242 ex
767 4199 978 4252 litteris,
1014 4213 1041 4243 e
1079 4202 1262 4255 quibus
1294 4205 1544 4254 excerpta
1578 4200 1833 4254 quaedam
1855 4199 2131 4242 afferemus
2152 4199 2301 4247 infra.
2326 4211 2373 4242 n.
2394 4199 2491 4252 385,
2514 4205 2733 4254 apparet
2750 4201 2857 4255 jam
2879 4201 2975 4244 hoc
3006 4212 3140 4245 anno

661 4273 768 4316 fere
788 4273 956 4316 medio
979 4271 1191 4316 Patrem
1214 4272 1544 4325 Alphonsum
1567 4269 1922 4314 Salmerouem
1946 4269 2161 4314 Patrum
2180 4271 2477 4314 testimonia
2500 4272 2839 4325 congessisse,
2859 4284 2989 4326 quae
3006 4273 3139 4318 hanc

665 4343 1024 4389 Eucharistiae
1043 4342 1510 4398 frequentationem
1526 4343 1576 4386 in
1597 4348 1706 4386 tuto
1723 4349 1935 4396 ponunt:
1953 4349 2005 4385 et
2022 4343 2119 4385 hoc
2138 4343 2247 4397 ejus
2263 4354 2389 4396 opus
2404 4343 2792 4388 fundamentum
2804 4345 3139 4400 praecipuum

661 4417 758 4460 suit
777 4418 946 4472 operis
969 4416 1140 4460 Patris
1163 4415 1520 4470 christophori
1544 4415 1605 4458 de
1629 4413 1989 4458 Madrid.-Ab
2024 4413 2136 4468 ipso
2170 4414 2330 4458 etiam
2362 4414 2520 4459 Patre
2555 4415 2825 4460 Bobadilla
2842 4417 2938 4460 hoc
2958 4418 3137 4461 eodem

659 4497 891 4542 tempore
916 4488 995 4531 De
1017 4487 1288 4531 laudabili
1308 4490 1359 4531 et
1371 4487 1665 4543 fructuosa
1687 4485 2076 4530 Eucharistiae
2100 4485 2552 4542 frequenlataeone
2572 4487 2789 4532 libellus
2814 4489 3038 4542 scriptus
3058 4497 3139 4532 est

663 4567 715 4602 et
737 4559 1038 4612 Bononiam,
1061 4564 1116 4602 ut
1139 4559 1222 4603 ilie
1247 4558 1564 4602 Salmeronis
1582 4591 1593 4612 ,
1617 4557 1685 4601 ad
1707 4556 1920 4600 Patrem
1956 4556 2293 4600 Franciscum
2315 4556 2567 4602 Palmium
2588 4559 2787 4602 missus.
2820 4557 2953 4602 Vide
2986 4559 3141 4605 inira.

659 4642 710 4674 n.
729 4630 826 4684 385,
851 4635 902 4674 et
925 4630 1116 4679 Bomio.
1156 4629 1276 4673 Vita
1297 4631 1386 4673 del
1403 4639 1564 4673 servo
1583 4630 1644 4673 di
1665 4627 1786 4679 Dio,
1807 4627 1989 4672 Padre
2012 4627 2196 4672 Nicolo
2216 4627 2558 4682 Bobadiglia,
2577 4641 2698 4684 pag.
2724 4631 2813 4677 198.
2836 4637 2889 4674 et
2910 4629 3141 4674 Soumat-

665 4713 830 4745 νοσεῖ.
848 4701 1219 4755 Βίὁιίοηεέᾳκε
1239 4702 1334 4744 des
1351 4703 1628 4745 derivatus
1646 4701 1714 4744 de
1733 4700 1789 4744 Ia
1818 4699 2143 4756 compugnat
2162 4701 2230 4744 de
2248 4699 2435 4755 Je‘suS,
2453 4707 2491 4746 t.
2512 4711 2546 4753 1,
2568 4703 2661 4744 col.
2688 4702 2807 4754 1554,
2826 4701 2867 4744 4.
