3742 5392
693 475 808 533 490
1612 475 1873 536 Canon.
1912 475 2066 535 Soc.
2106 473 2248 547 st.

826 621 1000 686 1034.
1087 621 1287 686 Patri
1315 621 1561 685 Araoz
1589 622 2121 686 commendavit
2148 631 2226 685 ut
2247 620 2343 684 ad
2364 620 2825 700 particularia
2848 616 3163 682 Societa-

607 781 641 800 κ
699 729 795 791 tis
840 730 1134 808 negotia
1183 729 1562 793 tractanda
1614 729 1848 808 magis
1898 729 2215 792 animum
2254 727 2648 807 applicaret
2684 734 2755 790 et
2793 726 3027 789 minus
3066 723 3163 787 ad

697 836 1121 914 saecularia;
1154 838 1485 917 quamvis
1513 837 1662 914 ille,
1693 846 1773 900 ut
1811 837 2141 917 superius
2177 834 2487 900 diximus
2520 832 2572 914 ¹,
2604 851 2771 898 cum
2808 835 3160 914 spirituali

697 943 1090 1007 intentione
1117 953 1190 1008 et
1217 944 1452 1008 fructu
1481 945 1883 1008 saecularia
1911 961 1992 1009 se
2020 953 2337 1008 tractare
2366 942 2770 1006 affirmaret.

825 1049 1002 1114 1035.
1088 1050 1165 1114 Ρ.
1196 1050 1662 1115 Franciscum
1691 1051 2031 1131 Borgiam
2057 1051 2243 1114 bono
2272 1051 2511 1115 animo
2539 1049 2998 1114 commissum
3025 1050 3161 1115 sibi

695 1173 956 1220 munus
983 1169 1434 1222 exercentem
1463 1159 1765 1239 reliquit,
1799 1168 1870 1223 et
1897 1159 2087 1222 serio
2112 1157 2610 1239 gubernationi
2632 1167 2705 1221 et
2726 1157 3161 1221 constitutio-

699 1263 908 1328 nibus
935 1275 1338 1344 vacantem,
1371 1264 1553 1330 adeo
1581 1276 1660 1329 ut
1687 1265 1838 1346 ipse
1865 1265 1943 1330 P.
1970 1265 2247 1330 Natalis
2266 1265 2649 1328 miraretur
2669 1273 2739 1327 et
2760 1263 2967 1328 simul
2988 1281 3159 1344 gau-

700 1370 901 1435 deret
930 1387 1388 1452 magnopere;
1423 1371 1548 1436 sed
1577 1372 1868 1436 fervens
1890 1373 2273 1436 admodum
2294 1373 2367 1435 in
2390 1371 2847 1435 admittendis
2870 1371 3161 1435 homini-

697 1478 832 1542 bus
859 1488 928 1542 et
956 1479 1280 1559 collegiis
1307 1481 1522 1543 etiam
1553 1490 1732 1544 erat.
1773 1479 2105 1544 Affirmat
2132 1489 2371 1544 autem
2412 1479 2601 1560 quod
2631 1495 2896 1558 magna
2925 1479 3015 1543 de
3041 1480 3163 1542 illo

697 1586 1132 1651 existimatio
1172 1597 1326 1652 erat
1355 1587 1634 1667 ubique,
1667 1597 1737 1652 et
1765 1588 1955 1667 quod
1984 1604 2115 1650 suo
2151 1588 2478 1668 exemplo
2507 1586 2889 1668 plurimum
2916 1604 3165 1650 omnes

695 1693 1154 1772 aedificabat,
1186 1704 1258 1758 et
1293 1695 1580 1758 demum
1616 1712 1780 1758 cum
1817 1694 2057 1759 fructu
2096 1711 2361 1775 magno
2400 1695 2473 1758 in
2512 1695 2733 1757 variis
2772 1693 3163 1774 Hispaniae

697 1801 874 1865 locis
895 1802 1340 1882 versabatur3
1355 1811 1426 1866 et
1448 1810 1826 1883 postquam
1850 1801 2089 1882 aliqua
2110 1819 2274 1866 cum
2293 1800 2620 1881 Principe
2639 1800 2915 1883 Joanna
2936 1809 3161 1864 trans·

697 1909 997 1989 egisset,
1039 1909 1550 1974 salmanticam
1589 1910 1691 1973 ire
1734 1908 2135 1973 destinabat
2160 1959 2175 1989 ,
2216 1919 2287 1973 et
2324 1909 2489 1972 inde
2525 1909 2835 1972 transire
2872 1906 3161 1972 Placen·

693 2015 894 2095 tiam,
919 2017 1040 2080 ubi
1063 2017 1150 2080 de
1172 2016 1489 2097 Collegio
1519 2018 1951 2081 instituendo
1982 2033 2147 2081 cum
2172 2016 2531 2097 Episcopo
2562 2017 2933 2096 agebatur,
2967 2025 3039 2078 et
3057 2014 3155 2078 ibi

695 2123 1011 2187 vicinum
1062 2123 1424 2205 quoddam
1471 2125 2005 2188 heremitorium
2043 2134 2167 2188 aut
2204 2122 2369 2205 [ad]
2412 2141 2490 2186 se
2534 2121 3011 2203 colligendum
3038 2121 3161 2184 do-

693 2247 892 2294 mum
920 2231 1183 2310 eligere
1206 2241 1579 2306 statuerat,
1611 2243 1690 2295 ut
1712 2231 1786 2295 in
1807 2232 2041 2296 medio
2064 2240 2368 2311 quatuor
2389 2230 2923 2311 provinciarum
2944 2239 3157 2306 esset,

695 2344 770 2400 et
806 2352 1346 2417 quoquoversus
1384 2336 1548 2400 inde
1589 2338 1834 2418 egredi
1863 2347 2139 2418 posset,
2180 2338 2485 2416 scilicet,
2521 2337 2593 2401 in
2624 2335 3159 2416 Portugalliam‚

694 2441 1116 2524 Castellam‚
1155 2444 1518 2509 Baeticam
1557 2454 1627 2509 et
1666 2446 2235 2525 Aragonensem.
2275 2443 2667 2508 Admonuit
2712 2453 2956 2507 tamen
2998 2461 3163 2506 eum

697 2548 774 2614 P.
812 2548 1090 2614 Natalis
1115 2569 1206 2614 ne
1235 2568 1492 2615 nomen
1519 2552 1957 2616 heremitorii
1984 2552 2085 2615 illi
2112 2551 2355 2616 domui
2376 2551 2792 2631 imponeret,
2818 2549 2945 2614 sed
2970 2549 3163 2612 aliud

693 2655 901 2736 J'uxta
929 2657 1308 2722 formulam
1335 2660 1921 2723 constitutionum
1950 2670 2359 2723 nostrarum
2380 2656 2425 2717 ⁸.

823 2762 1001 2828 1036.
1087 2764 1390 2846 Quidam
1433 2765 1560 2829 Dr.
1617 2763 1951 2829 Sanctius
1999 2765 2088 2828 de
2136 2765 2476 2845 Mugnon,
2521 2764 2640 2844 qui
2684 2763 3165 2828 Salmanticae

705 2871 1184 2950 praebendam
1213 2872 1520 2936 habebat
1549 2871 1574 2904 ⁸
1592 2922 1606 2951 ,
1641 2889 1804 2936 cum
1831 2872 2135 2936 Romam
2164 2872 2371 2936 annis
2392 2871 2799 2952 praeteritis
2820 2871 3159 2946 venisset,

699 2987 769 3040 et
798 2977 989 3042 domi
1021 2989 1312 3042 nostrae
1341 2980 1825 3060 spiritualibus
1853 2980 2215 3044 exercitiis
2244 2979 2633 3043 instructus
2670 2977 2953 3054 suisset,
2994 2987 3163 3040 tunc

697 3085 978 3165 quidem
1009 3085 1438 3150 Societatem
1467 3088 1746 3167 ingredi
1775 3105 1917 3152 non
1960 3087 2355 3166 constituit,
2386 3086 2511 3150 sed
2542 3086 2677 3150 hoc
2718 3102 2907 3149 anno
2946 3085 3163 3149 omni·

695 3210 789 3255 no
813 3210 894 3256 se
921 3195 1171 3258 vocari
1199 3212 1244 3258 a
1274 3194 1457 3259 Dno,
1493 3196 1776 3260 dicebat
1805 3213 1883 3260 se
1912 3197 2209 3274 sentire,
2241 3204 2312 3258 et
2341 3195 2645 3275 amplius
2683 3211 2763 3257 se
2806 3194 2991 3256 nolle
3012 3190 3163 3272 Spi-

695 3300 864 3364 ritui
893 3298 1161 3366 Sancto
1190 3303 1554 3384 resistere;
1586 3312 1656 3368 et
1685 3305 1785 3368 ita
1815 3304 2103 3385 scripsit
2131 3302 2206 3367 P.
2242 3303 2521 3382 Ignatio
2546 3319 2621 3365 se
2645 3309 2977 3383 paratum
3004 3317 3161 3364 esse

695 3414 765 3469 et
788 3405 939 3488 Jam
969 3410 1378 3490 expeditum
1417 3411 1510 3474 ad
1552 3411 1993 3491 ingressum,
2038 3421 2108 3474 et
2148 3410 2408 3490 agebat
2457 3426 2621 3472 cum
2668 3407 2745 3472 P.
2798 3407 3037 3472 Natali
3084 3417 3163 3471 ut

697 3511 998 3579 Romam
1053 3515 1288 3596 ipsum
1340 3517 1726 3581 deduceret
1745 3566 1760 3597 ,
1819 3518 1882 3580 si
1938 3517 2335 3595 videretur;
2394 3533 2529 3579 nec
2582 3514 3033 3595 improbabat
3090 3513 3162 3576 id

693 3620 772 3684 Ρ.
813 3621 1123 3702 Natalis,
1165 3641 1297 3687 nec
1339 3624 1554 3688 etiam
1593 3625 1669 3688 P.
1713 3625 2181 3703 Franciscus,
2236 3641 2447 3704 quem
2484 3623 2978 3699 consuluerat;
3020 3638 3161 3684 non

693 3737 934 3792 tamen
961 3731 1196 3794 venit:
1221 3739 1290 3794 et
1321 3731 1484 3812 quia
1515 3732 1893 3795 videbatur
1920 3747 2174 3811 parum
2203 3729 2501 3809 stabilis,
2543 3728 2631 3792 de
2670 3745 2755 3791 eo
2794 3727 3160 3791 admitten-

693 3836 787 3899 do
817 3853 960 3899 non
989 3846 1098 3900 est
1126 3839 1428 3918 amplius
1457 3849 1697 3902 actum
1725 3837 1770 3898 ⁴.

777 4005 795 4039 ί
853 4003 988 4049 Vide
1008 4017 1184 4061 supra.
1205 4018 1325 4062 pag.
1345 4009 1444 4059 434.
1467 4019 1516 4053 n.
1536 4008 1635 4052 984.

774 4078 798 4111 ¹
852 4076 1070 4133 Saepius
1092 4080 1246 4123 ctiam
1267 4081 1335 4123 ab
1355 4079 1561 4134 ignatio
1583 4081 1808 4124 monitus
1828 4086 1910 4124 est
1932 4080 1985 4124 P.
2010 4079 2325 4124 Franciscus
2344 4089 2408 4122 ne
2426 4089 2613 4124 nomen
2634 4079 2732 4123 hoc
2762 4077 3048 4122 eremitorii
3068 4077 3159 4121 ulli

693 4150 866 4194 domni
887 4149 1170 4194 Societatis
1189 4151 1518 4205 impinueret.
1539 4152 1784 4206 quoniam
1803 4162 1905 4196 non
1925 4157 1983 4197 ut
2004 4151 2429 4206 contemplationi
2450 4151 2501 4196 in
2521 4161 2695 4194 eremo
2717 4158 2890 4200 vacet.
2912 4150 3003 4194 sed
3021 4155 3081 4192 ut
3106 4149 3159 4192 in

693 4221 850 4266 vinea
871 4221 1077 4266 Domini
1111 4233 1460 4276 prox-morum
1481 4223 1640 4267 saluti
1662 4223 1924 4267 curandae
1958 4224 2109 4267 enixe
2128 4223 2393 4288 incumbat
2413 4221 2693 4267 societatis
2723 4221 3019 4266 institutum
3052 4227 3155 4265 eat.

695 4291 828 4338 Vide
843 4325 854 4344 .
875 4299 933 4337 ut
955 4304 1110 4338 unum
1141 4302 1342 4338 tantum
1376 4295 1657 4338 afferamus
1685 4296 1997 4348 exemplum.
2018 4293 2247 4349 Cauno,
2270 4294 2518 4338 Historia
2538 4295 2627 4338 det
2648 4293 2853 4347 Coeegto
2872 4293 2939 4337 de
2954 4292 3163 4341 Alcald,

693 4364 779 4409 lib.
800 4377 854 4420 v,
874 4376 989 4418 cap.
1017 4367 1086 4410 12.
1146 4365 1223 4409 De
1243 4366 1325 4409 his
1345 4367 1496 4420 plura
1516 4367 1566 4409 in
1589 4365 1739 4410 Nova
1761 4366 1885 4411 Seri
1904 4381 1913 4392 ¹
1932 4367 2247 4410 litterarum
2272 4366 2460 4409 Sancti·
2485 4365 2701 4415 Ignatii.

774 4438 799 4470 ⁸
851 4437 986 4482 Vide
1009 4437 1202 4482 cartas
1219 4437 1287 4482 de
1307 4437 1418 4480 San
1441 4437 1678 4490 Ignacto.
1697 4444 1732 4481 t.
1757 4449 1830 4490 tv,
1851 4449 1979 4493 pag.
2005 4438 2097 4490 158,
2117 4439 2204 4483 ubi
2225 4438 2377 4493 hujus
2406 4437 2832 4482 salmanticensis
2850 4436 3158 4487 beneficiati

692 4520 973 4564 cognomen
995 4511 1244 4564 >criptum
1267 4517 1347 4554 est
1370 4509 1574 4554 Μὲῆοκ.
1595 4509 1692 4554 Est
1715 4517 1891 4555 tamen
1911 4512 1963 4555 in
1981 4511 2219 4566 pluribus
2240 4511 2463 4563 Regesea·
2480 4511 2626 4564 locis.
2648 4516 2805 4565 prout
2825 4510 2909 4554 hic
2930 4511 2984 4553 in
3002 4509 3157 4553 Chro-

695 4583 830 4634 nico,
863 4581 1080 4626 Metaon.

771 4656 797 4689 ⁴
849 4655 941 4699 “El
963 4653 1190 4699 Maestro
1210 4653 1398 4699 Mallon
1413 4687 1425 4704 .
1445 4655 1716 4699 racionero
1737 4655 1800 4698 de
1821 4653 2153 4710 Salaniana,
2170 4665 2358 4710 pai-ece
2379 4654 2591 4709 quei-ria
2612 4653 2761 4697 venir
2779 4656 2811 4696 a
2828 4651 2989 4696 Roma
3002 4665 3039 4709 y
3059 4661 3158 4696 con

691 4727 886 4772 clerte:
906 4727 1232 4771 condiciones
1251 4737 1350 4782 que
1383 4737 1486 4770 non
1514 4737 1608 4770 son
1629 4726 1814 4771 faciles
1833 4726 1899 4771 de
1921 4726 2103 4770 haber.
2126 4727 2172 4770 A
2192 4725 2418 4771 Nuestro
2450 4725 2618 4770 Padre
2650 4725 2701 4768 ni
2722 4735 2817 4767 con
2839 4725 2973 4768 ellae
3000 4723 3052 4767 ni
3076 4722 3161 4768 sin
