3742 5392
715 462 826 521 315
1137 488 1148 497 ·
1635 462 1889 521 Cunna.
1934 461 2085 518 Soc.
2127 459 2267 533 JES.

717 607 871 671 fieri
899 624 1063 671 cum
1091 608 1301 671 domo
1331 607 1681 687 cupiebat,
1716 619 1785 669 et
1816 605 2125 685 majores
2164 604 2336 667 dare
2381 603 2650 667 reditus
2689 612 3181 683 proposuerat.

718 714 1037 793 Urgebat
1066 725 1302 777 autem
1329 713 1518 777 idem
1545 712 1943 793 Episcopus
1968 728 2173 774 suum
2197 710 2589 789 Collegium
2612 710 3060 785 Billionense,
3088 710 3179 773 ad

719 821 909 902 quod
937 830 1082 885 tres
1111 822 1226 883 vel
1254 829 1560 901 quatuor
1591 820 1818 883 Roma
1847 820 2031 883 mitti
2060 819 2489 899 postulabat.

840 926 982 991 680.
1069 928 1560 991 Communitas
1589 928 1806 990 etiam
1837 926 2101 988 Montis
2128 925 2412 1004 Arginii
2446 924 2483 1003 ¹,
2518 942 2700 1005 quae
2730 924 2985 1005 viginti
3013 942 3183 1005 qua·

720 1046 880 1099 tuor
910 1034 1189 1113 exiguis
1220 1034 1436 1097 leucis
1467 1033 1748 1097 Lutetia
1777 1032 2015 1109 distat,
2051 1033 2327 1113 aliquos
2356 1050 2446 1095 ex
2478 1032 2741 1094 nostris
2771 1032 2861 1094 ad
2890 1048 2967 1095 se
3000 1031 3183 1094 mitti

725 1138 1203 1223 [postulabat],
1223 1140 1407 1204 inter
1431 1157 1610 1220 quos
1633 1140 1887 1221 aliquis
1910 1140 2197 1203 scholae
2222 1137 2621 1219 praefectus
2645 1147 2832 1202 esset
2855 1155 3017 1201 cum
3040 1139 3181 1201 alio

721 1251 943 1328 socio;
975 1259 1042 1311 et
1072 1248 1473 1328 praefectus
1502 1246 1654 1327 ejus
1683 1246 1958 1327 oppidi,
1992 1248 2104 1309 vir
2133 1262 2439 1325 magnae
2468 1246 2654 1325 apud
2686 1262 2851 1307 suos
2884 1246 3183 1308 auctori-

721 1358 921 1434 tatiS,
965 1356 1262 1419 summis
1300 1355 1628 1435 precibus
1667 1354 1736 1417 id
1779 1355 2096 1417 obtinere
2134 1353 2640 1431 contendebat3
2692 1353 2977 1417 domum
3023 1369 3184 1415 cum

723 1466 930 1527 horto
963 1473 1034 1525 et
1062 1462 1329 1526 reditus
1358 1471 1640 1525 centum
1665 1460 2073 1524 francorum
2106 1460 2521 1539 offerebant,
2549 1477 2711 1523 cum
2736 1460 2930 1523 omni
2958 1463 3185 1539 supel-

721 1572 972 1633 lectile.
1006 1569 1144 1633 Sed
1175 1570 1606 1649 paucitatem
1634 1579 2041 1631 nostrorum
2064 1568 2451 1631 obtendens
2474 1568 2545 1630 in
2569 1567 2825 1641 Gallia,
2854 1583 2998 1629 non
3022 1584 3187 1629 con·

722 1678 936 1741 cessit
975 1675 1052 1739 P.
1101 1674 1533 1740 Paschasius
1575 1676 1762 1756 quod
1794 1674 2195 1756 praefectus
2242 1674 2674 1755 postulabat;
2716 1682 2922 1737 erant
2968 1674 3186 1736 etiam

721 1786 991 1848 reditus
1014 1783 1253 1863 exigui
1283 1793 1351 1846 et
1381 1800 1522 1846 non
1553 1783 1935 1846 admodum
1965 1782 2168 1846 firmi.
2202 1781 2289 1844 Et
2319 1792 2559 1845 tamen
2591 1780 2663 1844 P.
2692 1780 3011 1859 Ignatius
3042 1798 3185 1843 ma-

721 1891 1160 1972 gnitudinem
1191 1887 1342 1969 ejus
1373 1890 1612 1970 oppidi
1643 1890 1827 1953 scire
1849 1890 2075 1952 voluit
2106 1890 2245 1951 hac
2274 1888 2361 1951 de
2390 1906 2468 1951 re
2500 1890 2887 1965 consultuS,
2923 1904 3083 1951 cum
3115 1888 3187 1949 in

725 1998 959 2063 Gallia
988 2015 1077 2059 ne
1108 1998 1368 2075 exigua
1400 1996 1680 2077 quidem
1709 1997 1908 2059 initia
1939 1995 2399 2075 collegiorum
2424 2012 2507 2057 eo
2534 2004 2850 2074 tempore
2874 2004 3184 2057 contem·

725 2104 956 2168 nenda
989 2104 1396 2167 viderentur
1428 2103 1472 2165 ¹.
1507 2102 1875 2166 Parochus
1905 2102 2144 2181 etiam,
2178 2102 2295 2182 qui
2327 2103 2462 2165 hoc
2498 2102 2728 2181 ipsum
2758 2101 3075 2179 curabat,
3110 2117 3188 2163 se

723 2229 993 2292 suaque
1022 2212 1284 2275 nostris
1312 2211 1483 2274 dare
1513 2227 1589 2273 se
1621 2211 2025 2274 decrevisse
2054 2210 2473 2273 affirmabat.
2508 2210 2730 2272 Erant
2751 2209 2823 2270 in
2856 2207 3089 2272 Gallia
3114 2208 3185 2270 id

725 2319 1067 2399 temporis
1097 2327 1372 2380 tantum
1399 2334 1528 2381 sex
1559 2336 1648 2379 ex
1677 2318 1941 2380 nostris
1978 2314 2023 2396 ³,
2072 2318 2399 2396 quamvis
2430 2324 2595 2378 ante
2625 2316 2793 2379 anni
2827 2314 3037 2377 finem
3066 2314 3186 2377 du·

727 2426 1031 2505 plicatus
1062 2423 1269 2487 fuerit
1309 2440 1666 2501 numerus;
1702 2424 1887 2487 unde
1917 2442 2059 2486 non
2090 2424 2347 2486 mirum
2376 2432 2506 2501 est,
2554 2423 2965 2485 imminente
2993 2419 3185 2484 insti-

725 2532 994 2596 tutione
1025 2530 1321 2610 Collegii
1351 2530 1818 2605 BillionensiS,
1855 2527 2089 2612 [quod]
2118 2530 2305 2610 apud
2327 2530 2524 2592 cives
2548 2528 2808 2592 Montis
2831 2528 3089 2607 Argiui
3111 2546 3193 2590 se

724 2638 1250 2717 excusaverint,
1284 2654 1429 2700 non
1457 2646 1694 2700 tamen
1724 2654 2005 2701 omnem
2034 2654 2232 2717 spem
2262 2635 2481 2700 futuri
2513 2652 2888 2699 successus
2916 2635 3020 2698 eis
3048 2635 3190 2697 adi-

725 2756 1021 2809 mentes.

845 2852 988 2915 681.
1074 2850 1234 2914 Non
1266 2860 1371 2914 est
1404 2860 1642 2913 autem
1684 2851 2083 2914 mirandum
2126 2852 2185 2914 si
2224 2852 2435 2930 pauci
2479 2852 2550 2913 in
2590 2850 3031 2930 amplissima
3070 2850 3189 2911 illa

727 2959 1212 3023 Universitate
1243 2957 1334 3021 ad
1363 2966 1648 3021 nostros
1677 2945 2121 3035 accederent,
2155 2958 2374 3021 immo
2404 2967 2475 3019 et
2512 2958 2853 3038 plerique,
2898 2956 3188 3034 diligen—

727 3077 834 3129 tes
875 3067 1010 3129 hoc
1054 3066 1440 3144 saeculum,
1489 3083 1532 3128 a
1561 3063 1824 3127 nostris
1868 3065 2283 3128 recederent
2321 3061 2369 3143 ⁴;
2413 3081 2575 3128 cum
2616 3064 2855 3127 omnia
2896 3061 3191 3126 Parisiis

727 3172 1406 3235 contradictionibus
1457 3172 1664 3251 plena
1708 3181 1967 3235 essent.
1999 3170 2478 3235 Nihilominus
2525 3170 2601 3234 P.
2652 3169 3080 3233 Paschasius
3119 3170 3191 3232 in

727 3280 965 3341 vicina
995 3278 1337 3359 parochia
1369 3274 1494 3340 Sti.
1528 3275 1854 3355 Cosmae,
1890 3288 1958 3341 et
1989 3279 2060 3340 in
2114 3277 2401 3341 abbatia
2435 3276 2559 3341 Sti.
2597 3276 2960 3355 Germani,
3005 3285 3074 3339 et
3115 3276 3185 3338 in

728 3385 1254 3465 aegrotantium
1285 3384 1578 3448 aedibus
1600 3383 2083 3449 confessiones
2115 3384 2362 3448 audire
2386 3386 2751 3465 pergebat;
2778 3401 2923 3447 non
2946 3393 3183 3447 tamen

727 3492 818 3555 ab
846 3491 1201 3572 Episcopo
1230 3491 1532 3554 facultas
1562 3490 1653 3553 ad
1682 3491 1751 3554 id
1785 3492 2072 3555 obtenta
2103 3490 2355 3567 fuerat,
2388 3491 2515 3554 sed
2544 3492 2633 3553 ab
2675 3492 2831 3570 ipso
2873 3488 3189 3569 parocho

728 3596 860 3662 Sti.
901 3597 1224 3661 Cosmae.
1258 3597 1744 3660 Concionandi
1768 3606 2005 3660 autern
2032 3598 2499 3661 ministerium
2523 3598 2755 3660 minus
2778 3596 3017 3675 utique
3036 3612 3187 3675 per—

812 3980 828 4011 ¹
891 3978 1027 4023 Vide
1049 3977 1293 4023 Litterae
1313 3980 1775 4032 Quadrimeseres‚
1806 3988 1842 4024 t.
1865 3992 1917 4034 n,
1939 3991 2059 4035 pag.
2079 3982 2175 4033 662,
2198 3986 2375 4025 annot.
2396 3981 2439 4024 2.

809 4050 833 4082 ⁸
889 4050 1070 4095 “Circa
1093 4052 1124 4095 l’
1144 4052 1404 4095 oblatione
1420 4052 1472 4095 di
1493 4050 1662 4096 Monte
1683 4052 1814 4106 Argi
1837 4052 1903 4094 V.
1926 4052 1987 4095 R.
2019 4052 2062 4096 ci
2084 4054 2219 4096 avisi
2250 4060 2444 4107 quanto
2462 4056 2490 4096 e
2513 4054 2737 4097 discosto
2760 4053 2807 4096 di
2834 4052 3027 4108 Pax-igi,
3049 4063 3191 4097 come

729 4127 772 4175 e,
797 4133 930 4177 gran
953 4129 1098 4165 terra
1124 4134 1153 4166 o
1177 4124 1393 4176 piccola,
1422 4134 1566 4167 come
1587 4124 1746 4167 etiam
1765 4126 1794 4167 e
1815 4134 1945 4167 sana
1965 4130 2016 4166 et
2038 4130 2153 4167 atta
2184 4135 2216 4167 a
2244 4124 2501 4178 piguarne
2529 4136 2593 4167 un
2622 4134 2751 4178 poco
2783 4125 2831 4167 di
2864 4124 3194 4168 recreatione

729 4194 884 4247 quelli
907 4192 958 4235 di
981 4193 1174 4247 Pax-igi.
1196 4202 1248 4237 et
1270 4195 1457 4238 alhora
1477 4196 1522 4237 si
1543 4196 1778 4239 scrivera
1807 4194 1858 4237 di
1898 4205 1999 4248 qua
2031 4196 2120 4248 piu
2153 4195 2376 4239 risoluta
2405 4196 2648 4249 risposta.
2669 4194 2723 4239 Si
2748 4196 2997 4249 potrebbe
3031 4196 3189 4239 etiam

728 4265 959 4309 scrivere
981 4265 1160 4318 quanti
1181 4266 1225 4309 si
1247 4268 1635 4310 tratterrebono
1671 4268 1724 4311 in
1744 4267 1891 4310 detto
1930 4266 2229 4320 collegietto
2260 4274 2312 4310 et
2335 4268 2430 4310 che
2464 4278 2581 4310 cose
2604 4268 2980 4310 basterebbono
2997 4278 3092 4321 per
3110 4278 3195 4310 ea-

729 4336 880 4380 tisfar
902 4336 988 4379 an·
1009 4336 1214 4390 obbligo
1236 4336 1288 4380 di
1309 4339 1383 4382 tal
1403 4339 1640 4391 motha„
1659 4338 1933 4391 Polaticus,
1950 4347 2018 4380 ex
2032 4348 2185 4389 com„
2206 4338 2351 4382 Patri
2371 4338 2655 4382 Paschasio
2674 4338 2849 4389 Broet,
2869 4338 2913 4380 11
2932 4336 3054 4389 Julii
3072 4338 3191 4382 1554.

807 4406 830 4439 ³
884 4404 1095 4451 Scilicet
1118 4407 1432 4452 Paschasius
1453 4408 1610 4453 Broet
1631 4418 1680 4453 et
1703 4408 2051 4464 Hieronymus
2071 4407 2147 4452 Le
2170 4409 2289 4464 Bae,
2311 4410 2629 4461 sacerdotes,
2653 4414 2707 4453 et
2727 4407 2985 4452 Robertus
3008 4408 3190 4465 Clays—

725 4477 902 4521 sonius
921 4483 972 4520 et
994 4477 1218 4529 jacobus
1237 4478 1496 4533 Mon-ellus,
1528 4480 1848 4523 scholastici.
1886 4479 2124 4523 Aliorum
2156 4480 2373 4524 duorum
2404 4482 2611 4524 nomina
2643 4480 2867 4524 nondum
2892 4480 3195 4533 reperimus.

729 4548 883 4593 Forte
905 4548 970 4592 iis
993 4549 1104 4603 jam
1133 4551 1550 4594 annumerandus
1579 4558 1660 4594 est
1687 4550 1946 4594 Antonius
1966 4548 2180 4603 Lassar,
2214 4551 2359 4606 cujus
2379 4553 2533 4606 paulo
2568 4550 2721 4605 infra,
2754 4562 2804 4594 n.
2838 4550 2935 4605 687,
2959 4551 3067 4606 ipse
3104 4551 3199 4595 Po·

738 4624 917 4663 laneus
938 4620 1184 4664 meminit.

805 4688 832 4721 ὅ
887 4689 1020 4734 Vide
1043 4690 1287 4735 Litterae
1307 4692 1770 4746 QuadrimestreS,
1791 4700 1827 4737 t.
1851 4704 1905 4747 u,
1928 4705 2046 4748 pag.
2070 4693 2167 4737 662².
