3742 5392
689 437 798 496 530
1603 441 1859 502 Canon.
1904 442 2055 501 Soc.
2096 442 2236 515 Jas.

691 601 868 662 pora
901 585 1058 648 aliis
1091 585 1465 650 dominicis
1495 597 1566 650 et
1595 587 1874 652 festivis
1903 588 2153 652 diebus
2190 589 2475 652 ducenti
2516 597 2587 652 et
2631 588 2931 652 trecenti
2972 605 3167 651 com·

695 691 1154 756 manicabant
1175 741 1190 771 ,
1225 694 1606 773 aliquando
1636 695 1854 758 etiam
1884 695 2407 776 quadringenti.
2443 695 2553 758 Ex
2582 695 2693 758 his
2724 705 2993 775 autem,
3036 695 3165 776 qui

697 808 957 862 octavo
1010 817 1290 880 quoque
1339 801 1452 864 die
1501 801 1574 865 id
1621 801 2015 881 faciebant,
2068 803 2314 884 primis
2366 803 2729 867 mensibus
2766 812 3053 866 centum
3090 811 3161 865 et

696 904 1174 986 quadraginta
1203 907 1350 972 fere
1381 918 1619 987 erant,
1652 910 1771 989 qui
1799 910 2119 990 insignes
2147 910 2222 972 in
2252 910 2371 973 via
2402 907 2693 973 Domini
2730 925 3163 988 progressus

695 1011 1084 1092 faciebant,
1139 1025 1208 1078 et
1259 1024 1406 1078 tota
1456 1014 1901 1079 hebdomada
1958 1017 2137 1080 haec
2195 1016 2571 1096 occupatio
2629 1024 2913 1079 nostros
2971 1016 3164 1079 disti·

697 1120 934 1184 nebat.
2165 1135 2167 1138 ’

821 1227 996 1291 1146.
1084 1229 1307 1292 Erant
1337 1241 1576 1294 autem
1604 1231 1790 1294 inter
1819 1230 2220 1310 hujusmodi
2247 1230 2607 1309 homineS,
2640 1231 2760 1310 qui
2791 1230 2880 1293 ad
2923 1246 3161 1293 sacra-

695 1345 934 1400 menta
964 1336 1430 1415 accedebant,
1465 1338 1663 1400 multi
1693 1356 1835 1401 non
1865 1337 2189 1417 vulgaris
2220 1348 2432 1401 notae
2456 1386 2471 1415 ,
2506 1347 2575 1400 et
2618 1337 2710 1401 ad
2740 1347 3013 1399 tantam
3040 1354 3163 1416 pu·

694 1443 980 1506 ritatem
1007 1443 1388 1507 veniebant
1409 1493 1424 1523 ,
1459 1443 1613 1508 Deo
1637 1443 1966 1525 juvante,
2008 1456 2085 1508 ut
2116 1462 2328 1525 saepe
2370 1461 2513 1508 non
2551 1444 2989 1507 inveniretur
3020 1461 3163 1507 ma·

696 1550 878 1614 teria
909 1549 1413 1629 absolutioniS,
1448 1560 1518 1614 et
1562 1552 1800 1632 aliqua
1839 1570 1929 1614 ex
1960 1560 2293 1615 anteacta
2332 1552 2482 1615 vita
2526 1561 2729 1614 erant
2760 1550 3059 1614 dicenda
3088 1558 3169 1612 ut

698 1657 1048 1720 absolutio
1079 1657 1392 1738 impendi
1418 1669 1700 1738 posset,
1745 1667 1815 1722 et
1849 1659 2095 1723 servor
2128 1677 2215 1721 ac
2258 1658 2546 1722 devotio
2566 1707 2581 1738 ,
2616 1668 2685 1720 et
2715 1656 3168 1737 compunctio

697 1780 945 1827 eorum
967 1811 983 1843 ,
1026 1765 1339 1828 calcaria
1367 1765 1582 1828 etiam
1619 1765 1975 1845 religiosis
2010 1767 2395 1829 multorum
2436 1781 2788 1828 annorum
2828 1763 3161 1840 addebat,

698 1883 766 1933 et
816 1871 1036 1950 pauci
1074 1871 1175 1934 illi
1211 1870 1631 1935 confessarii
1671 1871 2260 1936 existimabantur
2307 1871 2397 1934 de
2440 1890 2527 1934 ea
2563 1871 2829 1951 insigni
2867 1871 3161 1934 civitate

698 1986 845 2042 tam
873 1978 1339 2057 benemereti,
1381 1987 1460 2042 ut
1507 1996 1690 2060 quae
1721 1979 2317 2043 circumferebant
2366 1979 2691 2042 homines
2721 1977 2987 2042 referre
3019 1995 3165 2041 non

699 2085 978 2150 deceat.

722 2239 744 2250 -
824 2191 977 2255 1147
987 2241 1002 2266 ,
1087 2191 1166 2256 In
1195 2191 1434 2257 Natali
1461 2191 1753 2256 Domini
1782 2193 2065 2257 circiter
2093 2202 2394 2273 quatuor
2426 2193 2646 2257 millia
2686 2191 3167 2256 communica-

700 2308 894 2379 runt,
928 2307 999 2362 et
1026 2300 1157 2363 sub
1187 2299 1356 2364 anni
1387 2299 1618 2378 finem,
1653 2299 1774 2381 qui
1815 2300 2116 2380 singulis
2142 2299 2607 2363 hebdomadis
2638 2299 3153 2362 confitebantur

695 2406 844 2486 jam
873 2406 964 2469 ad
993 2404 1338 2470 ducentos
1366 2416 1434 2470 et
1463 2407 1720 2487 viginti
1751 2407 2265 2485 ascendebant;
2300 2407 2463 2469 etin
2486 2422 2750 2484 magna
2774 2421 3051 2468 morum
3077 2422 3163 2467 ac

705 2513 897 2578 vitae
947 2515 1019 2576 in
1068 2514 1320 2577 melius
1368 2513 1757 2577 mutatione
1797 2531 1942 2576 non
1980 2514 2275 2577 deerant
2312 2511 2712 2592 hujusmodi
2761 2511 3169 2576 hominibus

705 2619 1256 2685 obtrectationes
1297 2637 1574 2700 eorum,
1601 2621 1728 2701 qui
1775 2621 2042 2684 mundo
2089 2631 2158 2684 et
2208 2620 2495 2684 diabolo
2538 2618 3061 2698 inserviebant,
3103 2628 3175 2682 et

705 2726 907 2805 dum,
958 2727 1172 2790 rebus
1221 2727 1516 2791 caducis
1565 2727 1951 2808 despectis,
2006 2726 2350 2790 videbant
2399 2723 2800 2807 hujusmodi
2850 2724 3177 2788 homines

707 2833 1031 2898 Creatori
1070 2851 1200 2897 suo
1239 2832 1517 2898 deditos
1541 2883 1556 2913 ,
1589 2833 1753 2897 inde
1802 2834 2223 2898 detrahendi
2267 2833 2725 2897 occasionem
2772 2831 3171 2910 sumebant,

707 2941 891 3004 unde
931 2942 1224 3005 laudare
1264 2950 1333 3004 et
1362 2941 1625 3005 imitari
1667 2941 2090 3019 debuerant;
2123 2941 2249 3004 sed
2289 2940 2426 3003 hoc
2456 2941 2687 3019 ipsum
2716 2939 3169 3002 occasionem

705 3047 1044 3112 offerebat
1075 3047 1185 3112 his
1212 3048 1622 3111 hominibus
1653 3065 1810 3110 sese
1851 3047 2320 3111 confirmandi
2348 3047 2419 3110 in
2452 3047 2821 3128 proposito
2862 3046 3173 3109 servien—

707 3155 776 3218 di
813 3154 972 3220 Deo
989 3205 1004 3234 ,
1047 3165 1117 3219 et
1145 3155 1408 3218 nostris
1430 3155 1650 3218 animi
1672 3154 2117 3219 addebantur
2149 3153 2240 3216 ad
2267 3151 2580 3234 majores
2622 3162 2912 3234 propter
2940 3151 3177 3216 Deum

705 3263 988 3327 labores
1017 3261 1455 3326 subeundos:
1510 3261 1981 3326 audiebantur
2034 3261 2390 3325 interdum
2430 3261 2987 3341 aegrotantium,
3031 3277 3171 3323 mo·

705 3369 1034 3432 rientium
1067 3387 1153 3432 ac
1183 3371 1592 3432 vinctorum
1624 3368 2136 3433 confessiones.

831 3475 1006 3540 1148.
1095 3475 1338 3557 Aliqui
1365 3494 1508 3540 non
1537 3476 1921 3540 mediocris
1951 3476 2398 3538 auctoritatis
2424 3475 2796 3555 utriusque
2820 3491 3033 3538 sexus
3054 3475 3174 3537 ho-

707 3585 934 3648 mines
965 3583 1327 3647 exercitiis
1355 3583 1842 3664 spiritualibus
1874 3582 2438 3660 instruebantur,
2470 3599 2562 3644 ex
2606 3599 2905 3662 quorum
2945 3581 3171 3662 profe-

709 3700 829 3755 ctu
858 3691 950 3754 ad
979 3691 1238 3754 multos
1267 3691 1792 3754 redundaturus
1829 3707 1987 3753 esse
2030 3689 2303 3753 fructus
2342 3689 2801 3770 sperabatur:
2849 3689 3178 3768 virgines

705 3797 1204 3862 franciscanae
1261 3798 1804 3861 honestissimae
1863 3812 2300 3877 magnopere
2363 3795 2765 3877 hujusmodi
2828 3796 3172 3859 exercitia

706 3903 1192 3983 efflagitabant
1214 3953 1229 3983 ,
1262 3914 1332 3967 et
1361 3904 1669 3984 Regina,
1701 3921 1886 3983 quae
1917 3921 2163 3967 earum
2193 3904 2403 3967 valde
2434 3902 2753 3966 studiosa
2782 3913 2973 3981 erat,
3016 3903 3088 3965 id
3130 3922 3175 3966 a

706 4011 781 4074 P.
815 4009 1090 4074 Mirone
1119 4011 1548 4092 postulavit3
1591 4011 1684 4074 ad
1723 4010 1913 4091 quod
1950 4027 2209 4074 munus
2254 4011 2369 4074 ille
2418 4011 2660 4074 statim
2709 4028 2788 4073 se
2834 4010 3173 4086 accinxit,

705 4118 892 4197 quod
935 4117 949 4148 ¹
993 4118 1406 4199 longissime
1446 4135 1489 4179 a
1534 4117 1745 4181 domo
1788 4126 2034 4180 nostra
2078 4117 2588 4181 monasterium
2634 4117 2807 4180 illud
2850 4116 3177 4194 distaret;

705 4225 830 4288 sed
861 4224 1220 4305 profectus
1267 4225 1650 4304 virginum,
1697 4241 1879 4304 quae
1920 4241 1996 4286 se
2026 4223 2405 4303 diligenter
2434 4233 2936 4300 exercuerunt,
2980 4223 3168 4288 labo-

706 4350 857 4396 rem
887 4332 1410 4413 compensavit:
1443 4330 1732 4411 quidam
1761 4330 1977 4394 etiam
2000 4331 2331 4394 monachi
2354 4329 2671 4412 ejusdem
2694 4330 2986 4410 ordiniS,
3015 4340 3173 4394 tum

707 4450 994 4520 propter
1024 4441 1288 4503 bonum
1318 4439 1610 4502 odorem
1640 4437 1962 4518 spiritus,
1990 4455 2197 4518 quern
2220 4438 2295 4500 in
2319 4438 2741 4502 monialibus
2764 4449 3165 4515 senserunt,

793 4685 806 4716 ¹
869 4683 952 4728 Sic
967 4697 978 4737 ;
1009 4683 1260 4736 quamvis
1271 4683 1301 4725 Ρ
