3742 5392
1640 484 1768 542 AN.
1814 484 1950 544 1551
2933 484 3048 543 205

1116 1102 1245 1168 DE
1287 1102 1755 1169 COLLEGIO
1798 1101 2487 1168 PANORMITANO

690 1592 831 1657 452.
918 1592 1406 1659 Panormitani
1437 1594 1737 1675 Collegii
1766 1594 2028 1660 Rector
2050 1596 2128 1659 Ρ.
2153 1596 2415 1660 Paulus
2440 1597 2528 1660 de
2551 1595 2867 1660 Achilles
2897 1597 3034 1661 hoc

558 1709 639 1762 et
668 1702 1123 1781 sequentibus
1162 1692 1368 1765 annis
1402 1700 1556 1765 fuit.
1606 1702 1811 1766 Initio
1842 1714 2080 1766 autern
2123 1701 2330 1781 hujus
2371 1704 2538 1766 anni
2569 1703 2644 1767 P.
2689 1703 3035 1785 Montoya

570 1824 733 1871 cum
763 1808 922 1872 aliis
951 1826 1077 1872 sex
1108 1807 1471 1888 fratribuS,
1499 1809 1680 1873 inter
1713 1826 1895 1890 quos
1924 1808 2116 1889 Mag.
2152 1809 2314 1873 Pisa
2343 1822 2413 1873 et
2441 1809 2632 1889 Mag.
2667 1810 3042 1875 Hurtadus

570 1913 872 1991 suerunt,
907 1932 1095 1979 anno
1122 1915 1203 1979 53
1232 1933 1323 1979 ex
1351 1915 1700 1996 Hispania
1738 1915 2045 1980 Romam⁴
2081 1917 2306 1992 missi,
2343 1915 2769 1981 Panormum
2816 1934 3032 1999 appu·

572 2022 805 2084 lerunt
839 2020 889 2099 ¹,
924 2020 1048 2085 sed
1077 2022 1306 2101 primo
1337 2039 1616 2104 quoque
1646 2033 1966 2101 tempore
2009 2022 2379 2103 Neapolim
2409 2034 2476 2086 et
2510 2024 2672 2087 inde
2701 2023 3038 2103 Romam,

574 2137 652 2191 ut
682 2129 1005 2209 superius
1034 2128 1303 2192 dictum
1330 2138 1460 2209 est,
1493 2140 1843 2193 venerunt
1875 2127 1922 2192 ³.

686 2234 825 2297 453.
914 2236 1087 2299 Erat
1118 2246 1353 2299 autem
1382 2236 1590 2318 hujus
1619 2236 1787 2299 anni
1818 2235 2017 2299 initio
2053 2235 2486 2299 scholarium
2518 2254 2854 2301 numerus
2888 2238 3044 2302 fere

570 2341 1035 2405 ducentorum
1058 2352 1127 2405 et
1156 2343 1631 2423 septuaginta.
1656 2342 1827 2406 Post
1856 2342 2398 2406 renovationem
2421 2343 2817 2407 studiorum
2843 2362 3038 2409 anno

574 2448 1051 2529 praecedenti,
1086 2459 1457 2529 praesente
1487 2450 1914 2530 magistratu
1943 2460 2013 2513 et
2055 2449 2270 2513 claris
2311 2449 2487 2513 viris
2524 2467 2654 2530 pro
2693 2468 2892 2515 more
2935 2453 3035 2516 fa-

568 2565 781 2633 ctam,
808 2566 879 2619 et
902 2573 1065 2619 cum
1094 2556 1533 2619 audientium
1552 2575 1697 2620 non
1718 2557 1982 2637 exigua
2013 2556 2518 2632 consolatione,
2549 2575 2662 2621 res
2683 2559 3035 2623 litteraria

570 2663 641 2725 in
673 2662 933 2742 latiniS,
958 2664 1243 2742 graecis
1268 2674 1336 2726 et
1359 2662 1711 2727 hebraicis
1733 2664 2367 2728 exercitationibus
2387 2666 2676 2744 egregie
2700 2666 3034 2744 procede-

566 2770 709 2847 bat,
744 2780 819 2833 ut
850 2779 919 2833 et
948 2786 1225 2833 morum
1257 2786 1343 2833 ac
1382 2770 1665 2849 pietatis
1694 2770 1767 2833 in
1796 2770 2064 2834 eisdem
2093 2770 2429 2834 studiosis
2458 2770 2840 2851 profectuS.

683 2875 824 2937 454.
912 2876 1021 2939 Ex
1036 2876 1499 2939 concionibus
1516 2886 1752 2940 autern
1770 2876 1847 2941 P.
1868 2877 2242 2941 Michaelis
2265 2874 2309 2954 ³,
2337 2878 2409 2939 in
2427 2878 2679 2958 quibus
2697 2876 3040 2959 frequens

640 3153 655 3183 ¹
716 3150 847 3195 Vide
882 3162 1058 3206 supra,
1092 3160 1129 3195 t.
1166 3162 1239 3207 111,
1274 3164 1395 3208 pag.
1422 3152 1774 3197 882.—H0rum
1802 3154 2005 3208 aliquos
2020 3187 2030 3206 ,
2067 3154 2376 3197 panormum
2413 3155 2684 3209 appulsos,
2717 3156 2946 3199 retinere
2981 3157 3036 3200 in

559 3220 737 3267 Sicilia
758 3224 925 3267 voluit
954 3222 1004 3267 Ρ.
1026 3222 1375 3281 Hieronymus
1407 3224 1729 3278 Domenech‚
1760 3224 2129 3277 provinciana
2163 3226 2253 3269 sed
2287 3231 2589 3279 sequentem
2629 3226 3034 3273 admonitionem

556 3292 720 3339 Roma
742 3295 961 3349 accepit:
984 3296 1123 3339 ‘mas
1143 3296 1355 3350 quern-ia
1376 3296 1567 3340 scrivii·
1592 3306 1740 3340 cosas
1760 3308 1857 3351 que
1889 3298 2190 3341 consolasen
2211 3300 2242 3340 a
2265 3296 2330 3341 V.
2350 3296 2412 3341 R.
2433 3308 2530 3351 que
2552 3302 2697 3341 otras
2718 3308 2816 3352 que
2840 3300 2884 3342 le
2905 3310 3034 3354 pun·

557 3376 710 3409 zasen
724 3399 735 3419 ,
754 3376 881 3420 pero
901 3366 1089 3410 habria
1109 3366 1171 3409 de
1194 3366 1340 3421 dejar
1358 3366 1423 3410 V.
1440 3366 1502 3410 R.
1519 3368 1581 3411 de
1602 3367 1698 3411 dar
1720 3374 1871 3413 tanta
1893 3369 2102 3413 ocasion
2117 3380 2128 3421 ;
2145 3379 2242 3423 que
2264 3368 2428 3411 cierto
2448 3367 2494 3412 N
2499 3374 2597 3412 tro.
2615 3366 2802 3421 Pndre.
2825 3370 2867 3412 si
2889 3371 3038 3423 algu-

556 3448 648 3481 nos
680 3444 915 3492 respetos
936 3448 1003 3481 no
1036 3440 1084 3481 le
1106 3438 1429 3492 detuviesen,
1450 3439 1601 3483 haria
1634 3449 1698 3483 en
1732 3440 1953 3494 algunos
1975 3440 2184 3483 effectos
2217 3450 2400 3496 mayor
2420 3440 2798 3484 demostracion
2819 3440 2902 3484 del
2923 3442 3034 3485 des·

555 3518 799 3555 contento
818 3520 915 3564 que
936 3510 1075 3553 tiene
1099 3510 1246 3555 deste
1270 3512 1437 3555 llorar
1458 3512 1521 3555 de
1540 3510 1607 3555 V.
1630 3509 1692 3555 R.
1714 3522 1811 3565 que
1847 3522 2038 3567 parece
2073 3522 2168 3555 con
2199 3512 2452 3566 periuicio
2481 3522 2626 3568 suyo.
2647 3524 2715 3556 uo
2741 3515 3032 3558 solamente

554 3592 620 3625 no
640 3581 953 3636 sojuzgando
975 3583 1023 3625 el
1058 3582 1270 3637 proprio
1289 3582 1448 3637 Juicio
1464 3581 1533 3626 V.
1554 3581 1615 3625 R.
1638 3584 1689 3626 al
1723 3593 1870 3637 suyo,
1893 3594 1956 3625 en
1987 3584 2034 3625 el
2057 3583 2299 3637 disponer
2321 3582 2382 3625 de
2412 3583 2491 3626 los
2513 3594 2610 3637 que
2632 3584 2769 3627 tiene
2790 3587 2823 3627 a
2852 3596 3032 3640 eergo,

552 3663 677 3706 pero
696 3653 921 3696 notando
940 3664 1001 3696 su
1022 3652 1333 3707 disposicion
1352 3654 1561 3698 delante
1582 3654 1645 3697 de
1666 3661 1811 3699 otros
1830 3665 1978 3698 como
2005 3656 2161 3697 mala.
2185 3653 2343 3699 Como
2363 3664 2417 3697 se
2441 3664 2542 3710 vey
2564 3665 2662 3709 que
2693 3656 2744 3698 1ο
2765 3655 2832 3699 ha
2863 3655 3030 3701 hecho

554 3734 649 3768 con
668 3732 809 3769 estos
828 3732 937 3768 tres
956 3725 1317 3769 ultimamente
1336 3726 1553 3770 venidos
1573 3727 1635 3770 de
1656 3726 1870 3781 Espana
1886 3758 1895 3771 .
1912 3737 2010 3780 que
2034 3727 2178 3780 quiso
2199 3732 2406 3769 retener
2427 3728 2459 3769 a
2477 3724 2630 3769 Mtro.
2653 3724 2819 3770 Pedro
2843 3726 3026 3782 Canai,

552 3808 585 3851 y
608 3806 663 3839 se
684 3798 759 3840 les
778 3796 927 3851 quejo
948 3797 1010 3840 de
1032 3808 1129 3850 que
1149 3798 1201 3841 al
1225 3798 1479 3852 principio
1503 3798 1730 3842 enviaba
1750 3796 1978 3843 Nuestro
2001 3797 2166 3842 Padre
2186 3798 2292 3842 alla
2312 3796 2556 3841 hombres
2576 3798 2639 3840 de
2673 3800 2751 3842 los
2769 3799 3032 3854 principa-

551 3868 626 3909 les
647 3867 709 3909 de
730 3868 781 3911 la
804 3865 1092 3922 Compaiiia
1112 3878 1145 3921 5
1167 3879 1264 3922 que
1287 3868 1509 3923 despues
1530 3870 1607 3914 los
1627 3870 1784 3914 habia
1804 3868 1999 3913 sacado
2019 3872 2052 3911 a
2073 3868 2235 3923 todos,
2257 3874 2374 3922 etc.;
2396 3880 2432 3924 y
2453 3878 2515 3912 no
2537 3869 2671 3912 mira
2689 3868 2746 3911 V.
2767 3869 2829 3913 R.
2852 3881 2949 3925 que
2971 3882 3032 3914 se

550 3940 596 3981 le
618 3939 687 3981 ha
708 3938 842 3983 dado
862 3939 1054 3993 alguna
1076 3950 1411 3994 recompensa
1433 3942 1495 3984 de
1518 3942 1593 3985 los
1612 3940 1849 3994 sacados,
1871 3941 1924 3984 ni
1945 3941 2082 3984 mira
2114 3936 2194 3996 (io
2216 3950 2312 3994 que
2335 3951 2392 3983 es
2411 3942 2524 3983 mas
2545 3940 2608 3983 de
2634 3941 2796 3984 mirar
2815 3944 2830 3991 )
2852 3952 2950 3996 que
2973 3954 3032 3987 es

550 4010 792 4064 obligatio
811 4009 1037 4054 Nuestro
1056 4010 1225 4055 Padre
1246 4012 1309 4055 de
1330 4014 1491 4056 mix-ar
1512 4014 1561 4055 el
1582 4013 1699 4055 bien
1719 4012 2012 4064 universal.
2034 4024 2070 4068 y
2089 4013 2168 4056 asi
2191 4023 2288 4066 que
2314 4011 2533 4066 dejando
2556 4013 2610 4056 la
2638 4012 2909 4066 provision
2929 4024 3031 4068 que

550 4082 667 4136 deja
687 4082 793 4125 alla
821 4092 951 4135 para
973 4088 1275 4127 entretener
1294 4096 1329 4139 y
1352 4084 1523 4127 nevar
1545 4068 1789 4128 a'deiante
1822 4095 1941 4128 esas
1964 4086 2122 4127 ουκ-ιε
2137 4116 2148 4135 ,
2171 4083 2334 4127 acude
2357 4084 2584 4127 tambien
2607 4086 2638 4125 a
2670 4090 2841 4136 otras,
2864 4085 3029 4128 donde

548 4152 674 4197 Dios
696 4152 757 4196 N.
780 4152 829 4197 S.
850 4154 1026 4207 quiere
1061 4164 1146 4198 ser
1180 4156 1392 4199 servicio
1426 4155 1488 4198 de
1526 4157 1580 4199 la
1614 4154 1902 4209 Compama
1939 4168 1976 4212 y
2006 4156 2070 4199 de
2105 4158 2182 4199 los
2217 4155 2512 4209 suppositos
2546 4155 2685 4199 della
2706 4187 2730 4207 ,‚
2765 4154 3030 4201 Describit

548 4225 729 4269 deinde
750 4224 952 4279 singula
974 4224 1162 4271 Italiae
1186 4225 1421 4281 Collegia
1436 4259 1447 4280 ,
1470 4226 1521 4270 in
1551 4228 1734 4281 quibus
1765 4228 1918 4281 pauci
1947 4227 2249 4272 sacerdotes
2265 4259 2276 4281 ,
2298 4226 2550 4281 paucique
2585 4226 2885 4272 scholastici
2900 4260 2912 4281 ,
2933 4239 3030 4271 nec

550 4307 722 4341 eorum
743 4308 919 4341 omnes
945 4298 999 4341 in
1018 4299 1253 4343 omnibus
1274 4298 1474 4351 eximii,
1500 4304 1554 4343 et
1576 4299 1747 4343 addit:
1770 4302 1841 4344 *si
1862 4311 2114 4355 compara
2134 4302 2185 4343 lo
2208 4300 2269 4342 de
2302 4298 2480 4342 Sicilia
2512 4310 2607 4342 con
2627 4298 2749 4343 todo
2769 4300 2818 4343 lo
2841 4300 2902 4342 de
2923 4298 3027 4343 Ita-

547 4370 617 4412 lia
632 4401 643 4421 ‚
664 4379 731 4412 no
752 4370 859 4425 hay
878 4369 1015 4413 duda
1035 4381 1134 4424 que
1154 4373 1270 4414 esta
1290 4372 1403 4414 mas
1431 4371 1684 4425 proveida
1704 4370 1944 4425 (Sicilia)
1965 4384 2062 4428 que
2085 4372 2314 4426 ninguna
2346 4379 2462 4414 otra
2499 4378 2649 4424 parte
2667 4404 2677 4423 ‚
2700 4381 2802 4414 aun
2823 4371 3026 4416 tenidos

546 4440 696 4484 todos
715 4442 793 4485 los
814 4448 1078 4495 respectos
1098 4454 1195 4497 que
1215 4454 1271 4485 se
1292 4442 1456 4486 deben
1478 4450 1643 4486 tener.
1666 4441 1773 4487 Con
1795 4444 1917 4487 todo
1938 4452 2052 4489 esto
2073 4456 2138 4489 no
2157 4444 2336 4498 quiere
2353 4442 2398 4486 N
2401 4450 2578 4487 uestro
2600 4442 2769 4486 Padre
2791 4453 2889 4497 que
2911 4442 3026 4498 deje

547 4510 684 4555 V.R.
702 4513 761 4555 de
783 4519 1201 4567 representat...„
1217 4513 1486 4563 Polancus.
1506 4525 1572 4557 ex
1586 4526 1736 4565 com..
1755 4514 1900 4559 Patri
1918 4514 2233 4573 Hieronymo
2249 4514 2564 4567 Domenech,
2585 4514 2636 4558 18
2648 4513 2882 4566 januarii
2901 4514 3021 4559 155⁴.

626 4584 648 4615 ²
701 4582 921 4629 Romam
940 4586 975 4629 ii
995 4592 1195 4640 septem
1214 4587 1526 4641 appulerunt
1550 4588 1567 4630 l
1592 4584 1884 4631 Februarii.
1905 4586 1988 4631 Ita
2009 4586 2262 4631 Polancus
2282 4587 2476 4630 litteris
2499 4587 2564 4631 ad
2587 4586 2822 4630 eumdem
2844 4585 2899 4629 Ρ.
2921 4584 3026 4629 Do-

544 4656 761 4699 menech
781 4656 923 4701 datis
940 4656 1124 4701 eadem
1146 4657 1227 4701 die
1251 4658 1271 4700 1
1295 4656 1568 4702 Februarii
1590 4689 1601 4710 ‚
1624 4664 1676 4701 et
1696 4658 1815 4701 aliis
1837 4658 1906 4702 ad
1927 4657 1984 4700 P.
2008 4657 2224 4703 Paulum
2245 4660 2292 4702 d’
2313 4658 2554 4701 Achillis.

629 4727 651 4759 δ
706 4726 759 4771 P.
780 4726 1049 4773 Michaelis
1070 4728 1306 4773 Botelho.
1330 4730 1463 4773 Vide
1484 4740 1661 4784 supra,
1684 4737 1722 4773 t.
1740 4740 1817 4785 111,
1840 4742 1964 4785 pag.
1985 4728 2081 4781 205,
2099 4741 2148 4774 n.
2171 4730 2254 4775 442
