3742 5392
1644 496 1772 554 ΑΝ.
1818 496 1960 553 1554
2933 496 3034 553 lll

562 659 750 713 esset
777 651 931 731 ipse
971 660 1559 732 perseveraturus
1597 651 1669 714 in
1710 650 1946 731 aliqua
1977 650 2390 714 monasterii
2418 648 2723 715 Sanctae
2760 650 3033 713 Mariae

566 756 813 821 Novae
854 774 1029 821 cura
1060 757 1418 836 habenda,
1454 775 1668 837 quam
1717 766 1956 821 tamen
2004 757 2403 837 Episcopus
2455 757 2543 820 ab
2593 774 2679 820 eo
2727 756 3034 837 relinqui

564 865 810 957 noluit:
862 864 1227 945 respondit
1265 874 1505 929 autem
1549 864 1627 928 Ρ.
1675 864 1996 944 Ignatius
2033 864 2431 928 doctrinam
2479 864 2758 927 illorum
2795 864 3034 925 solita·

565 972 834 1035 riorum
880 990 923 1035 a
963 974 1152 1036 malo
1193 973 1447 1053 spiritu
1484 989 1778 1053 prorsus
1818 971 2213 1051 profectam
2253 971 2550 1050 censeri,
2593 970 2712 1051 qui
2763 971 3027 1034 anima-

564 1096 722 1143 rum
786 1080 1150 1160 singulare
1206 1081 1343 1143 hoc
1397 1079 1829 1161 praesidium
1887 1080 2100 1143 vellet
2161 1078 2525 1160 impedire.
2588 1078 3038 1142 Hortabatur

564 1188 779 1251 etiam
809 1196 887 1251 ut
914 1187 1346 1267 Episcopum
1376 1188 1874 1268 alloqueretur,
1909 1196 1978 1250 et
2010 1186 2176 1266 quid
2205 1186 2340 1249 hac
2371 1185 2441 1249 in
2469 1202 2548 1249 re
2585 1185 3035 1249 sentiendum

564 1311 720 1357 esse
773 1293 1219 1371 admoneret3
1271 1304 1341 1356 et
1387 1294 1449 1357 si
1506 1301 1865 1373 oporteret
1907 1292 2308 1356 doctrinam
2343 1292 2552 1371 hanc,
2608 1292 3037 1355 testimoniis

562 1408 979 1464 sanctorum
1006 1399 1396 1464 Doctorum
1425 1399 1940 1478 confirmatam,
1981 1399 2376 1463 Bononiam
2401 1398 2886 1463 transmittere
2905 1446 2922 1478 ‚
2953 1416 3030 1461 se

567 1506 925 1571 facturum
978 1507 1465 1588 pollicebatur.
1533 1506 1740 1587 Quod
1792 1514 2034 1570 autem
2085 1506 2338 1570 attinet
2385 1506 2492 1569 adv
2525 1522 2772 1569 curam
2834 1505 3035 1569 illam

567 1614 981 1678 monialium
1032 1612 1226 1677 Stae.
1276 1612 1549 1678 Mariae
1596 1612 1876 1693 Novae,
1929 1613 2460 1693 relinquendam
2511 1612 2797 1676 omnino
2845 1628 3023 1689 esse,

565 1721 754 1801 quod
806 1720 1127 1784 instituto
1182 1731 1428 1785 nostro
1485 1729 1955 1801 repugnaret;
2014 1720 2342 1801 quamvis
2415 1736 2542 1783 eas
2593 1720 2904 1783 invisere
2959 1730 3030 1783 et

563 1828 943 1907 aliquando
976 1826 1457 1891 confessiones
1486 1844 1732 1891 earum
1764 1826 2010 1891 audire
2040 1828 2498 1907 permitteret,
2535 1835 2603 1889 et
2631 1836 2801 1890 tunc
2827 1844 3027 1906 prae·

564 1936 812 1999 sertim
862 1952 1025 1998 cum
1079 1935 1168 1998 de
1224 1934 1505 1998 illarum
1561 1933 2065 1998 reformatione
2115 1934 2376 2013 agitur.
2427 1934 2713 1997 Interim
2762 1944 3030 2011 tamen,

566 2042 735 2105 dum
766 2041 1024 2122 aliquis
1052 2041 1347 2105 idoneus
1376 2041 1835 2118 inveniretur,
1868 2050 1946 2105 ut
1985 2041 2138 2104 sine
2177 2040 2656 2103 conscientiae
2691 2043 3034 2121 scrupulo

563 2149 637 2212 in
665 2150 770 2212 eis
786 2147 1128 2227 juvandis
1166 2156 1497 2229 pergeret
1534 2149 1861 2212 hortatus
1902 2156 2011 2211 est
2045 2148 2085 2207 ¹.
2118 2147 2332 2211 Brevi
2360 2155 2598 2210 tamen
2629 2145 2704 2211 P.
2737 2146 3026 2212 Franci·

561 2271 727 2318 scus
781 2253 1097 2320 Palmius
1116 2304 1130 2333 ,
1190 2255 1444 2319 idoneo
1496 2254 1936 2319 confessario
1983 2252 2008 2284 ²
2055 2254 2379 2333 invent0,
2429 2252 2709 2318 illarum
2755 2271 3035 2329 curam,

561 2362 890 2443 quamvis
917 2380 1061 2425 non
1090 2362 1244 2426 sine
1272 2380 1495 2429 sensu
1516 2362 1781 2426 doloris
1810 2378 2078 2437 earum,
2112 2362 2415 2441 reliquit.
2459 2361 2636 2426 Cum
2675 2361 3030 2441 Episcopo

562 2478 801 2532 autem
838 2469 913 2532 in
952 2469 1087 2548 hiS,
1133 2486 1313 2549 quae
1364 2469 1456 2532 ad
1503 2470 1944 2549 frequentem
1992 2468 2562 2532 communionem
2611 2468 3026 2546 attinebant,

558 2574 935 2655 diligenter
973 2577 1141 2655 egit,
1183 2586 1255 2640 et
1286 2592 1717 2656 ¹persuasum
1759 2576 1859 2638 illi
1897 2583 2006 2638 est
2053 2575 2390 2655 expedire
2439 2583 2516 2638 ut
2558 2574 3036 2655 frequentatio

558 2682 924 2763 praedicta
952 2682 1026 2746 in
1054 2682 1358 2747 ecclesia
1386 2692 1631 2746 nostra
1654 2683 1819 2746 etin
1841 2682 2292 2746 monasteriis
2313 2681 2758 2759 retineretur,
2791 2697 3034 2760 quam·

558 2790 671 2851 vis
700 2806 861 2853 eam
890 2788 1085 2869 prius
1122 2790 1602 2883 prohibuerat;
1648 2798 1719 2852 et
1758 2806 1902 2852 non
1931 2790 2160 2852 solum
2189 2806 2332 2851 non
2374 2788 2713 2861 decrevit,
2757 2786 2880 2851 sed
2913 2805 3030 2851 au·

558 2907 717 2959 ctus
748 2896 963 2959 etiam
992 2906 1097 2962 est
1126 2898 1378 2960 crebro
1408 2896 1928 2970 confitentium,
1963 2906 2033 2958 et
2072 2895 2744 2959 communicantium
2786 2895 3030 2977 etiam,

560 3019 921 3067 numerus.

678 3109 821 3174 212.
907 3111 1256 3176 Utebatur
1287 3121 1525 3175 autem
1553 3111 1947 3191 Episcopus
1976 3108 2290 3190 eJusdem
2309 3108 2385 3173 P.
2414 3108 2783 3173 Francisci
2807 3126 3032 3189 opera

554 3220 628 3282 in
672 3220 935 3293 multiS,
988 3235 1172 3299 quae
1210 3218 1302 3281 ad
1346 3219 1605 3282 bonam
1647 3218 2233 3297 gubernationem
2271 3232 2445 3279 suae
2481 3215 2830 3279 dioecesis
2870 3232 3032 3296 spe-

556 3325 868 3401 ctabant,
916 3333 986 3387 et
1033 3313 1261 3388 eidem
1310 3324 1505 3388 Patri
1554 3324 2037 3403 confitebatur,
2085 3334 2154 3386 et
2203 3339 2410 3386 suam
2458 3339 2752 3402 operam
2782 3322 2852 3384 in
2888 3322 3034 3385 alio

555 3432 715 3495 loco
758 3433 1185 3513 quaerendO,
1230 3432 1318 3495 de
1360 3450 1500 3513 quo
1538 3433 1751 3512 paulo
1790 3430 2084 3495 inferius
2123 3429 2167 3509 ⁸,
2211 3430 2438 3494 eidem
2477 3428 2674 3493 Patri
2719 3428 3034 3493 officiose

556 3540 831 3618 obtulit;
877 3550 946 3601 et
990 3556 1153 3602 cum
1190 3556 1321 3619 pro
1359 3540 1634 3603 ratione
1674 3538 1783 3601 sui
1822 3536 2030 3601 officii
2068 3536 2442 3600 ecclesiam
2479 3546 2803 3599 nostram
2851 3535 3036 3600 invi-

638 3886 657 3917 ἱ
712 3886 1033 3931 “Habbiamo
1054 3888 1219 3931 inteso
1239 3890 1290 3931 la
1305 3887 1537 3931 dottrina
1557 3887 1607 3931 di
1622 3885 1784 3941 'quelli
1805 3885 1887 3929 dol
1909 3886 1998 3941 gia
2017 3884 2241 3929 solitarii
2263 3890 2316 3927 et
2337 3884 2522 3928 adesso
2548 3894 2680 3939 poco
2709 3884 2863 3929 amici
2883 3886 3023 3929 della

554 3960 907 4003 communione
928 3960 1212 4015 frequente3
1234 3967 1286 4004 et
1306 3970 1461 4003 senza
1481 3959 1633 4003 dubio
1653 3958 1916 4002 crediamo
1935 3958 2016 4001 eia
2035 3967 2194 4011 opera
2216 3957 2298 4000 del
2321 3956 2554 3999 demonio
2573 3954 2779 4000 inimico
2795 3956 2878 3999 del
2893 3958 3030 4001 bene

553 4031 826 4085 spirituale
846 4038 1022 4075 nostro
1044 4034 1188 4075 volet
1208 4031 1454 4087 impedire
1475 4038 1621 4075 tamo
1654 4032 1783 4073 bene
1814 4035 2006 4084 quanto
2029 4028 2234 4083 seguita
2256 4028 2306 4071 di
2327 4029 2405 4071 tal
2434 4027 2865 4081 frequentatione.
2889 4028 3021 4072 Pare

556 4101 652 4145 che
670 4100 735 4145 V.
756 4101 817 4145 R.
840 4102 1181 4147 libet-amente
1202 4103 1385 4147 debbia
1408 4104 1617 4157 pariare
1636 4104 1690 4145 al
1719 4100 1863 4145 Rmo.
1885 4100 2126 4144 Vescovo
2169 4100 2339 4155 quello
2359 4098 2455 4142 che
2493 4105 2657 4152 sente,
2679 4106 2731 4143 et
2753 4100 2802 4143 di
2825 4111 2942 4154 qua,
2964 4112 3021 4145 se

557 4174 816 4218 accudere
837 4174 1057 4218 mundar
1075 4175 1292 4219 fundata
1313 4182 1496 4229 queste
1530 4174 1759 4218 dottrina
1790 4184 1884 4227 per
1905 4172 2210 4215 convincere
2247 4172 2402 4226 quelli
2423 4171 2518 4214 che
2541 4172 2590 4214 la
2621 4171 3021 4226 conti-adissem,

554 4246 600 4289 si
620 4244 752 4289 fara.
776 4244 853 4289 De
876 4247 1046 4290 lassat
1066 4248 1116 4290 la
1137 4256 1263 4290 cura
1282 4248 1418 4291 delle
1439 4246 1687 4290 monache
1717 4247 1842 4289 sara
1874 4244 2167 4287 necessario
2201 4253 2293 4295 per
2320 4252 2492 4285 essere
2514 4243 2546 4286 l'
2569 4242 2809 4287 instituto
2843 4251 3030 4288 nostro

553 4318 890 4373 ripngnante,
911 4317 1107 4363 benche
1129 4324 1386 4372 pei-mette
1415 4318 1655 4361 visitat-le
1678 4322 1731 4361 et
1752 4317 2068 4361 confessarle
2098 4314 2316 4369 qualche
2347 4315 2510 4365 volta.
2543 4314 2786 4357 messinae
2820 4314 3030 4360 intanto

555 4390 651 4433 che
673 4389 717 4433 si
737 4390 970 4439 risorma.
992 4400 1023 4432 o
1043 4390 1087 4433 si
1107 4400 1261 4433 cerea
1280 4400 1502 4445 persona
1523 4396 1637 4433 atta
1658 4399 1753 4444 per
1772 4388 2046 4433 attendere
2067 4399 2098 4430 a
2121 4388 2247 4437 loro:
2271 4386 2444 4429 sicche
2467 4386 2516 4429 la
2539 4384 2600 4427 R.
2628 4384 2691 4427 V.
2713 4384 2884 4431 faccia
2903 4397 3024 4439 pen-

554 4462 692 4505 siero
711 4462 761 4505 di
782 4462 958 4505 lassat·
978 4462 1053 4505 tal
1074 4467 1352 4515 assumpto.
1372 4466 1425 4505 et
1446 4471 1541 4516 pur
1561 4461 1665 4505 etia
1684 4470 1839 4503 senza
1873 4460 2115 4513 scrupulo
2141 4469 2233 4513 per
2261 4468 2328 4500 un
2364 4467 2492 4511 poco
2519 4456 2569 4499 di
2591 4463 2765 4509 tempo
2793 4456 2960 4502 insino
2987 4468 3020 4501 a

556 4538 707 4577 tanto
726 4534 823 4577 che
845 4544 997 4587 possa
1018 4533 1253 4577 mettersi
1272 4540 1455 4586 questo
1475 4543 1598 4586 peso
1617 4542 1774 4587 sopra
1802 4533 1851 4574 le
1869 4532 2034 4585 spelte
2052 4531 2096 4573 d’
2113 4530 2318 4581 altrui.„
2337 4528 2603 4580 Polancus,
2622 4538 2689 4571 ex
2707 4538 2856 4579 com„
2873 4528 3026 4573 Patri

558 4602 839 4648 Francisco
860 4604 1074 4655 Palmio.
1095 4604 1151 4647 23
1168 4603 1303 4656 Junii
1326 4602 1629 4647 155⁴.-v¹de
1649 4602 1809 4647 etiam
1828 4612 2004 4656 supra,
2027 4612 2145 4655 pag.
2167 4600 2234 4647 28.
2253 4612 2302 4643 n.
2323 4600 2378 4642 35
2397 4606 2449 4643 et
2470 4599 2607 4643 infra
2626 4609 2675 4642 n.
2695 4598 2791 4642 385.

636 4676 661 4703 ¹
714 4674 956 4728 intellige
976 4675 1316 4725 sacerdotem,
1336 4674 1499 4729 quide
1522 4673 1783 4718 Societate
1804 4684 1902 4717 non
1927 4678 2081 4716 esset.

638 4746 663 4779 ³
716 4747 864 4791 Num.
895 4748 987 4792 220.
