3742 5392
730 476 842 535 250
1662 474 1920 535 Canon.
1963 473 2115 533 Soc.
2157 473 2296 547 jas,

732 635 927 683 mum
984 618 1215 698 magis
1273 617 1778 698 explicandum
1832 634 2027 695 esse,
2083 633 2255 680 num
2311 616 2598 697 aliquod
2653 616 2890 679 oneris
2941 615 3216 680 scilicet

732 736 925 789 esset
955 725 1368 807 adjunctum
1390 774 1405 805 ,
1438 726 1767 807 quamvis
1794 725 1914 789 illa
1945 725 2037 788 ad
2067 724 2451 805 hospitium
2491 733 2768 789 tantum
2805 732 3212 789 nostrorum

738 832 928 896 illam
960 850 1037 896 se
1067 832 1328 897 offerre
1357 832 1791 913 significavit
1831 832 1870 895 ¹.

854 939 997 1003 554.
1084 939 1456 1020 Vigesima
1505 949 1763 1022 quarta
1810 939 2124 1018 Augusti
2170 938 2364 1017 Mag.
2423 938 2740 1003 Erardus
2795 937 3212 1003 Leodiensis

738 1047 1093 1111 Sacerdos
1121 1058 1587 1111 consecratus
1616 1046 1749 1111 fuit
1777 1047 1821 1108 ³.

856 1154 997 1217 555.
1085 1154 1381 1219 Miserat
1410 1154 1710 1219 Romam
1738 1155 2133 1234 Episcopus
2164 1152 2602 1217 Labacensis
2643 1154 2994 1233 quosdam
3039 1170 3211 1218 suos

740 1263 1070 1325 alumnos
1112 1259 1159 1340 ⁸,
1202 1262 1383 1325 inter
1423 1278 1603 1341 quos
1640 1261 1927 1341 quidam
1969 1260 2221 1324 doctor
2249 1259 2514 1323 Paulus
2556 1259 2720 1338 fuit,
2767 1260 2922 1340 qui,
2953 1260 3214 1325 chaba—

744 1369 1015 1432 listicae
1056 1368 1230 1431 artis
1272 1385 1435 1449 ope,
1470 1368 1557 1431 de
1598 1367 1898 1447 singulis
1933 1366 2254 1430 scientiis
2298 1367 2795 1431 conclusiones
2837 1368 2910 1429 in
2953 1377 3214 1431 utram-

740 1494 877 1556 que
926 1484 1203 1556 partem
1254 1483 1495 1538 tenere
1542 1474 1884 1555 plurimas
1933 1472 2024 1535 ad
2063 1473 2529 1537 imitationem
2581 1472 2877 1537 Comitis
2914 1472 3064 1538 Pici
3093 1473 3209 1538 Mi·

744 1582 1119 1647 randulani
1163 1582 1410 1646 voluit.
1458 1580 1970 1645 Dissuaserunt
2007 1581 2238 1644 nostri
2279 1579 2549 1644 Romae
2579 1590 2648 1642 et
2677 1582 2911 1661 potius
2950 1581 3108 1645 aliis
3141 1582 3214 1645 in

742 1689 954 1753 rebus
1002 1699 1079 1753 ut
1130 1690 1493 1769 ingenium
1544 1698 1613 1751 et
1661 1698 1939 1768 tempus
1987 1696 2373 1767 occuparet
2423 1684 2684 1751 Paulus
2731 1688 2844 1751 ille
2889 1696 3217 1751 amanter

742 1806 1118 1874 curarunt;
1152 1796 1277 1860 sed
1322 1812 1487 1860 cum
1528 1796 1644 1859 ille
1682 1796 1816 1859 sibi
1853 1794 2104 1858 similis
2133 1812 2290 1857 esse
2321 1805 2682 1875 pergeret,
2715 1804 3094 1876 postquam
3140 1796 3216 1859 in

743 1904 956 1967 rebus
990 1903 1471 1984 spiritualibus
1502 1902 1767 1983 aliquid
1796 1902 1859 1965 ei
1891 1900 2138 1965 auxilii
2180 1902 2517 1965 collatum
2555 1910 2694 1980 est,
2728 1919 2886 1965 curn
2927 1902 3212 1977 rediret,

748 2010 959 2073 simul
986 2026 1148 2073 cum
1180 2010 1319 2073 alio
1350 2010 1567 2087 socio,
1596 2008 1685 2071 ad
1716 2026 1924 2071 suum
1944 2008 2398 2087 Episcopum,
2432 2008 2871 2073 existimavit
2900 2006 2976 2071 P.
3010 2007 3212 2089 Igna-

836 2358 853 2390 Ι
912 2357 987 2401 De
1010 2358 1075 2402 iis
1096 2358 1171 2401 ita
1188 2358 1299 2413 ipse
1322 2356 1559 2401 Cani-zius
1578 2356 1723 2401 Patri
1748 2354 1869 2399 Pola
1879 2367 1990 2409 nco,
2011 2356 2038 2398 8
2054 2355 2192 2409 Junii
2219 2356 2370 2411 hujus
2391 2358 2510 2401 anni
2531 2368 2544 2401 ι
2579 2355 2766 2401 “Soror
2785 2368 3044 2403 novercae
3065 2368 3214 2403 meae

744 2440 901 2485 quam
922 2428 1081 2473 habet
1102 2439 1321 2473 mairem
1356 2427 1420 2472 M.
1444 2427 1791 2471 Theodericus
1821 2427 2002 2479 frater.
2035 2427 2192 2471 offert
2213 2426 2468 2471 societati
2501 2427 2706 2473 domum
2727 2440 2824 2473 non
2851 2436 3218 2483 contempnen-

744 2502 867 2545 dam
889 2500 1216 2554 Not-iomagi.
1237 2507 1294 2544 nt
1324 2500 1601 2554 hospitium
1634 2498 1733 2543 sibi
1762 2508 2006 2553 paratum
2038 2499 2142 2541 illie
2174 2498 2418 2546 habeant.
2447 2499 2649 2553 quoties
2679 2501 2942 2549 accedent.
2973 2501 3058 2556 qni
3089 2510 3210 2545 sunt

748 2572 899 2628 hujus
919 2573 1083 2616 nostri
1103 2570 1343 2616 instituti.
1367 2570 1531 2625 Virgo
1552 2577 1632 2615 est
1652 2582 1810 2615 senex
1831 2576 1882 2614 et
1905 2570 1992 2625 pia
2015 2577 2173 2623 certe,
2195 2570 2437 2625 cupitque
2460 2581 2776 2625 responsum.
2793 2579 2850 2616 ut
2880 2573 2930 2615 in
2951 2574 3084 2617 alios
3103 2574 3218 2627 pios

748 2655 868 2688 usus
888 2644 1093 2689 domum
1129 2644 1263 2687 hanc
1293 2643 1598 2696 transierat,
1628 2644 1671 2686 si
1702 2644 1934 2687 oblatam
1964 2649 2168 2687 recuset
2203 2650 2385 2687 nostra
2415 2640 2666 2687 Societas·
2699 2642 2869 2695 Quare
2901 2644 3058 2697 digna
3091 2644 3220 2689 mihi

748 2716 973 2767 videtur,
994 2715 1075 2759 eui
1100 2716 1185 2759 vel
1210 2726 1302 2767 per
1324 2726 1401 2757 me
1421 2716 1508 2757 vel
1530 2725 1623 2767 per
1644 2714 1775 2757 aiios
1796 2713 1857 2757 de
1883 2712 1941 2757 R.
1965 2713 2019 2756 P.
2055 2713 2319 2757 sententia
2341 2725 2456 2757 mox
2488 2715 2856 2765 rescribatur...
2877 2715 3209 2759 Bnauxsau-

749 2797 865 2839 can,
886 2788 917 2830 l.
941 2797 1004 2839 c..
1024 2797 1147 2840 pag.
1167 2784 1459 2829 475.-vide
1482 2792 1656 2829 tamen
1685 2796 1817 2839 quae
1852 2784 1904 2827 16
1931 2784 2159 2838 Augusti
2195 2786 2405 2839 scripsit
2438 2786 2604 2829 eidem
2647 2785 2868 2829 Polanco
2897 2786 3032 2831 idem
3066 2787 3216 2832 Cani-

746 2856 869 2907 sius.
890 2858 1073 2911 quibus
1092 2857 1265 2901 subdit
1288 2856 1714 2900 Bnauxsuanosa:
1736 2856 2120 2911 “Noviomagus
2141 2864 2193 2901 et
2215 2858 2304 2901 illo
2333 2864 2386 2900 et
2419 2868 2531 2901 xvu
2562 2866 2616 2900 et
2646 2868 2778 2900 xvm
2809 2860 3030 2902 saeculis
3069 2860 3219 2903 domo

748 2926 1025 2971 societatis
1045 2928 1233 2971 caruit.
1256 2926 1499 2971 Ceterum
1526 2927 1645 2970 vide
1665 2938 1796 2981 quae
1820 2926 1954 2970 infra
1975 2927 2214 2971 dicentur
2236 2927 2302 2971 ad
2337 2928 2613 2981 epistulam
2644 2928 2837 2973 Canisii
2871 2928 2927 2972 23
2961 2928 3082 2975 Maii
3115 2931 3220 2975 1553

745 2998 966 3052 datam„
1000 3010 1121 3053 pag.
1152 2998 1249 3052 486,
1280 3006 1453 3042 annot.
1478 2999 1518 3041 1.
1550 2997 1689 3050 Quae
1712 3004 1890 3042 autem
1911 2998 1997 3051 ibi,
2021 3010 2144 3053 pag.
2171 2998 2248 3041 541
2273 3008 2324 3043 et
2351 3000 2433 3042 512
2451 2999 2688 3043 dicuntur
2709 3011 2772 3043 ea
2791 3008 2908 3045 sunt
2929 3012 3062 3055 quae
3084 3000 3211 3045 Leo·

746 3069 937 3114 nardus
970 3070 1151 3113 Kessel
1182 3070 1492 3123 Noviomagi
1513 3068 1677 3123 gessit
1698 3079 1751 3113 et
1772 3080 1905 3124 quae
1935 3070 2192 3113 adversus
2214 3082 2330 3113 eum
2350 3078 2404 3114 et
2440 3069 2758 3115 Societatem
2778 3072 3218 3127 Noviomagensis

748 3147 962 3185 senatus
983 3141 1236 3184 decrevit.

823 3213 848 3246 ί
902 3212 1133 3265 “Quanto
1162 3215 1213 3256 al
1249 3223 1419 3256 nuovo
1452 3211 1621 3255 Padre
1648 3210 1805 3255 Mtro.
1830 3212 2038 3255 Eratdo
2061 3212 2202 3256 iddio
2235 3212 2426 3256 Nostro
2450 3212 2667 3268 Signore
2701 3216 2748 3258 lo
2783 3215 2950 3259 faccia
2979 3216 3218 3260 ministro

742 3285 869 3329 utile
890 3295 982 3338 per
1003 3284 1034 3327 l'
1053 3283 1269 3338 aggiuto
1289 3284 1340 3328 di
1360 3284 1517 3327 molte
1536 3284 1721 3327 anime.
1744 3282 1896 3327 Delia
1917 3284 2116 3327 faculta
2131 3284 2180 3327 di
2200 3285 2366 3327 sentir
2383 3284 2690 3329 confessioni
2708 3294 2760 3329 et
2783 3289 3067 3339 asson-eie,
3093 3294 3214 3339 etc..

745 3354 806 3400 V.
830 3354 889 3398 R.
910 3356 1070 3409 gliela
1092 3365 1283 3406 poteva
1310 3356 1433 3398 dare
1454 3366 1608 3398 senza
1628 3357 1886 3408 scrupulo,
1908 3355 2098 3408 perche
2130 3356 2232 3398 mai
2265 3356 2429 3399 hebbe
2451 3356 2734 3401 intentione
2759 3358 2946 3401 Nostro
2971 3358 3134 3407 l'adre
3163 3360 3214 3403 di

741 3438 963 3471 revocat·
984 3429 1152 3481 quelle
1174 3426 1347 3481 gratie
1368 3428 1461 3470 che
1484 3426 1555 3480 gli
1577 3438 1736 3471 erano
1765 3438 2008 3470 concesse
2029 3437 2062 3469 a
2087 3425 2148 3469 V.
2171 3426 2260 3481 R...
2283 3426 2553 3475 Polancus.
2572 3440 2638 3471 ex
2659 3440 2811 3478 coen..
2835 3431 2972 3473 Patri
2999 3430 3216 3475 Nicolno

738 3500 803 3543 de
824 3498 1023 3555 Lanoy,
1046 3498 1101 3541 22
1120 3498 1426 3542 Novembris
1450 3498 1567 3551 155⁴,
1593 3498 1910 3551 respondens
1926 3500 2133 3553 litteris,
2155 3511 2284 3553 quas
2307 3500 2550 3545 Nicolaus
2571 3499 2778 3555 Ignatio
2801 3502 3016 3545 dederat
3043 3512 3214 3545 mense

748 3570 1055 3625 Septembri.

824 3642 849 3675 ⁸
902 3642 997 3685 Die
1018 3642 1069 3683 27
1094 3640 1366 3685 Februarii
1398 3642 1503 3685 1552
1530 3642 1793 3686 scribebat
1828 3643 2101 3697 Polaticus,
2133 3655 2202 3687 ex
2231 3655 2380 3695 com„
2412 3644 2558 3687 Patri
2589 3642 2797 3687 Canis-io
2831 3645 3038 3697 longam
3077 3646 3212 3689 sati-s

744 3713 1038 3767 epistolam,
1060 3712 1205 3766 cujus
1226 3712 1355 3755 haec
1378 3716 1543 3767 prima
1572 3716 1759 3758 verba:
1782 3714 2128 3759 “charissimo
2149 3715 2342 3759 Petite:
2371 3716 2438 3761 mi
2461 3718 2488 3759 e
2511 3726 2666 3769 parso
2686 3716 2822 3761 dai-li
2843 3716 3210 3761 informatione

748 3784 898 3837 plena
919 3784 1000 3826 del
1022 3782 1085 3827 D.
1110 3782 1270 3826 Paulo
1292 3790 1344 3827 et
1366 3784 1447 3827 del
1470 3796 1562 3827 suo
1583 3796 1867 3841 compagno
1889 3786 2040 3830 Mtro.
2065 3786 2308 3839 Antonio,
2331 3787 2544 3831 insieme
2577 3797 2675 3829 con
2704 3788 2788 3831 doi
2819 3788 2944 3831 altri
2981 3789 3218 3841 giovani,

750 3865 849 3899 uno
870 3856 1137 3899 chiamato
1158 3854 1352 3905 Marco,
1374 3862 1427 3899 et
1458 3858 1595 3900 altro
1624 3856 1865 3912 Georgio,
1892 3859 2014 3903 tutti
2051 3858 2134 3902 doi
2156 3860 2330 3914 nepoti
2365 3858 2448 3902 del
2479 3858 2624 3902 Rmo.
2659 3858 2962 3903 Labaeense
2985 3860 3209 3904 secondo

748 3928 779 3969 l'
797 3926 1161 3970 informatione
1184 3926 1267 3969 del
1288 3924 1352 3969 D.
1374 3926 1577 3981 Fumo...
1598 3928 1680 3973 Ex
1702 3929 1797 3983 his,
1817 3930 1861 3973 si
1883 3941 1999 3974 cum
2020 3931 2258 3985 epistola,
2289 3941 2444 3985 quam
2474 3929 2766 3975 Labacensi
2789 3930 3046 3986 Episcopo
3068 3931 3214 3975 dedit

748 3996 981 4052 ignatius
1001 3996 1100 4040 hac
1123 3997 1237 4051 ipsa
1258 3998 1339 4041 die
1355 3997 1407 4041 27
1429 3997 1701 4043 Februarii
1716 4000 1929 4053 (cartas
1947 4002 2014 4045 de
2034 4002 2144 4045 San
2161 4000 2398 4055 Ignacio,
2417 4008 2450 4045 t.
2467 4012 2539 4055 iv,
2557 4013 2677 4057 pag.
2697 4002 2896 4053 435437,
2914 4002 3080 4054 77-80),
3108 4014 3224 4046 con·

748 4066 1001 4117 ferantur,
1022 4067 1177 4111 facile
1198 4069 1399 4111 eruitur
1420 4080 1513 4112 sex
1536 4070 1755 4123 juvenes
1776 4072 1874 4116 hoc
1895 4078 2127 4127 tempore
2149 4072 2200 4117 ln
2226 4071 2456 4126 Collegio
2479 4071 2791 4116 Germanico
2809 4072 2981 4125 fuisse,
3002 4085 3034 4117 a
3049 4072 3220 4117 Laba·

742 4138 887 4181 censi
910 4138 1035 4181 miss
1050 4149 1108 4181 ›s:
1132 4138 1365 4192 Paulum,
1386 4141 1683 4195 Antonium,
1709 4142 2184 4197 Bartholomaeum,
2207 4143 2475 4197 joannem,
2495 4142 2728 4187 Marcum
2749 4152 2800 4187 et
2821 4143 3118 4198 Georgium.
3139 4143 3220 4187 De

748 4208 910 4252 Paulo
931 4208 1050 4251 vide
1070 4209 1205 4252 infra
1226 4210 1277 4253 in
1299 4210 1395 4253 hoc
1416 4212 1526 4265 ipso
1548 4225 1695 4262 num..
1717 4222 1894 4259 annot.
1916 4215 1958 4259 2.
1981 4215 2056 4259 De
2095 4214 2496 4259 Bartholomaeo
2525 4222 2578 4257 et
2607 4214 2806 4267 joanne
2839 4216 2966 4258 haec
2995 4216 3220 4258 Belius-s·

750 4290 969 4333 annona,
992 4282 1031 4323 l.
1056 4290 1121 4332 e..
1141 4292 1262 4335 pag.
1282 4282 1379 4335 445,
1402 4290 1577 4327 annot.
1593 4285 1643 4327 4:
1678 4286 1924 4331 “dubium
1945 4298 2058 4330 esse
2082 4288 2170 4331 vix
2195 4293 2367 4341 potest
2397 4287 2518 4339 quin
2553 4286 2588 4329 ii
2621 4287 2744 4337 sint,
2779 4288 2862 4339 qui
2894 4288 2944 4330 in
2965 4288 3212 4341 catalogo

744 4352 953 4405 collegii
976 4351 1259 4405 germanici
1283 4354 1639 4409 antiquissimo
1674 4358 1724 4401 19
1752 4357 1873 4409 Julii
1911 4358 2016 4403 1553
2045 4358 2324 4412 collegium
2355 4358 2576 4409 ingressi
2609 4358 2690 4401 his
2723 4358 2901 4401 verbis
2921 4359 3221 4403 traduntur:

746 4421 1207 4467 “Bartholomaeus
1228 4422 1425 4468 Philius
1444 4427 1611 4470 lausei·
1634 4428 1741 4481 [sic;
1765 4428 1898 4473 filius
1921 4429 2130 4473 Lauferi
2145 4430 2182 4481 Ρ]
2203 4428 2649 4481 Obernburgensis
2677 4426 2996 4471 Labacensis
3023 4429 3224 4473 dioece-

748 4494 861 4545 sis„
882 4492 1133 4544 “Joannes
1152 4494 1379 4539 Kobenzl
1402 4497 1745 4551 Aquileiensis
1778 4500 2090 4552 Dioecesis.„
2119 4499 2268 4548 (Cod.
2303 4510 2451 4550 rom..
2474 4500 2596 4543 ‘Au-
2629 4500 2744 4542 coli.
2775 4502 2958 4553 germ.⁴
2987 4512 3034 4555 p.
3068 4501 3122 4555 43
3155 4501 3224 4545 cf.

748 4564 1088 4615 Steinhuber,
1109 4566 1140 4608 l.
1158 4576 1203 4609 c.
1224 4566 1557 4618 (Geschichte
1578 4570 1668 4614 des
1690 4571 1978 4625 Collegium
2001 4570 2368 4615 Germanicum
2393 4570 2746 4624 Hungaricum
2767 4572 2818 4615 in
2841 4570 3028 4625 Rom.),
3055 4572 3094 4615 1.
3124 4574 3226 4627 AL„

746 4634 993 4679 -Paulus
1010 4643 1065 4679 et
1088 4638 1342 4682 Antonius
1364 4638 1525 4684 Roma
1544 4642 1763 4696 profecti
1777 4652 1896 4687 sunt
1919 4644 2256 4687 Germaniam
2277 4652 2463 4685 versus
2483 4642 2566 4685 die
2585 4643 2632 4685 ll
2651 4640 2840 4687 Martii.
2863 4641 2945 4687 Ita
2967 4644 3018 4687 in
3036 4644 3222 4689 Polan·

744 4708 793 4750 ci
810 4708 1001 4751 litteris
1015 4708 1079 4751 ad
1104 4707 1366 4754 canisium
1386 4712 1470 4753 vel
1495 4712 1795 4769 Launoyum
1820 4717 1868 4758 14
1900 4715 2074 4760 Martii
2108 4714 2232 4758 1551.
