3742 5392
758 492 881 553 ὁ258
1692 491 1949 550 Canos.
1991 488 2146 549 Soc.
2187 492 2328 564 με.

754 702 757 707 .
889 640 1031 703 556.
1116 638 1272 702 Hoc
1320 656 1507 701 anno
1558 636 1711 700 Rex
1764 635 2247 699 Romanorum
2297 636 2372 700 P.
2422 638 2785 701 Canisium
2831 639 3242 718 alloquutus

766 758 903 826 est,
940 756 1011 809 et
1038 744 1626 825 supplicationem
1656 744 2040 824 quamdam
2063 742 2352 807 Summo
2380 742 2701 808 Pontifici
2727 744 3241 825 porrigendam

770 854 860 917 ad
900 852 975 915 P.
1022 852 1377 932 Ignatium
1436 851 1713 915 mittere
1758 848 2091 929 injunxit;
2143 868 2310 913 narn
2357 869 2484 931 per
2525 868 2686 913 eum
2736 852 2972 931 potius
3026 868 3240 932 quam

767 978 895 1042 per
910 976 1115 1023 suum
1131 960 1443 1038 legatum
1470 956 1510 1035 ¹,
1530 974 1712 1037 quae
1731 957 1825 1021 ibi
1846 956 2411 1032 continebantur,
2434 958 2729 1021 tractari
2747 958 3054 1033 volebat,
3077 975 3238 1021 cum

769 1068 863 1130 ad
912 1067 1135 1147 ipsius
1184 1065 1695 1129 conscientiam
1733 1064 2191 1144 pertinerent.
2233 1064 2604 1143 Agebatur
2655 1074 2890 1128 autem
2941 1064 3028 1127 de
3073 1083 3238 1145 qua·

764 1175 936 1237 dam
978 1171 1435 1253 hospitalium
1476 1188 1830 1233 novorum
1881 1171 2272 1249 erectione,
2324 1188 2464 1251 qua
2514 1172 2585 1234 in
2637 1188 2716 1233 re
2758 1170 3236 1236 difficultatem

766 1280 1141 1360 ingerebat
1206 1287 1709 1341 testamentum
1776 1276 2108 1340 Caesaris
2168 1276 2670 1355 Maximiiiani,
2738 1287 2807 1341 ct
2877 1276 3238 1343 Pontificis

766 1386 1195 1451 auctoritate
1227 1384 1587 1464 indigebat
1622 1392 1697 1445 ut
1728 1383 2079 1463 quaedam
2109 1384 2652 1447 immutarentur
2677 1384 2770 1447 ad
2795 1384 2948 1465 pias
2978 1402 3238 1447 causas

763 1512 856 1557 ex
885 1494 1017 1569 his,
1052 1510 1233 1573 quae
1273 1508 1454 1554 avus
1495 1491 1967 1571 disposuerat.
2011 1489 2190 1554 Cum
2232 1499 2470 1553 autem
2501 1489 2574 1553 P.
2609 1489 2928 1571 Ignatius
2971 1491 3234 1571 signifi-

762 1610 997 1664 casset
1029 1617 1104 1662 se
1136 1596 1419 1679 quidem
1452 1597 1984 1678 paratissimum
2013 1614 2195 1675 esse,
2229 1598 2354 1660 sed
2384 1614 2530 1661 non
2560 1598 2688 1661 abs
2719 1616 2797 1661 re
2825 1596 3140 1662 futurum
3171 1600 3230 1663 si

763 1709 1036 1771 litteras
1086 1706 1301 1769 etiam
1351 1703 1545 1781 fidei,
1603 1721 1780 1783 quas
1838 1704 2308 1768 credentiales
2365 1716 2663 1784 vocant,
2723 1706 2796 1768 in
2853 1723 3233 1785 personam

763 1815 987 1895 ipsius
1016 1812 1093 1875 P.
1128 1811 1390 1892 Ignatii
1419 1810 1708 1875 Summo
1750 1810 2069 1873 Pontifici
2112 1812 2487 1890 scriberet,
2521 1812 2710 1875 illico
2755 1811 2912 1875 Rex
2955 1830 3078 1875 eas
3119 1832 3234 1877 ex-

767 1920 1067 2001 pedivit,
1116 1928 1183 1981 et
1223 1918 1314 1981 ad
1356 1918 1679 1981 eumdem
1724 1916 1799 1981 P.
1847 1916 2204 1996 Ignatium
2244 1918 2562 1997 scripsit,
2605 1929 2675 1981 et
2715 1918 2812 1981 ita
2852 1920 3036 1998 quod
3081 1918 3234 1983 Rex

762 2027 1198 2107 postulabat,
1237 2043 1279 2086 a
1310 2022 1599 2089 Summo
1628 2022 1970 2087 Pontifice
1998 2023 2128 2086 fuit
2159 2023 2616 2104 impetratum
2647 2024 2690 2084 ⁸.

760 2302 1118 2348 Labbaccensi
1139 2302 1225 2357 qui
1247 2313 1363 2345 cutn
1383 2301 1579 2354 Joanne
1600 2311 1693 2344 suo
1714 2301 1812 2343 huc
1835 2299 1990 2344 rediit
2005 2334 2016 2351 ,
2038 2307 2089 2343 et
2111 2302 2178 2344 ali
2187 2302 2234 2344 bi
2259 2301 2716 2347 Bartholomaeum
2733 2310 2788 2347 ut
2809 2305 2858 2347 in
2880 2305 3232 2349 concionando

761 2387 817 2421 se
838 2381 1112 2419 exerceret
1142 2374 1379 2429 reliquit,
1402 2373 1499 2416 hoc
1532 2383 1685 2415 unum
1705 2372 1876 2415 dicam
1892 2404 1902 2421 .
1923 2372 2052 2415 nihil
2081 2361 2226 2416 illuni
2247 2384 2278 2415 a
2303 2372 2449 2417 nobis
2481 2374 2586 2417 iarn
2617 2376 2842 2419 alienum
2864 2376 3059 2429 videri,
3083 2386 3138 2420 et
3166 2377 3210 2421 R

761 2448 818 2491 P.
850 2446 1071 2501 Ignatii,
1103 2456 1232 2499 quas
1276 2444 1502 2498 accepit,
1552 2444 1718 2487 literis
1747 2443 2040 2497 delectari„
2069 2442 2140 2489 Et
2175 2444 2330 2497 paulo
2365 2444 2526 2488 infra:
2565 2444 2926 2499 “Quamquam
2960 2446 3121 2492 miror
3155 2450 3230 2493 sic

760 2530 903 2563 meas
936 2516 1159 2571 intelligi
1193 2517 1423 2569 litteras,
1444 2516 1659 2569 perinde
1688 2526 1750 2558 ac
1780 2514 1891 2569 ipse
1923 2514 2211 2568 Episcopus
2232 2517 2380 2559 vobis
2415 2521 2553 2559 esset
2587 2516 2740 2560 valde
2774 2518 3155 2571 conciliandus,
3177 2526 3230 2563 et

758 2590 887 2635 meis
908 2588 1086 2632 verbis
1108 2589 1281 2632 factus
1302 2588 1563 2639 alienior.„
1586 2586 2014 2638 Baauxsasaces,
2040 2587 2071 2629 l.
2094 2598 2150 2637 c.,
2168 2597 2290 2640 pag.
2311 2588 2388 2630 471
2415 2594 2468 2630 et
2488 2588 2585 2631 486.

847 2662 864 2694 ¹
922 2660 1175 2705 Didacnm
1198 2659 1258 2702 de
1280 2658 1460 2701 Lasso.

835 2734 859 2765 ὓ
914 2732 1155 2776 canisius
1187 2730 1413 2773 Polanco
1443 2729 1471 2771 8
1499 2728 1633 2781 Junii
1668 2728 1800 2773 1554:
1832 2728 2042 2772 “Habeo
2077 2728 2130 2771 in
2161 2729 2422 2773 mandatis
2441 2740 2474 2773 a
2506 2730 2649 2783 Rege
2681 2736 2878 2782 nostro.
2900 2738 2956 2775 nt
2979 2733 3044 2777 ad
3074 2730 3134 2775 R.
3163 2733 3224 2777 P.

754 2805 1117 2860 Praepositum
1150 2802 1309 2858 ipsius
1338 2801 1538 2845 nomine
1570 2801 1773 2845 mittam
1802 2800 2199 2854 supplicationis
2219 2802 2516 2855 formulam,
2540 2814 2604 2845 ex
2627 2814 2726 2858 qua
2751 2802 3076 2858 intelligetur
3109 2805 3230 2859 quid

754 2889 848 2922 sna
868 2876 1117 2919 Maiestas
1136 2874 1271 2929 apud
1297 2866 1691 2917 Sanctissimu‘tn
1718 2870 1992 2925 impetrari
2013 2871 2140 2915 velit
2164 2883 2339 2915 coram
2369 2884 2462 2926 per
2485 2872 2538 2916 Ρ.
2561 2872 2822 2927 Ignatium
2839 2906 2849 2923 .
2868 2882 2924 2918 ut
2945 2875 3026 2919 cui
3059 2876 3108 2919 in
3129 2877 3228 2919 hac

753 2954 906 3003 parte
928 2946 1040 2991 fidit
1061 2946 1251 2999 inagis,
1274 2956 1428 2999 qnam
1450 2944 1538 2987 alii
1561 2942 1719 2987 etiam
1741 2942 1941 2997 Legato
1961 2955 2068 2988 suo.
2088 2945 2282 2997 Agitur
2302 2944 2364 2987 de
2385 2945 2716 2999 hospitalium
2739 2958 2990 2989 novorum
3009 2948 3223 2991 erectio-

752 3032 816 3065 ne
832 3052 843 3074 ,
864 3020 947 3063 cui
969 3028 1181 3062 causam
1202 3017 1440 3071 praebuit
1465 3021 1835 3059 testamentum
1855 3016 2096 3059 relictum
2117 3013 2265 3058 Caes.
2289 3014 2626 3061 M.tximiliani
2648 3019 2824 3061 clarae
2845 3030 2915 3062 rut
2929 3030 2994 3061 tn.
3014 3016 3228 3063 Confido

750 3103 850 3137 non
870 3090 1145 3134 difficulter
1166 3088 1374 3132 exorari
1398 3098 1551 3142 posse
1582 3086 1885 3130 Pontificem
1901 3118 1912 3139 ,
1933 3094 1991 3130 ut
2011 3087 2203 3142 optimo
2227 3086 2356 3141 Regi
2381 3090 2671 3132 consentiat
2693 3090 2742 3133 in
2763 3090 2868 3143 his,
2890 3100 3023 3144 quae
3041 3098 3226 3135 contra

748 3163 938 3209 nullius
958 3162 1085 3206 iuris
1107 3160 1492 3215 dispositionem
1508 3191 1519 3211 ,
1542 3166 1593 3201 et
1612 3160 1779 3202 solnm
1798 3158 1864 3201 ad
1898 3170 2012 3213 pias
2033 3169 2221 3202 causas
2239 3169 2500 3214 petuntur,
2522 3160 2659 3204 sient
2681 3162 2834 3215 paulo
2865 3168 2982 3216 post
3003 3173 3068 3205 ex
3097 3160 3224 3216 ipsis

748 3238 919 3281 literis
938 3235 1066 3279 meis
1086 3232 1403 3286 accipietis„
1423 3231 1617 3284 Quibus
1647 3232 1777 3275 haec
1813 3231 2226 3275 Baamtsaeassa
2253 3232 2476 3287 subjicit:
2507 3232 2892 3279 *Fet-dinamius
2908 3235 3102 3279 litteris
3117 3267 3142 3285 ,,
3169 3235 3221 3278 ln

747 3308 935 3363 oppido
953 3306 1045 3349 Pax
1058 3306 1249 3349 dowicz
1264 3303 1563 3357 (Pardubltz
1579 3303 1632 3346 in
1648 3302 1915 3354 Bohemia)
1930 3303 1980 3346 21
1999 3302 2317 3357 Septembris
2335 3304 2440 3347 1551
2453 3304 2590 3349 datis
2607 3304 2633 3356 J
2639 3306 2797 3349 uuum
2817 3304 2924 3357 111..
2941 3314 2997 3349 ut
3019 3304 3223 3361 Ignatio

750 3380 803 3424 in
835 3391 897 3423 eo
930 3377 1137 3431 negotio
1173 3377 1320 3430 plene
1356 3374 1564 3427 fideret,
1599 3373 1839 3427 rog-avit,
1877 3386 2030 3429 seque
2065 3376 2115 3418 id
2151 3375 2502 3419 testimonium
2533 3376 2742 3420 Canisio
2771 3388 2983 3421 suasore
3006 3377 3222 3422 Romam

750 3450 986 3502 mittere,
1010 3448 1189 3491 eodem
1209 3446 1289 3489 die
1311 3444 1519 3500 Ignatio
1550 3445 1763 3498 scripsit
1796 3444 2092 3499 (Epistulae
2129 3444 2444 3491 Fetninandi
2473 3454 2594 3491 sunt
2627 3448 2679 3491 in
2716 3447 2862 3492 Actis
2899 3448 3220 3493 Sanctorum

747 3522 870 3576 Julii
904 3520 1007 3564 vn
1042 3518 1383 3573 [Antuerpiae
1423 3517 1572 3569 1731]‚
1603 3517 1701 3569 497,
1737 3524 1789 3560 et
1819 3517 1870 3560 in
1906 3516 2099 3560 Cartas
2141 3516 2202 3559 de
2238 3518 2347 3561 San
2389 3520 2621 3571 lgnacio,
2651 3530 2723 3571 tv,
2759 3520 2986 3573 530-531).
3013 3519 3092 3564 Ex
3123 3521 3225 3575 epi-

746 3594 915 3647 stulis,
933 3593 1117 3647 quibus
1138 3589 1375 3644 Ignatius
1394 3594 1577 3642 postea
1599 3598 1775 3641 regem
1798 3596 1848 3631 et
1866 3587 2128 3632 canisium
2149 3588 2208 3632 de
2228 3589 2324 3633 hoc
2345 3590 2552 3645 negotio
2575 3592 2784 3645 eiusque
2805 3602 3086 3645 progressu
3107 3593 3224 3635 edo-

748 3665 882 3719 cuit,
912 3663 1231 3715 intellegitur
1262 3660 1669 3711 Ferdinandnm,
1692 3666 1905 3713 praeter
1937 3659 2069 3713 alia,
2101 3661 2231 3704 haec
2263 3663 2500 3716 petiisse:
2533 3670 2590 3705 ut
2623 3664 2938 3707 monasteria
2971 3665 3222 3719 quaedam

746 3737 955 3781 deserta
975 3735 1061 3779 vei
1083 3733 1230 3788 quasi
1252 3732 1461 3775 deserta
1483 3731 1532 3774 in
1552 3742 1701 3775 usum
1720 3736 1836 3775 octo
1860 3732 2360 3777 valetudinariorum
2382 3745 2411 3776 a
2433 3745 2490 3777 se
2510 3735 2890 3779 condendorum
2913 3742 3218 3779 convertere

748 3814 949 3865 posset:
972 3814 1029 3852 ut
1049 3805 1436 3851 valetudinaria
1456 3804 1631 3858 aliqua
1651 3816 1714 3849 ex
1737 3814 1835 3847 uno
1867 3804 1980 3847 ioco
2011 3804 2062 3847 in
2091 3805 2315 3848 alterum
2339 3806 2624 3849 transferre
2657 3814 2844 3861 posset:
2865 3813 2921 3851 ut
2957 3808 3221 3863 indulgen·

748 3881 853 3925 tiae
874 3880 1129 3935 quaedam
1150 3876 1551 3922 valetudinariis
1580 3876 1682 3920 illis
1712 3876 2118 3919 concederentur
2151 3877 2167 3927 (
2180 3876 2372 3921 cartas
2393 3877 2454 3920 de
2480 3878 2589 3921 San
2610 3878 2830 3931 lgnacao
2852 3890 2919 3929 tv,
2937 3880 3144 3931 483484ς
3167 3893 3218 3935 v,

743 3949 1237 4003 234-236).-Litteris
1268 3954 1444 3993 autem
1476 3946 1793 3991 Ferdinandi
1822 3944 2028 3990 VIenna
2058 3947 2085 3989 4
2119 3947 2361 3991 Decembi
2375 3948 2420 3991 is
2443 3949 2546 3991 1554
2577 3948 2644 3992 ad
2677 3948 2936 4003 ignatium
2970 3950 3110 3994 datis
3143 3949 3212 3995 M.

745 4022 1119 4077 Singkhtnoser
1134 4020 1454 4064 secretarius
1469 4018 1649 4063 eodem
1668 4018 1751 4062 die
1772 4018 2196 4071 “penset-imam„
2211 4018 2412 4061 addidit
2431 4019 2672 4071 (nondum
2689 4020 2738 4064 in
2758 4022 2918 4064 iucem
2934 4023 3218 4073 emissum),

744 4095 796 4140 in
826 4106 925 4149 quo
942 4093 1097 4137 dicit:
1123 4091 1319 4145 Regem
1349 4097 1661 4135 testamento
1682 4088 2018 4133 Maximillam
2039 4087 2079 4131 1.
2103 4090 2334 4133 caesaris
2353 4090 2420 4134 ad
2444 4090 2572 4135 duas
2593 4094 2844 4137 ecclesias
2870 4094 3219 4138 exstruendas

744 4166 992 4219 obligari:
1014 4174 1169 4208 unam
1191 4163 1473 4218 Oeniponte
1508 4164 1557 4205 in
1578 4162 1822 4205 honorem
1844 4160 1897 4204 S.
1923 4160 2162 4215 Leopoldi
2184 4161 2461 4216 austriaci,
2483 4164 2704 4207 aiteram
2727 4164 3010 4209 Falcianae
3031 4164 3215 4217 (lVels,

740 4238 990 4284 Austriae
1010 4235 1292 4290 superioris
1311 4234 1587 4289 oppidum).
1608 4233 1663 4276 Id
1688 4240 1863 4277 autem
1885 4233 2086 4277 difficile
2107 4244 2170 4276 ac
2192 4234 2339 4287 quasi
2359 4245 2807 4289 supervacaneum
2829 4236 2954 4283 fore.
2977 4248 3212 4291 praeser-

740 4311 837 4355 tim
870 4319 986 4352 cum
1005 4306 1363 4351 Ferdinandus
1396 4305 1679 4360 Oeniponte
1715 4304 2020 4357 ecclesiam,
2049 4304 2353 4358 collegium.
2371 4307 2818 4352 valetudinarium
2847 4307 3220 4353 aedificaturus

739 4382 826 4426 sit.
848 4380 971 4425 Ideo
989 4390 1171 4434 regem
1189 4380 1257 4422 ab
1278 4377 1481 4433 ignatio
1502 4386 1705 4431 petere,
1729 4384 1787 4421 ut
1809 4376 1859 4419 id
1882 4377 2096 4431 efficiat,
2121 4384 2178 4421 ut
2209 4378 2441 4433 pontifex
2463 4380 2530 4422 ab
2551 4390 2614 4423 ea
2647 4381 2949 4437 testamenti
2983 4388 3134 4435 parte
3159 4390 3216 4423 se

737 4454 1001 4508 dispenset
1029 4454 1113 4503 (ex
1132 4452 1159 4481 ¹·
1179 4452 1551 4495 commentario
1570 4450 1656 4492 vel
1676 4449 1997 4503 apographo.
2021 4448 2153 4503 quod
2174 4455 2253 4493 est
2281 4448 2513 4495 Viennae
2547 4450 2600 4494 in
2619 4451 2838 4495 archivo
2858 4452 3011 4496 auiae
3033 4462 3212 4496 caesa-

738 4534 863 4571 reae
882 4556 893 4573 .
914 4522 1261 4567 ‘Niedetoest.
1284 4520 1487 4564 Akten‘
1514 4520 1638 4563 fasc.
1661 4520 1731 4571 4.,
1752 4520 1785 4563 l.
1807 4531 1871 4575 c.,
1893 4532 2016 4574 pag.
2035 4520 2138 4566 476.

820 4594 1013 4651 Ignatii
1045 4593 1114 4639 ad
1147 4593 1412 4638 Canisinm
1445 4592 1656 4636 litteras
1684 4590 1888 4635 21N0v.
1913 4592 2015 4634 1552
2035 4594 2188 4635 datas
2221 4594 2607 4639 comitabantur
2629 4596 2766 4639 aliae
2803 4594 2897 4648 ipsi
2935 4593 3150 4638 Canisio
3181 4605 3216 4638 a

740 4668 967 4713 Polanco
998 4677 1065 4711 ea·
1096 4664 1437 4717 com.,datae,
1462 4665 1515 4707 in
1548 4664 1729 4717 qulbus
1762 4664 1892 4707 haec
1929 4664 2066 4707 inter
2098 4664 2206 4707 alia
2236 4666 2498 4718 leguntur:
2521 4667 2779 4711 “Avisaro
2803 4667 2854 4710 la
2877 4663 2938 4710 R.
2961 4665 3028 4711 V.
3053 4667 3102 4709 di
3135 4676 3204 4709 un

738 4745 900 4794 punto
930 4740 1027 4783 che
1046 4748 1149 4793 qua
1170 4738 1217 4781 ci
1237 4740 1265 4781 e
1285 4746 1511 4787 occorso,
1534 4736 1567 4778 il
1588 4736 1709 4789 qual
1728 4736 1950 4778 sarebbe
1977 4735 2029 4779 la
2061 4736 2152 4779 vla
2173 4734 2227 4777 d’
2247 4743 2447 4781 ottener
2483 4739 2637 4795 quelli
2671 4738 2974 4781 monasterii
3009 4748 3105 4793 per
3129 4737 3206 4792 gli
