3742 5392
697 430 805 489 280
1620 440 1875 499 Cimon.
1918 442 2070 501 Soc.
2111 444 2251 516 Jsss.

698 594 789 639 an
820 576 1156 643 Societati
1187 584 1631 665 conveniret,
1666 595 1735 649 et
1781 586 2118 653 Societati
2147 607 2223 653 se
2263 593 2444 655 velle
2488 608 2650 655 eam
2687 610 2920 657 emere
2950 595 3162 673 signi·

700 681 978 747 ficabat.
1012 684 1237 751 Dnus.
1278 690 1494 753 etiam
1533 692 1946 774 Gropperus
1983 696 2053 758 in
2087 698 2344 777 oppido
2375 699 2683 777 quodam
2713 717 2966 763 novem
3007 718 3164 780 ger·

699 790 979 855 manica
1021 793 1349 859 milliaria
1399 798 1706 862 distante
1756 802 1844 863 ab
1901 803 2071 865 urbe
2121 802 2447 884 Colonia,
2493 807 2726 869 locum
2777 810 3154 887 quemdam

698 900 1009 977 amplum
1038 904 1301 966 nostris
1331 904 1503 968 dare
1534 907 1847 987 volebat;
1884 909 2009 973 sed
2035 910 2234 990 prius
2265 910 2602 975 Coloniae
2629 914 2928 978 stabiliri
2952 933 3158 995 opor-

698 1004 888 1067 tebat
918 1004 1376 1089 Societatem,
1421 1012 1493 1074 in
1543 1030 1683 1093 qua
1734 1023 1883 1078 toto
1926 1015 2062 1079 hoc
2111 1028 2426 1098 tempore
2479 1020 2987 1084 conductitiam
3040 1022 3159 1085 do-

698 1128 919 1191 mum,
956 1116 1162 1194 quasi
1190 1117 1535 1198 hospiteS‚
1571 1121 1794 1185 nostri
1826 1122 2274 1205 habitabant;
2306 1136 2376 1189 et
2419 1136 2656 1190 tamen
2693 1128 2782 1191 de
2825 1130 3058 1192 multis
3089 1130 3162 1193 in

700 1217 853 1281 dies
880 1220 1317 1287 benemereri
1345 1227 1761 1305 pergebant.

1304 1763 1434 1827 DE
1476 1762 1871 1831 COLLEGI
1883 1764 1943 1829 O
1989 1765 2561 1832 LOVANIENSI

818 2194 959 2259 605.
1048 2194 1377 2258 Nondum
1406 2192 1711 2256 facultas
1741 2194 2029 2257 obtenta
2052 2194 2286 2258 fuerat
2309 2196 2687 2275 collegium
2711 2196 3010 2259 Lovanii
3043 2208 3165 2259 aut

701 2303 839 2365 alio
883 2303 956 2365 in
1004 2303 1161 2365 loco
1210 2300 1568 2365 Inferioris
1621 2299 2051 2365 Germaniae
2099 2302 2553 2379 instituendi,
2605 2304 2934 2382 quamvis
2990 2303 3165 2366 satis

699 2412 920 2473 multa
950 2410 1040 2473 ad
1083 2426 1243 2473 eam
1282 2408 1694 2472 facultatem
1737 2409 2192 2472 obtinendam
2232 2420 2504 2473 tentata
2544 2410 2827 2473 fuerint.
2867 2410 3052 2473 Nam
3092 2411 3166 2475 in

699 2517 945 2597 primis
984 2516 1208 2580 DnuS.
1258 2535 1299 2578 a
1342 2516 1699 2595 Pictavia,
1748 2516 2236 2581 Cancellarius
2287 2518 2724 2597 LeodiensiS,
2772 2518 2888 2581 cui
2929 2518 3166 2581 Ferdi·

696 2623 1010 2703 naudus,
1042 2622 1529 2686 Romanorum
1556 2622 1713 2685 Rex
1733 2672 1747 2701 ,
1779 2623 1918 2686 hoc
1957 2624 2321 2703 negotium
2351 2625 3003 2704 commendaverat,
3037 2626 3164 2689 Re-

695 2734 945 2812 ginam
974 2729 1277 2794 Mariam
1307 2730 1591 2792 nomine
1622 2730 1791 2793 dicti
1826 2729 2048 2809 Regis
2099 2732 2500 2811 alloquutus
2551 2730 2782 2795 fuerat
2825 2733 2911 2795 de
2940 2734 3165 2797 Lova-

702 2838 930 2902 niensi
961 2836 1278 2917 Collegio
1308 2836 1681 2917 erigendo;
1716 2837 1840 2901 sed
1873 2855 2033 2901 cum
2074 2838 2347 2901 videret
2376 2855 2534 2901 eam
2565 2856 2738 2919 prae
2767 2856 2844 2903 se
2867 2840 3050 2903 ferre
3081 2816 3184 2903 si?

702 2946 863 3023 gnis
904 2944 1323 3024 quibusdam
1366 2944 1553 3023 quod
1590 2945 1677 3007 de
1720 2944 1929 3007 rebus
1979 2956 2268 3007 nostrae
2305 2942 2686 3009 Societatis
2733 2924 3166 3010 informatio-

700 3070 864 3116 nem
894 3054 1155 3115 malam
1184 3051 1510 3129 haberet,
1538 3048 1889 3129 judicavit
1919 3050 2142 3115 Dnus.
2179 3070 2220 3114 a
2249 3051 2568 3115 Pictavia
2599 3070 2748 3117 rem
2780 3053 2966 3117 hanc
2995 3055 3154 3116 ulte·

702 3160 851 3222 rius
880 3158 1273 3237 urgendam
1303 3175 1446 3220 non
1478 3175 1635 3221 esse
1670 3158 1709 3220 ¹.

822 3266 961 3329 606.
1052 3264 1516 3345 Significabat
1546 3277 1781 3329 autem
1822 3266 2006 3329 idem
2038 3284 2390 3346 quaenam
2423 3268 2544 3329 illa
2573 3280 2842 3345 essent,
2878 3286 3060 3347 quae
3093 3269 3162 3331 in

701 3375 1055 3438 Societate
1086 3372 1537 3453 displicerent
1565 3374 1637 3435 in
1666 3372 1886 3451 Aula;
1922 3374 2221 3436 alterum
2251 3384 2437 3452 erat,
2480 3375 2668 3453 quod
2707 3392 3012 3453 magnae
3043 3393 3162 3439 ex-

704 3480 1123 3561 pectationis
1150 3480 1437 3559 ingenia
1466 3480 1799 3560 virosque
1828 3478 2150 3543 Inferiori
2180 3478 2606 3543 Germaniae
2645 3482 2852 3544 utiles
2887 3480 3166 3545 futuros

684 3589 795 3651 ad
824 3598 1157 3651 externas
1188 3587 1509 3650 nationes
1541 3587 1927 3664 mitterent;
1955 3589 2258 3649 alterum
2287 3597 2441 3650 erat
2472 3587 2687 3667 quod,
2743 3590 3168 3652 inconsultis

708 3704 777 3757 et
805 3694 1047 3757 invitis
1094 3694 1535 3774 parentibus,
1588 3694 1659 3756 in
1707 3692 2135 3757 Societatem
2188 3692 2639 3757 admitterent
2681 3694 2862 3757 filios
2905 3705 2973 3759 et
3027 3696 3168 3759 alio

710 3802 1290 3864 transmitterent.
1340 3798 1517 3863 Cum
1548 3799 1625 3862 P.
1660 3799 2024 3864 Adrianus
2073 3788 2252 3863 haec
2293 3800 2786 3879 intellexisset,
2819 3801 3168 3879 signifiea-

714 3909 814 3971 vit
842 3907 1071 3970 eidem
1101 3906 1188 3969 D.
1233 3906 1594 3970 Pictaviae
1643 3923 1769 3987 per
1818 3908 2122 3985 litteraS,
2157 3907 2231 3970 P.
2289 3906 2644 3987 ignatium
2687 3909 2779 3971 ad
2817 3909 2974 3971 illas
3014 3926 3168 3987 pro·

792 4116 807 4147 ¹
869 4113 1008 4165 Quae
1035 4114 1085 4157 in
1099 4112 1433 4166 Imperatoris
1454 4120 1504 4155 et
1530 4112 1758 4166 Reginae
1789 4111 1986 4156 Mariae
2009 4114 2131 4157 aula
2153 4111 2401 4155 Societati
2424 4113 2816 4166 objiciebantur,
2835 4122 3050 4157 enarrat
3079 4114 3174 4157 Po·

714 4188 890 4227 laneus
910 4194 1047 4227 num.
1069 4182 1303 4236 sequenti
1332 4182 1429 4225 ⁶06.
1464 4182 1564 4225 Sed
1594 4189 1777 4225 notatu
1808 4182 2168 4237 dignissimum
2189 4189 2266 4225 est
2298 4184 2430 4236 quod
2459 4184 2520 4225 de
2553 4184 2614 4227 iis
2634 4184 2866 4228 scribens
2896 4186 3002 4239 ipse
3025 4184 3174 4228 Patri

714 4256 945 4299 Adriano
970 4256 1348 4299 Adriacnssens
1370 4256 1469 4297 ait:
1493 4254 1873 4298 “Intelleximus
1893 4254 2026 4308 quod
2049 4254 2234 4297 scribis
2250 4254 2312 4298 de
2331 4256 2549 4299 Domino
2571 4256 2897 4301 cancellario
2935 4256 3176 4301 pictavia

697 4335 765 4371 -et
787 4328 848 4371 de
872 4326 1101 4381 Reginae
1122 4328 1504 4370 existimatione
1526 4337 1688 4369 ronta
1704 4337 1836 4369 anns
1858 4337 1925 4369 ex
1951 4336 2120 4369 causis
2142 4338 2296 4380 quam
2317 4337 2444 4381 prae
2465 4338 2519 4371 se
2543 4328 2680 4371 serat
2703 4336 2997 4383 concepta...
3015 4328 3070 4373 23
3087 4328 3172 4383 Ja-

712 4400 882 4444 nunni
905 4400 1070 4443 155a.-
1085 4398 1195 4442 Has
1216 4398 1358 4442 alias
1380 4408 1594 4448 causas,
1625 4409 1753 4452 quas
1773 4398 2050 4442 subolfacit
2071 4398 2155 4441 hic
2187 4398 2459 4450 Polaticus,
2493 4400 2754 4453 intelliges
2788 4402 2982 4454 partim
3003 4412 3067 4443 ex
3095 4412 3174 4443 se·

714 4473 1002 4526 quentlbus.
1038 4472 1229 4525 partim
1251 4483 1315 4514 ex
1336 4481 1487 4525 opere
1510 4470 1566 4513 P.
1588 4469 1649 4513 L.
1674 4469 1956 4523 Danaen,
1990 4470 2454 4514 L'e‘tablissement
2490 4471 2556 4515 de
2586 4471 2639 4514 la
2667 4472 2986 4528 Compagm'e
3007 4473 3072 4516 de
3088 4472 3178 4527 Je-

714 4554 808 4585 sus
828 4544 966 4587 dans
986 4544 1066 4587 les
1086 4542 1388 4599 Pays-Bas,
1415 4543 1501 4586 ubi
1532 4543 1661 4585 haec
1682 4543 1747 4586 ad
1769 4554 1901 4586 rem:
1923 4542 2063 4585 “Des
2082 4543 2324 4597 prejuges
2354 4544 2623 4587 enracincs
2639 4577 2650 4596 ,
2683 4556 2778 4587 une
2814 4544 3043 4588 defianee
3077 4556 3178 4598 peu

704 4617 938 4663 ‘eclairee
959 4622 1011 4659 et
1032 4618 1185 4660 basee
1208 4627 1296 4659 sur
1316 4615 1378 4657 de
1400 4615 1521 4658 faux
1550 4620 1811 4667 tappet-te,
1840 4614 2068 4657 d'autres
2097 4615 2300 4659 raisons
2327 4627 2512 4660 encore
2545 4628 2642 4670 que
2679 4618 2730 4660 la
2749 4617 2882 4661 snite
2905 4618 2966 4661 de
2989 4628 3047 4660 ce
3071 4624 3108 4661 ti
3123 4628 3176 4660 a·

712 4694 821 4735 rail
846 4692 1131 4745 indiquera,
1154 4689 1481 4733 aneantirent
1504 4698 1633 4741 pour
1654 4688 1699 4729 le
1722 4694 1948 4730 moment
1971 4693 2140 4731 tontes
2160 4690 2236 4730 les
2255 4692 2560 4743 esperances
2582 4722 2604 4743 „
2624 4700 2744 4743 pag.
2770 4688 2832 4733 10.
