3742 5392
728 462 842 523 284
1654 462 1903 520 Canon.
1945 461 2096 520 Soc‚
2137 462 2279 535 Jas.

738 608 923 671 rium
965 606 1010 686 ¹,
1038 624 1245 688 quem
1288 607 1641 671 Bruxellis
1676 610 2078 690 alloquutus
2110 618 2218 672 est
2247 608 2324 672 P.
2361 607 2726 673 Adrianus
2748 608 2836 671 de
2859 607 3202 687 Collegio‚

735 715 927 795 quod
972 714 1277 777 Lovanii
1306 715 1483 795 erigi
1516 715 1831 794 optabat;
1870 722 2122 795 postea
2150 714 2474 779 eumdem
2515 714 2816 778 Lovanii
2845 714 3202 793 convenit,

738 822 828 884 ab
862 822 1161 901 ipsomet
1212 819 1289 884 P.
1334 819 1544 885 Petro
1576 819 1747 884 Soto
1776 820 1868 883 ad
1905 820 2284 902 prandium
2313 822 2676 885 invitatus
2711 821 3102 883 Excusavit
3131 837 3209 883 se

751 928 939 1010 quod
968 927 1321 991 Bruxellis
1345 944 1640 991 causam
1663 936 1981 991 nostram
2004 945 2146 991 non
2171 937 2438 1007 egerat,
2460 927 2646 1008 quod
2663 926 2810 1008 jam
2835 928 3206 991 valedixis-

738 1043 847 1097 set
889 1034 1341 1115 Imperatori;
1389 1034 1514 1097 sed
1550 1035 1624 1098 in
1668 1034 1898 1097 reditu
1937 1034 2204 1115 recepit
2241 1052 2318 1099 se
2356 1035 2426 1097 id
2470 1033 2828 1098 facturum
2857 1051 3036 1112 esse,
3069 1052 3210 1097 non

738 1152 1081 1223 tanquam
1106 1142 1193 1204 ob
1216 1130 1904 1205 commendationem
1931 1142 2153 1221 ipsius
2173 1141 2250 1204 P.
2273 1142 2598 1221 Adriani,
2617 1141 2741 1205 sed
2763 1152 3100 1222 tanquam
3122 1141 3211 1204 ob

738 1248 1429 1311 commendationem
1458 1247 1546 1311 D.
1590 1246 1863 1311 Ruardi
1904 1256 1948 1325 ¹,
1992 1248 2398 1311 cancellarii
2445 1258 2515 1311 et
2557 1247 2810 1311 decani
2853 1248 3211 1311 lovanien-

744 1355 866 1433 siS‚
901 1365 969 1417 et
1000 1354 1323 1433 aliorum,
1359 1355 1479 1436 qui
1509 1372 1671 1417 cum
1701 1372 1785 1417 eo
1815 1355 2086 1435 loquuti
2115 1354 2418 1434 fuerant,
2451 1366 2521 1417 et
2551 1371 2984 1435 magnopere
3015 1355 3208 1417 insti-

743 1462 1085 1525 tutionem
1112 1459 1321 1541 hujus
1351 1461 1631 1540 collegii
1661 1461 2034 1542 optabant;
2067 1472 2138 1524 et
2167 1461 2407 1526 dolere
2438 1480 2514 1525 se
2542 1463 2772 1525 bonus
2802 1458 2880 1525 P‘.
2912 1460 3082 1525 Soto
3121 1463 3207 1523 si-

738 1568 1149 1649 gnificabat,
1195 1569 1384 1650 quod
1414 1568 1594 1631 haec
1634 1568 1922 1648 collegii
1951 1570 2286 1632 tractatio
2317 1586 2724 1633 successum
2755 1578 3047 1631 eatenus
3075 1586 3218 1630 non

744 1676 1127 1752 habuisset3
1166 1674 1390 1755 “quid,
1425 1675 1671 1755 inquit,
1706 1676 1970 1739 siccine
2009 1675 2404 1755 Imperator
2432 1693 2575 1739 non
2610 1675 2932 1740 admittet
2973 1692 3218 1755 opera·

744 1783 913 1861 rioS‚
949 1799 1127 1864 quos
1157 1782 1452 1861 ipsemet
1482 1782 1767 1845 deberet
1801 1781 2242 1845 conducere?
2279 1780 2338 1859 ³„
2374 1781 2460 1845 Et
2490 1799 2652 1846 cum
2693 1782 3101 1846 memoriale
3131 1781 3220 1843 ad

746 1888 884 1951 hoc
914 1888 1279 1969 negotium
1308 1888 1764 1951 tractandum
1793 1897 2088 1968 peteret,
2112 1888 2306 1952 dedit
2333 1888 2399 1951 ei
2430 1889 2505 1952 P.
2531 1886 2900 1951 Adrianus
2919 1887 3222 1951 formam

751 1994 1292 2075 supplicationis
1322 1995 1620 2059 similem
1651 1995 1740 2072 ei,
1777 2012 1991 2076 quam
2023 1994 2172 2059 suis
2202 1996 2456 2059 litteris
2489 1995 2874 2059 incluserat
2905 1994 3058 2059 Rex
3091 1994 3219 2057 Ro-

752 2119 1152 2165 manorum.

876 2209 1019 2271 611.
1108 2207 1536 2289 Alloquutus
1566 2220 1672 2272 est
1701 2224 1878 2287 ergo
1903 2208 2412 2288 Imperatorem
2434 2208 2510 2271 P.
2537 2206 2769 2287 SotuS‚
2804 2208 3226 2288 exponendo

758 2316 1117 2396 quomodo
1167 2314 1651 2379 Cancellarius
1702 2314 2178 2379 Lovaniensis
2225 2325 2294 2378 et
2341 2316 2462 2378 alii
2503 2326 2941 2395 rogaverant
2984 2326 3058 2377 ut
3109 2332 3226 2377 no-

750 2432 943 2486 stros
982 2440 1153 2485 suae
1184 2420 1536 2502 Majestati
1576 2422 2126 2499 commendaret,
2154 2432 2224 2485 et
2265 2431 2536 2503 peteret
2577 2422 2897 2503 erigendi
2927 2421 3229 2501 Collegii

754 2530 1227 2593 Lovaniensis
1288 2528 1720 2593 facultatem.
1770 2528 2162 2610 Imperator
2203 2538 2440 2593 autem
2477 2530 2780 2609 benigne
2821 2547 3004 2609 quae
3047 2529 3228 2592 dice-

752 2638 1012 2701 bantur
1042 2636 1377 2717 suscepit,
1411 2646 1481 2701 et
1511 2637 1739 2700 eidem
1778 2637 1853 2700 P.
1890 2633 2099 2699 Petro
2143 2636 2446 2717 injunxit
2488 2645 2565 2699 ut
2601 2636 2782 2699 haec
2814 2636 3063 2700 eadem
3103 2634 3228 2699 Re-

842 2986 859 3018 ¹
918 2984 1037 3029 Fuit
1058 2984 1366 3041 Imperatori
1388 2984 1576 3029 Carolo
1602 2984 1647 3026 V
1668 2996 1701 3029 a
1719 2984 2126 3029 confessionibus
2154 2996 2314 3039 usque
2333 2984 2401 3028 ad
2432 2995 2621 3029 annum
2644 2985 2762 3037 15⁴7.
2785 2996 2901 3039 quo,
2921 2986 3010 3030 illo
3045 2998 3070 3030 e
3103 2986 3230 3030 Ger-

764 3058 937 3099 mania
977 3058 1029 3101 in
1064 3056 1359 3100 Flandriam
1391 3056 1689 3105 recedente.
1709 3056 1898 3099 mansit
1932 3056 2040 3110 ipse
2076 3056 2130 3099 in
2169 3055 2453 3101 Germania
2486 3062 2543 3100 ut
2580 3056 2822 3101 Ottonem
2863 3057 3145 3103 Trntchses
3185 3062 3236 3103 in

761 3129 1099 3172 instauranda
1120 3128 1407 3183 Dilingensi
1430 3128 1789 3172 Universitate
1806 3128 2038 3181 iuvaret.
2057 3126 2394 3170 Nannenus
2409 3160 2419 3179 .
2437 3127 2672 3171 Varones
2693 3128 2918 3172 ilustres
2937 3130 3002 3172 de
3021 3130 3076 3172 la
3093 3130 3236 3173 Com·

758 3199 931 3253 pavita
952 3200 1019 3243 de
1034 3198 1215 3255 Jesus.
1236 3198 1374 3243 vida
1402 3200 1485 3243 del
1518 3199 1573 3242 P.
1598 3199 1789 3243 Martia
1824 3197 1989 3241 Olave
2005 3230 2016 3249 .
2038 3198 2118 3241 ed.
2153 3199 2400 3252 antiquae
2437 3204 2473 3242 t.
2505 3209 2560 3243 xv
2575 3231 2586 3253 ‚
2608 3210 2729 3253 pag.
2747 3200 2854 3251 684,
2875 3204 3102 3245 recentis
3123 3209 3161 3245 t.
3182 3212 3235 3253 v,

763 3282 881 3326 pag.
898 3270 1081 3315 13.—Ei
1106 3278 1281 3315 autem
1301 3272 1351 3315 in
1372 3272 1537 3315 officio
1559 3271 1861 3315 confessarii
1892 3270 2141 3314 successit
2174 3270 2311 3313 alius
2334 3270 2562 3324 ejusdem
2597 3272 2917 3325 cognominis
2938 3278 2990 3317 et
3024 3274 3234 3325 ordinis,

765 3342 851 3387 Fr.
875 3342 1169 3386 Dominicus
1189 3343 1251 3386 de
1274 3342 1414 3395 Soto,
1437 3344 1520 3397 qui
1544 3343 1817 3395 theologus
1837 3349 1890 3384 et
1921 3341 2257 3385 concionator
2278 3342 2414 3395 apud
2445 3342 2612 3397 ipsum
2643 3340 3017 3397 Imperatorem
3039 3345 3234 3388 suerat.

768 3413 970 3458 —“Soto
991 3412 1097 3465 (Fr.
1120 3413 1375 3468 Domingo
1397 3414 1492 3465 de)
1512 3415 1697 3458 nacido
1718 3425 1782 3457 en
1802 3413 2032 3467 Segovia
2047 3445 2058 3467 ,
2081 3414 2195 3457 hizo
2217 3426 2305 3457 sus
2335 3414 2588 3468 primeros
2620 3415 2851 3459 estudios
2881 3427 2942 3459 en
2965 3416 3156 3461 Alcnla
3175 3417 3236 3458 de

768 3486 1029 3540 Hennes,
1051 3486 1215 3529 donde
1246 3488 1371 3529 tuvo
1404 3497 1499 3541 por
1519 3494 1748 3530 maestro
1779 3490 1812 3530 a
1844 3486 2008 3530 Santo
2038 3485 2228 3529 Tomas
2251 3486 2312 3529 de
2337 3484 2678 3539 Villanueva;
2701 3498 2735 3543 y
2757 3486 3015 3530 habiendo
3043 3488 3237 3541 pasado

765 3560 916 3613 luego
945 3562 978 3602 a
997 3558 1146 3602 Paris
1167 3561 1198 3600 a
1228 3558 1581 3602 continuarlos
1595 3590 1605 3605 .
1622 3562 1836 3617 regreso
1857 3558 2077 3612 despues
2097 3560 2129 3601 a
2151 3557 2354 3610 Amaia,
2372 3568 2436 3601 en
2465 3568 2600 3611 cuya
2621 3558 2957 3602 universidad
2989 3559 3071 3602 fue
3095 3569 3236 3603 cate-

764 3630 982 3679 drAtico.
1002 3642 1037 3685 y
1058 3630 1282 3685 colegial
1312 3641 1492 3684 mayor
1515 3630 1577 3673 de
1608 3628 1713 3673 San
1744 3628 2017 3674 Ildefonso.
2039 3628 2090 3672 A
2110 3630 2164 3673 la
2184 3628 2316 3672 edaci
2347 3628 2408 3671 tie
2446 3630 2641 3673 treinta
2671 3632 2798 3673 anos
2819 3634 2956 3675 tomo
2977 3632 3025 3674 el
3061 3632 3238 3675 habito

763 3704 829 3745 de
851 3704 904 3746 la
924 3700 1095 3745 Orden
1114 3702 1176 3743 de
1198 3701 1573 3745 Predicatiores
1592 3713 1653 3745 en
1676 3700 1781 3745 San
1802 3700 1964 3746 Pablo
1985 3700 2046 3743 tie
2069 3699 2272 3753 Burgos
2290 3732 2300 3751 ‚
2317 3713 2352 3757 y
2372 3702 2464 3745 alli
2489 3704 2678 3745 enseno
2701 3701 2922 3745 filosofia
2951 3715 2986 3758 y
3009 3703 3238 3758 teologia

770 3776 924 3818 hasta
959 3785 1055 3828 que
1090 3777 1226 3827 gano
1260 3775 1311 3817 la
1342 3774 1559 3819 catedra
1581 3773 1642 3816 de
1664 3776 1907 3826 visperas
1939 3772 2002 3815 de
2037 3774 2088 3815 la
2109 3771 2445 3815 universidad
2467 3771 2529 3815 de
2563 3770 2892 3817 Salamanca.
2917 3772 3102 3817 Carlos
3122 3774 3170 3816 V
3193 3777 3239 3817 le

768 3846 923 3887 envio
950 3856 1043 3899 por
1064 3856 1122 3887 su
1146 3845 1351 3900 teologo
1371 3856 1434 3887 en
1464 3846 1517 3887 la
1538 3845 1764 3898 primera
1786 3844 2044 3887 indiccion
2066 3842 2148 3886 del
2171 3843 2404 3895 concilio.
2426 3856 2461 3899 y
2482 3843 2700 3897 despues
2721 3845 2783 3887 de
2803 3855 2865 3887 su
2884 3845 3114 3898 primeca
3135 3858 3240 3889 sus-

770 3916 983 3970 pension
1004 3918 1050 3959 le
1071 3918 1227 3960 namo
1249 3920 1282 3960 a
1302 3917 1579 3960 Alemania
1608 3915 1914 3959 haciendole
1935 3925 1994 3958 su
2016 3914 2254 3959 confesor
2267 3927 2278 3969 ;
2299 3924 2422 3969 pero
2444 3916 2688 3959 renuncio
2720 3916 2871 3968 lueto
2893 3920 2925 3961 a
2947 3924 3058 3960 este
3081 3928 3241 3971 cargo

768 3999 903 4043 para
934 3989 1185 4031 retii-arse
1208 3991 1239 4031 a
1262 3987 1574 4033 salamanca
1594 4020 1604 4039 ,
1628 3999 1765 4043 cuya
1788 3986 2126 4031 universitiad
2148 3987 2194 4030 le
2215 3986 2298 4030 dio
2321 3988 2372 4029 la
2393 3988 2609 4030 catedra
2631 3988 2693 4029 de
2723 3988 2890 4041 prima
2911 3988 2974 4031 de
2995 3992 3245 4043 teologia.

770 4073 805 4116 y
826 4072 957 4116 cuyo
989 4066 1243 4105 convento
1264 4060 1327 4103 de
1360 4059 1465 4104 San
1486 4060 1718 4103 Esteban
1755 4060 1803 4102 le
1834 4060 2048 4103 nembro
2069 4058 2230 4113 prior,
2251 4069 2314 4101 en
2336 4070 2468 4115 enyo
2499 4069 2659 4113 cargo
2681 4060 2726 4101 le
2762 4061 2933 4103 asalto
2965 4062 3020 4103 la
3043 4069 3241 4105 muerte

770 4145 835 4177 en
856 4133 908 4176 15
927 4132 987 4176 cle
1010 4132 1321 4176 Noviembre
1338 4132 1399 4175 de
1422 4130 1569 4183 1560...
1600 4130 1755 4174 Satxz
1779 4142 1843 4174 ns
1864 4130 2136 4181 Bana-na.
2160 4132 2190 4174 1.
2210 4141 2272 4182 c..
2293 4141 2413 4185 pag.
2432 4130 2503 4175 68.

853 4205 875 4235 Ξ
930 4204 1169 4247 Ruardus
1189 4203 1413 4257 Tapper,
1436 4204 1497 4246 dc
1517 4214 1615 4257 quo
1640 4203 1849 4257 saepius
1865 4202 1974 4257 jam
2005 4203 2198 4245 mentio
2219 4202 2361 4245 sacta
2382 4209 2463 4245 est
2483 4208 2534 4245 et
2555 4200 2660 4245 fiet.

854 4276 875 4305 ³
930 4275 1099 4327 “Quod
1122 4276 1313 4319 attinet
1339 4276 1407 4319 ad
1434 4275 1697 4329 negotium
1729 4274 1948 4329 Collegii
1969 4273 2313 4317 Lovaniensis
2330 4307 2340 4325 ,
2363 4274 2585 4317 tractari
2617 4276 2932 4318 commodius
2953 4282 3045 4319 aut
3076 4274 3241 4317 effica-

772 4348 883 4390 cius
903 4358 996 4402 per
1016 4347 1176 4392 alium
1196 4358 1295 4390 non
1314 4354 1522 4401 poterat
1544 4357 1695 4400 quam
1718 4359 1811 4401 per
1834 4345 2016 4389 Rdum.
2037 4345 2245 4389 Patrem
2266 4344 2326 4389 F.
2351 4345 2562 4389 Petrum
2583 4346 2644 4389 de
2669 4345 2810 4395 Soio.
2834 4347 2954 4399 quia
2974 4346 3066 4389 vix
3086 4347 3244 4389 alium

774 4421 1035 4473 novimus,
1058 4420 1141 4473 qui
1168 4424 1273 4462 tam
1304 4420 1441 4463 serio
1463 4417 1655 4463 Christi
1680 4426 1890 4473 negotia
1912 4426 1964 4461 et
1986 4418 2305 4461 christianae
2340 4416 2658 4470 reipublicae
2679 4424 2732 4459 et
2767 4424 2916 4461 tanta
2939 4428 3054 4460 cum
3075 4426 3248 4462 aucto,

776 4492 936 4535 ritate
966 4492 1103 4545 apud
1128 4490 1442 4535 Caesaream
1464 4489 1792 4545 Maiestatem
1826 4501 1988 4545 agere
2023 4493 2222 4543 posset;
2244 4488 2377 4531 unde
2412 4494 2462 4531 et
2494 4489 2690 4532 exitum
2721 4490 2972 4543 optimum
3005 4496 3247 4545 expecta-

776 4576 904 4609 mus.
938 4563 1127 4607 Scribit
1150 4563 1215 4607 ad
1238 4574 1353 4605 eum
1374 4560 1534 4605 Pater
1556 4560 1751 4605 Doctor
1772 4561 2024 4615 Olaveus,
2047 4561 2134 4615 qui
2155 4570 2345 4613 magna
2367 4558 2728 4603 familiaritate
2750 4568 2800 4603 et
2824 4560 3060 4603 amicitia
3081 4560 3244 4603 eidem

776 4637 1081 4691 conjunctus
1104 4642 1199 4677 est.
1220 4633 1283 4676 V.
1308 4632 1369 4676 R.
1390 4634 1597 4677 curabit
1618 4640 1673 4677 ut
1696 4632 1795 4677 hae
1816 4633 2028 4678 litterae
2051 4630 2273 4675 fideliter
2297 4630 2342 4675 ei
2365 4631 2694 4684 reddantur...
2716 4630 2988 4683 Polancus,
3011 4642 3076 4675 ex
3097 4642 3250 4679 com..

784 4708 933 4752 i‘atri
954 4707 1193 4751 Adriano
1216 4706 1610 4759 Adriaenssens,
1631 4704 1685 4748 27
1704 4702 1978 4748 Februarii
2005 4703 2124 4747 1554.
