3742 5392
732 457 843 516 616
1662 458 1920 521 Canon.
1963 458 2115 520 Soc.
2157 461 2296 535 Jsss.

738 612 1101 684 cuperent;
1131 603 1321 686 quod
1349 621 1513 669 cum
1540 605 1657 669 ille
1686 615 2079 685 recusaret,
2113 606 2498 670 effecerunt
2521 615 2757 671 tamen
2784 615 2858 670 ut
2881 604 3198 671 admitte·

736 720 846 774 ret
877 727 998 774 eos
1028 728 1188 774 cum
1220 712 1431 775 rebus
1470 712 1561 776 ad
1600 713 1871 777 victum
1917 714 2344 777 necessariis
2385 710 2834 794 usque[dum]
2875 714 2968 777 ad
3005 730 3195 777 mon·

739 827 883 881 tem
912 818 1288 898 quemdam
1322 816 1533 901 [eum]
1568 820 2022 885 deducerent.

863 922 1037 988 1308.
1126 924 1363 991 Causa
1392 938 1628 991 autem
1660 928 1867 1009 hujus
1901 928 2258 993 missionis
2297 928 2486 993 Petri
2529 928 2802 993 Correa
2839 927 2972 992 fuit
3010 927 3199 1009 quod

738 1031 1019 1114 hispani
1048 1032 1356 1115 quidam,
1400 1035 1521 1115 qui
1552 1034 1643 1099 ad
1681 1035 2048 1099 civitatem
2079 1034 2389 1115 Paragai
2439 1034 2458 1066 ¹
2505 1036 2929 1117 pergebant,
2973 1032 3196 1117 [cum]

737 1148 1159 1220 tempestate
1182 1139 1438 1221 jactati
1466 1142 1540 1205 in
1568 1142 1950 1207 Brasiliam
1973 1142 2436 1223 appulissent,
2464 1160 2607 1206 non
2629 1142 2956 1224 permissi
2987 1158 3028 1205 a
3057 1140 3198 1206 Gu-

740 1246 1121 1311 bernatore
1150 1258 1344 1312 terra
1378 1249 1511 1313 iter
1541 1249 1714 1313 illud
1735 1248 2110 1327 conficere,
2146 1266 2330 1330 aqua
2355 1249 2664 1330 idipsum
2691 1250 3032 1331 consequi
3052 1258 3196 1313 ten-

738 1361 1001 1433 tarunt,
1034 1365 1103 1417 et
1134 1355 1226 1420 ad
1248 1357 1597 1437 quosdam
1614 1357 1918 1437 populos
1940 1354 2270 1419 indorum
2293 1354 2496 1437 (quos
2524 1356 2890 1436 charigios
2911 1357 3198 1420 vocavi-

738 1460 917 1539 mus)
948 1478 1025 1524 se
1056 1461 1379 1526 conferre
1410 1462 1789 1543 cupiebant
1818 1473 1921 1541 ut,
1955 1480 2202 1527 eorum
2231 1462 2496 1527 auxilio
2525 1460 2770 1542 adiuti,
2802 1462 2966 1527 inde
3008 1472 3201 1527 terra

736 1568 869 1631 iter
913 1580 1282 1649 caperent;
1323 1578 1395 1633 et
1432 1569 1597 1650 quia
1635 1586 1797 1634 cum
1848 1568 2189 1633 uxoribus
2240 1568 2594 1633 nobilibus
2643 1580 2714 1633 et
2763 1569 3085 1633 delicatis
3126 1570 3202 1633 in

737 1691 999 1755 magna
1034 1676 1333 1757 penuria
1370 1677 1736 1741 constituti
1783 1687 2020 1756 erant,
2064 1694 2310 1741 eorum
2353 1676 2974 1741 commiseratione
3013 1694 3200 1741 com-

735 1792 971 1846 motus
999 1781 1075 1845 P.
1110 1783 1464 1863 Nobrega,
1506 1783 1597 1847 ad
1636 1800 1765 1847 eos
1806 1782 2093 1847 Petrum
2135 1782 2478 1849 Cori-eam
2515 1784 2705 1847 misit
2747 1794 2827 1847 ut
2865 1784 2972 1847 eis
3013 1793 3202 1848 esset

734 1889 1022 1953 auxilio:
1054 1890 1224 1986 quia
1250 1900 1486 1954 autem
1531 1890 1707 1955 haec
1746 1891 1989 1955 ultima
2039 1890 2165 1955 fuit
2206 1891 2450 1955 missio
2489 1889 2683 1955 Petri
2726 1889 3068 1969 Correae,
3112 1891 3200 1955 de

736 1997 875 2059 alia
926 1996 1181 2077 dicam,
1235 2014 1375 2078 qua
1424 1999 1561 2061 hoc
1610 1999 1765 2079 ipso
1817 2016 2006 2061 anno
2049 1996 2073 2029 ¹
2111 1997 2523 2079 perfunctus
2565 2005 2740 2061 erat.
2787 1996 2966 2063 Cum
3011 1998 3198 2062 enim

732 2103 811 2167 P.
860 2102 1193 2184 Nobrega
1240 2106 1642 2184 ingressum
1688 2104 1761 2168 in
1811 2106 1968 2169 loca
2020 2105 2542 2169 mediterranea
2587 2104 3068 2186 meditaretur,
3123 2114 3200 2169 ut

729 2228 1295 2291 praecursorem,
1327 2213 1516 2276 hunc
1544 2211 1839 2276 fratrem
1868 2212 1961 2275 ad
1991 2211 2551 2292 praedicandum
2581 2210 2717 2275 Dei
2745 2212 3044 2275 verbum
3071 2212 3200 2276 mi·

732 2318 845 2395 sit,
880 2315 1077 2397 cujtis
1108 2327 1428 2397 conatuS,
1460 2336 1623 2382 cum
1642 2318 1975 2384 daemoni
1998 2328 2238 2383 essent
2259 2317 2520 2394 infesti,
2556 2318 2724 2381 dum
2745 2318 2878 2381 iter
2900 2316 3193 2398 faceret,

732 2425 873 2488 duo
923 2440 1187 2505 magna
1238 2426 1451 2505 ligna,
1507 2424 1654 2490 fere
1705 2424 2187 2506 quadraginta
2228 2427 2504 2507 palmos
2555 2424 2864 2505 oblonga
2903 2433 2984 2493 ‚et
3021 2425 3198 2489 satis

730 2548 1000 2609 crassa,
1029 2548 1242 2613 super
1266 2542 1481 2613 caput
1505 2531 1679 2613 ejuS,
1707 2530 1863 2595 Deo
1886 2533 2358 2613 permittente,
2386 2532 2772 2596 declinavit
2801 2530 2848 2611 ³,
2884 2532 2982 2595 ita
3004 2541 3081 2596 ut
3109 2533 3197 2596 ab

733 2638 1061 2704 omnibus
1091 2637 1162 2702 id
1200 2640 1683 2721 spectantibus
1726 2648 2026 2703 mortem
2067 2656 2417 2703 evasurus
2455 2656 2600 2703 non
2637 2639 3081 2729 crederetur,
3129 2648 3200 2703 et

730 2763 893 2810 cum
921 2762 1148 2826 grave
1179 2747 1440 2811 vulnus
1469 2746 1687 2827 capiti
1712 2746 1966 2810 fuisset
1995 2745 2362 2825 inflictum,
2395 2755 2464 2809 et
2487 2746 2784 2810 cranion
2815 2746 3200 2810 comminu-

726 2862 877 2917 tum
905 2870 1063 2917 esse
1092 2854 1415 2917 homines
1438 2852 1861 2933 judicarent,
1894 2868 2196 2934 cumque
2220 2854 2478 2916 vulnus
2508 2862 2922 2934 sequeretur
2943 2854 3196 2933 gravis

727 2962 1091 3025 oculorum
1120 2960 1361 3040 dolor,
1396 2961 1515 3041 qui
1544 2960 1823 3024 difficile
1853 2961 1993 3024 illis
2020 2961 2092 3024 in
2121 2960 2296 3023 locis
2326 2970 2699 3039 curantur,
2735 2960 3194 3025 nihilominus

731 3067 844 3131 die
872 3068 1194 3147 sequenti
1224 3082 1442 3131 sanus
1472 3066 1763 3131 omnino
1793 3066 1957 3147 fuit,
1991 3065 2294 3132 fratrum
2339 3066 2778 3131 orationibus
2808 3084 2937 3147 pro
2979 3067 3194 3130 medi-

736 3175 899 3237 cina
926 3190 1123 3237 usus.

850 3278 1027 3343 1309.
1116 3281 1294 3345 Cum
1324 3290 1562 3345 autem
1591 3281 2112 3363 quinquaginta
2134 3282 2252 3345 vel
2275 3280 2652 3361 sexaginta
2678 3282 2919 3345 leucas
2940 3279 3193 3345 Petrus

726 3386 995 3451 Correa
1039 3405 1166 3468 per
1211 3387 1733 3453 mediterranea
1776 3404 2204 3469 progressus
2247 3398 2456 3466 esset,
2505 3396 2846 3468 sequutus
2884 3397 2992 3451 est
3035 3406 3198 3452 eum

726 3494 801 3559 P.
832 3494 1165 3574 Nobrega
1188 3494 1533 3559 adhibens
1556 3512 1777 3561 unum
1798 3494 1886 3559 de
1910 3494 2291 3574 Societate,
2317 3504 2386 3559 et
2413 3504 2717 3576 quatuor
2741 3495 2858 3558 vel
2879 3495 3196 3577 quinque

805 3699 822 3734 ¹
882 3698 1015 3743 Vide
1038 3710 1213 3753 supra.
1236 3710 1285 3742 n.
1308 3698 1429 3753 1305,
1452 3706 1629 3744 annot.
1649 3700 1691 3743 2.

806 3769 829 3802 ²
883 3770 1117 3825 Utraque
1142 3770 1239 3813 hac
1263 3770 1503 3815 missione
1525 3770 1622 3815 hoc
1645 3782 1779 3815 anno
1802 3770 2014 3814 Petrum
2035 3769 2232 3814 Correo.
2247 3769 2576 3824 perfunctum
2596 3780 2724 3819 esse.
2744 3772 2887 3815 clare
2905 3771 3069 3825 liquet
3087 3776 3196 3815 tum

724 3854 790 3887 ex
811 3842 893 3887 his
916 3844 1091 3887 verbis
1112 3842 1341 3895 Polanci,
1364 3850 1473 3889 tum
1492 3855 1557 3886 ex
1580 3842 1890 3895 Ouanomt,
1908 3849 2016 3888 tum
2037 3842 2212 3897 etiam,
2233 3848 2291 3887 ut
2313 3843 2535 3896 videtur,
2570 3854 2634 3886 ex
2653 3843 2848 3887 litteris
2867 3843 3031 3897 ipsius
3053 3842 3206 3887 Petri

727 3914 925 3959 Cori-ea
950 3914 1091 3959 infra
1111 3914 1353 3959 citandis.
1374 3913 1743 3958 Emendandus
1763 3914 1926 3970 igitur
1947 3913 2001 3958 Ρ.
2023 3912 2424 3959 Vascoxctttos
2439 3947 2450 3965 ,
2473 3914 2577 3970 qui,
2600 3919 2678 3968 op.
2697 3914 2788 3958 cit.
2805 3946 2820 3967 ,
2836 3914 2928 3958 lib.
2949 3926 2968 3959 1
2986 3947 2998 3968 ,
3020 3924 3070 3958 n.
3101 3896 3197 3970 132,

730 3986 951 4041 primam
970 3985 1115 4030 Petri
1138 3987 1432 4030 missionem
1454 3986 1591 4030 inter
1611 3992 1831 4029 eventus
1851 3986 1975 4029 anni
1995 3984 2099 4029 1553
2117 3986 2337 4041 reponit.
2355 3986 2503 4030 Cous.
2523 3985 2830 4037 Ouramma,
2843 3986 2984 4029 Hist.
3008 3984 3126 4030 Soc.
3145 3986 3201 4042 J.

728 4057 787 4101 P.
814 4067 847 4110 1,
872 4055 963 4100 lib.
983 4068 1092 4102 xxv.
1116 4069 1163 4100 n.
1196 4058 1289 4101 129.

805 4129 829 4161 ⁸
885 4128 965 4172 En
986 4128 1147 4183 ipsius
1163 4129 1307 4175 Petri
1324 4131 1507 4182 verba,
1524 4129 1709 4184 quibus
1723 4129 1908 4173 horum
1928 4129 2185 4183 lignorum
2207 4128 2500 4173 crassitudo
2519 4128 2714 4174 clarius
2734 4130 3042 4184 explicatur:
3064 4132 3136 4174 ⁸⁶...
3162 4131 3198 4174 il

727 4202 881 4255 quale
906 4200 1033 4256 [ipse
1056 4212 1127 4245 sc.
1150 4201 1358 4255 Petrus]
1382 4199 1611 4245 teniamo
1633 4208 1791 4254 certo,
1812 4200 1911 4244 che
1932 4201 1968 4244 il
1989 4201 2225 4245 demonio
2246 4200 2290 4243 si
2310 4199 2478 4244 stoi-zo
2497 4199 2545 4244 di
2564 4210 2887 4246 ammszzare
2909 4212 3002 4256 per
3019 4202 3072 4245 la
3091 4202 3199 4255 vin,

731 4273 923 4327 perche
944 4284 1047 4318 una
1070 4276 1218 4318 volta
1238 4274 1312 4328 gli
1334 4274 1444 4318 fece
1466 4283 1653 4317 cascar
1674 4283 1831 4327 sopra
1852 4273 1890 4316 il
1911 4283 2041 4327 capo
2063 4273 2160 4316 due
2191 4273 2328 4327 legni
2351 4272 2402 4317 di
2431 4273 2716 4326 lunchezza
2738 4272 2790 4316 di
2809 4272 2864 4316 80
2891 4276 2921 4317 ὸ
2949 4272 3004 4316 40
3023 4274 3198 4328 palmi,

726 4350 779 4387 et
801 4345 864 4388 de
886 4346 940 4389 la
958 4355 1238 4399 grossezza
1258 4346 1409 4389 d'una
1432 4348 1607 4389 coscia
1626 4376 1637 4397 ,
1660 4345 1754 4388 che
1776 4346 1956 4400 quanti
1979 4345 2189 4389 l'hanno
2209 4344 2348 4389 visto
2372 4345 2406 4389 il
2428 4344 2730 4399 giudicomo
2751 4350 2936 4389 morto:
2952 4355 3036 4389 ma
3055 4354 3200 4389 come

728 4416 835 4471 egli
856 4417 1063 4461 andana
1085 4428 1178 4471 per
1198 4419 1251 4460 la
1273 4416 1569 4461 obedientia
1590 4448 1601 4473 ,
1622 4417 1819 4462 benche
1852 4418 1888 4461 li
1909 4418 2049 4472 legni
2070 4419 2106 4462 li
2127 4417 2299 4461 fecero
2321 4428 2424 4461 una
2443 4417 2646 4472 grande
2675 4416 2830 4461 rerita
2850 4450 2861 4471 ,
2882 4416 2977 4460 che
3009 4416 3056 4462 si
3076 4427 3198 4471 pen-

726 4500 859 4533 saua
880 4490 915 4533 li
938 4489 1076 4533 suase
1098 4496 1239 4533 rotta
1262 4490 1313 4533 la
1335 4495 1491 4540 tenta,
1510 4490 1543 4532 1¹
1567 4490 1706 4533 altro
1725 4490 1912 4544 giorno
1933 4494 2073 4534 resto
2097 4496 2245 4534 tanto
2265 4500 2408 4543 sano,
2430 4499 2574 4533 come
2605 4500 2660 4532 se
2681 4490 2853 4533 niente
2873 4488 3093 4533 hnueese
3112 4500 3201 4543 pa·

730 4560 829 4604 tito
850 4559 901 4603 di
923 4560 1099 4612 male„
1116 4558 1197 4603 Ex
1216 4560 1440 4615 epistola
1458 4559 1601 4604 Petri
1624 4559 1837 4615 Correa,
1857 4560 1886 4603 8
1904 4558 2040 4614 Junii
2064 4560 2170 4604 1554
2185 4559 2327 4614 data,
2345 4572 2478 4615 quae
2495 4560 2636 4605 edita
2653 4559 2749 4604 fuit
2765 4559 2816 4603 in
2830 4559 2965 4604 libro
2979 4560 3060 4604 cui
3081 4560 3204 4604 titu-

727 4634 811 4677 lus
832 4642 843 4675 :
868 4631 1095 4675 Diversi
1116 4632 1264 4675 avis!
1280 4632 1611 4687 particolari
1630 4632 1763 4676 «ΜΓ
1778 4632 1939 4678 India
1959 4634 2019 4677 di
2038 4632 2360 4687 Portogauo.
2375 4633 2608 4677 ricevmi
2626 4630 2756 4675 dall*
2772 4641 2916 4674 anno
2931 4630 3204 4687 1551,fin0

734 4704 815 4746 au
835 4702 987 4747 1558.
