3742 5392
712 472 821 529 57⁴
1625 468 1886 537 canon.
1927 468 2084 531 Soc.
2125 470 2267 545 Jss.

720 622 1016 694 vocant;
1044 631 1295 678 eorum
1322 614 1567 694 lingua
1596 614 1865 695 Neguz
1899 615 1918 648 ⁸
1949 616 2208 681 dicitur
2251 625 2320 681 et
2358 615 2630 697 Regem
2661 617 2780 680 vel
2809 616 3190 699 Imperato-

717 738 873 787 rem
898 722 1132 800 sonat)
1162 722 1472 802 negabat
1500 740 1578 787 se
1607 721 2102 787 Patriarcham
2131 722 2418 789 aliunde
2448 734 2948 805 suscepturum
2973 738 3190 805 quam

719 846 763 891 a
791 827 1056 893 Sancta
1086 826 1266 893 Sede
1295 828 1712 911 Apostolica
1740 828 2087 906 Romana;
2123 847 2302 913 quos
2329 832 2520 895 enim
2549 831 2642 895 ad
2671 830 2743 895 id
2772 846 2998 912 usque
3019 837 3188 895 tem-

715 952 853 1015 pus
880 945 1335 1018 acceperant,
1368 955 1412 1001 a
1439 935 1882 1002 Patriarchis
1909 938 2444 1019 AlexandriniS,
2477 936 2850 1005 Costorum
2880 936 3184 1001 haeresi·

716 1042 851 1105 bus
899 1042 1165 1122 infecti,
1197 1044 1680 1119 mittebantur;
1730 1052 1801 1109 et
1842 1046 1946 1108 ita
1994 1045 2147 1109 sine
2195 1043 2641 1124 Patriarcha,
2687 1044 3026 1127 quamdiu
3067 1042 3184 1107 ille

718 1149 925 1228 vixit,
956 1149 1031 1213 in
1060 1148 1445 1231 Aethiopia
1472 1150 1777 1231 fuerunt,
1808 1152 2084 1216 scilicet
2113 1152 2362 1217 decem
2389 1170 2656 1217 annos:
2689 1150 3036 1216 successit
3067 1166 3188 1213 au—

717 1264 865 1321 tem
902 1255 1003 1319 illi
1041 1256 1248 1337 filius,
1296 1258 1417 1339 qui
1455 1256 1661 1338 huJus
1704 1258 1920 1324 etiam
1957 1259 2354 1325 sententiae
2393 1258 2650 1323 haeres
2689 1258 2842 1338 fuit,
2877 1267 2945 1321 et
2975 1256 3190 1321 etiam

718 1362 872 1427 sine
911 1361 1334 1427 Patriarcha
1382 1365 1729 1430 tredecim
1764 1367 1882 1429 vel
1933 1366 2478 1446 quatuordecim
2521 1383 2750 1430 annos
2789 1364 2942 1443 suit,
3001 1364 3189 1446 quod

720 1487 854 1534 nec
883 1467 1112 1534 Roma
1140 1471 1561 1548 mitteretur,
1594 1489 1727 1536 nec
1758 1472 1847 1535 ab
1879 1472 2322 1537 Alexandria
2354 1490 2518 1537 eum
2547 1472 2920 1536 admittere
2951 1472 3188 1551 vellet;

723 1576 849 1639 sed
869 1592 1031 1640 cum
1046 1577 1350 1657 populus
1363 1577 1821 1642 vehementer
1844 1587 2400 1659 conquereretur
2422 1578 2612 1659 quod
2627 1595 3027 1660 perpaucos
3043 1576 3192 1659 jam

720 1682 1067 1747 haberent
1104 1684 1513 1748 sacerdotes
1555 1688 1745 1761 (nam
1788 1686 1880 1750 ab
1918 1684 2130 1749 unico
2176 1683 2602 1750 Patriarcha
2629 1685 3042 1749 sacerdotes
3068 1683 3192 1748 ibi-

724 1790 888 1854 dem
916 1791 1327 1854 consecrari
1356 1791 1545 1855 soliti
1568 1792 1820 1871 erant),
1853 1800 1925 1855 et
1946 1793 2290 1881 ecclesias
2312 1793 2657 1857 ministris
2680 1791 2988 1869 destitui,
3007 1790 3194 1855 unde

722 1896 1116 1961 timendum
1140 1904 1295 1960 erat
1326 1914 1417 1961 ne
1444 1898 1697 1978 religio
1719 1899 2112 1963 christiana
2141 1899 2495 1978 deficeret,
2531 1898 2880 1964 adductus
2902 1907 3012 1962 est
3037 1896 3194 1961 Rex

730 2004 847 2067 ille
885 2002 1311 2084 Aethiopiae
1340 2013 1417 2068 ut
1453 2004 1892 2086 permitteret
1932 2005 2430 2070 Patriarcham
2461 2024 2552 2071 ex
2582 2004 3025 2071 Alexandria
3075 2004 3194 2067 ad-

737 2110 923 2175 duci

854 2216 1029 2281 1228.
1114 2217 1487 2282 Probabile
1514 2229 1753 2283 autem
1792 2218 1926 2282 fuit
1963 2219 2151 2300 quod
2191 2219 2265 2283 hi
2295 2236 2505 2299 reges
2552 2219 2738 2284 hane
2767 2219 3196 2283 sententiam

727 2334 877 2387 tam
905 2325 1169 2389 multos
1192 2342 1422 2390 annos
1442 2327 1795 2390 tenuerint
1822 2334 1985 2406 post
2008 2327 2386 2391 concilium
2406 2326 2898 2390 Florentinum
2919 2325 3048 2390 sub
3060 2325 3196 2390 Eu-

728 2432 943 2511 genio
987 2439 1241 2511 quarto
1271 2432 1727 2513 celebratum,
1751 2432 1876 2497 ubi
1904 2433 2323 2513 congregati
2366 2434 2701 2514 leguntur
2733 2430 3200 2496 patriarchae

726 2536 1236 2615 Alexandriae,
1270 2537 1697 2602 Antiochiae
1720 2547 1787 2603 et
1806 2538 2488 2620 Constantinopolis,
2513 2547 2582 2603 et
2606 2540 3066 2603 constitutum
3095 2540 3196 2603 in·

726 2653 837 2707 ter
862 2661 1111 2708 omnes
1139 2643 1291 2724 fuit,
1311 2655 1597 2725 praeter
1613 2646 1753 2709 alia
1777 2647 2021 2725 multa,
2043 2646 2232 2727 quod
2252 2645 2586 2717 Summus
2601 2645 2932 2710 Pontifex
2945 2644 3200 2709 Roma-

727 2769 864 2815 nus
894 2753 1210 2816 omnium
1240 2752 1791 2817 christianorum
1840 2762 2056 2834 caput
2085 2761 2156 2817 et
2185 2762 2388 2835 pater
2418 2762 2607 2832 erat;
2640 2764 2710 2817 et
2739 2770 2903 2817 cum
2932 2752 3196 2828 David,

727 2858 885 2923 Rex
922 2858 1379 2939 Aethiopiae,
1423 2857 1633 2940 hujus
1671 2859 1949 2924 Claudii
1978 2871 2205 2942 pater,
2253 2860 2345 2925 ad
2385 2859 2754 2925 Summum
2782 2844 3198 2925 Pontificem

728 2964 1131 3030 Romanum
1157 2966 1430 3030 litteras
1458 2965 1671 3046 dedit,
1700 2967 1958 3031 librum
1981 2967 2195 3032 etiam
2218 2967 2523 3048 Eugenii
2547 2966 2648 3031 IV
2671 2968 2762 3031 ad
2786 2984 2947 3032 eum
2970 2976 3202 3031 trans-

730 3074 945 3147 misit,
987 3073 1107 3137 ubi
1143 3089 1262 3137 res
1303 3073 1703 3154 hujusmodi
1750 3074 2320 3138 continebantur.
2374 3074 2619 3139 Refert
2673 3074 2861 3138 idem
2908 3074 3200 3138 Franci·

728 3196 896 3245 scus
927 3178 1239 3244 Alvarez
1269 3196 1346 3243 se
1376 3179 1809 3245 intellexisse
1840 3198 1884 3243 a
1911 3180 2333 3245 Patriarcha
2367 3178 2615 3245 Marco
2649 3182 2775 3257 (sic
2799 3181 2986 3245 enirn
3016 3179 3202 3244 dice·
3269 3228 3288 3254 ,

730 3287 936 3350 batur
986 3287 1109 3367 qui
1156 3284 1582 3366 Aethiopiae
1630 3288 1978 3352 ecclesiae
2030 3298 2200 3353 tunc
2245 3288 2605 3368 praeerat)
2658 3286 2846 3369 quod
2901 3287 3201 3368 prophe-

732 3394 905 3457 tiam
955 3392 1322 3474 aethiopes
1370 3394 1749 3475 habebant,
1800 3412 1983 3476 quae
2011 3394 2412 3459 affirmabat
2442 3394 2765 3459 homines
2795 3412 2887 3459 ex
2937 3395 3200 3458 ultimis

732 3510 966 3563 terrae
1005 3499 1261 3565 finibus
1305 3510 1651 3565 venturos
1687 3518 1867 3580 esse,
1910 3502 2034 3581 qui
2077 3518 2241 3565 cum
2283 3501 2438 3582 ipso
2471 3498 3095 3581 coniungerentur,
3127 3510 3200 3565 et

731 3607 921 3687 quod
950 3606 1039 3670 ab
1070 3603 1376 3671 ecclesia
1406 3624 1701 3671 romana
1733 3608 2118 3671 mittendus
2149 3616 2326 3687 erat,
2362 3608 2484 3688 qui
2533 3607 2878 3672 ecclesiae
2909 3607 3199 3671 Aethio-

733 3714 893 3793 piae
909 3721 1295 3793 praeesset,
1316 3722 1386 3777 et
1402 3721 1679 3795 tempus
1703 3713 1873 3777 illud
1881 3713 2031 3794 jam
2047 3714 2316 3778 instare
2337 3714 2758 3779 Patriarcha
2783 3713 3071 3778 Marcus
3087 3731 3200 3779 as—

734 3819 1015 3883 serebat
1044 3827 1121 3883 ut
1148 3836 1243 3883 ex
1269 3822 1843 3901 patriarcharum
1870 3838 2168 3884 nurnero
2195 3807 2691 3902 colligebatur;
2719 3838 2812 3885 ex
2835 3821 2948 3885 his
2978 3822 3196 3901 igitur

735 3926 889 3991 fieri
918 3927 1146 4007 potuit
1173 3937 1251 3991 ut
1280 3926 1435 3991 Rex
1464 3926 1801 3992 Claudius
1826 3938 2262 4007 moveretur,
2311 3937 2382 3992 et
2423 3928 2580 3993 ideo
2609 3928 2790 4008 Regi
2833 3927 3176 4009 Portugal

734 4033 872 4096 liae
901 4033 1267 4114 scriberet,
1298 4044 1376 4099 ut
1419 4035 1607 4098 hunc
1634 4033 1767 4099 sibi
1797 4032 2291 4099 Patriarcham
2325 4054 2369 4100 a
2397 4032 2579 4099 Sede
2617 4035 3036 4117 Apostolica
3067 4034 3203 4099 Ro-

735 4158 948 4205 mana
975 4150 1419 4221 procuraret.

736 4320 815 4328 --

733 4430 855 4473 pag.
878 4418 1250 4463 328.-Librum
1268 4418 1421 4473 hunc,
1444 4425 1495 4461 et
1516 4418 1673 4462 alium
1690 4416 1934 4463 Damianl
1955 4418 2017 4463 de
2034 4418 2188 4473 Goez,
2211 4426 2264 4464 et
2287 4420 2502 4464 tertium
2521 4421 2945 4475 manuscriptum.
2980 4432 3012 4465 a
3033 4420 3206 4468 Patri-

734 4491 829 4532 bus
850 4490 1092 4534 lusitanis
1112 4490 1367 4545 expetivit
1387 4488 1621 4543 Ignatius
1641 4498 1698 4534 ut
1720 4492 1904 4535 melius
1926 4502 2009 4534 res
2044 4491 2384 4545 Aethiopicae
2413 4502 2725 4545 cognoscere
2746 4493 2968 4535 valeret.
2989 4490 3074 4536 Ita
3093 4502 3207 4538 sae-

729 4570 795 4613 pe
818 4562 869 4604 in
890 4561 1118 4615 Pontici,
1140 4572 1208 4605 ex
1226 4572 1378 4613 com..
1413 4562 1623 4612 litteris.
1646 4573 1776 4616 quas
1795 4562 1942 4607 dabit
1963 4561 2112 4606 Nova
2134 4565 2310 4607 series
2325 4563 2640 4606 litterarum
2665 4562 2856 4606 Sancti
2873 4562 3095 4616 Ignatii.

822 4639 832 4663 ¹
894 4632 1085 4687 Nugae
1105 4640 1158 4678 et
1178 4633 1339 4688 Nugni
1358 4634 1539 4679 scribit
1558 4633 1777 4689 Tamna,
1799 4634 2050 4679 Historia
2078 4636 2144 4678 de
2177 4634 2435 4691 Ethopia
2462 4646 2495 4679 a
2527 4634 2916 4689 aum—Negas.
2943 4634 3208 4683 Onnum·

733 4714 805 4759 m,
831 4708 914 4749 lib.
938 4716 1048 4759 xiv,
1071 4717 1119 4749 n.
1136 4704 1231 4750 109.
