3742 5392
1679 485 1804 544 Aa.
1851 487 1989 545 155⁴
2962 489 3077 547 500

1261 1057 1388 1122 DE
1432 1057 1887 1123 EBORENSI
1932 1057 2401 1123 COLLEGIO

725 1483 900 1548 1079.
988 1484 1196 1550 Initio
1240 1485 1450 1567 hujus
1489 1488 1658 1550 anni
1700 1486 2105 1566 quindecim
2136 1487 2253 1550 vel
2280 1486 2646 1552 sexdecim
2674 1506 2765 1552 ex
2802 1489 3075 1553 nostris

597 1593 878 1656 Eborac
907 1591 1378 1657 versabantur
1399 1642 1414 1672 ,
1449 1594 1778 1673 quamvis
1813 1594 1945 1656 sub
1988 1593 2157 1658 anni
2200 1593 2413 1658 finem
2453 1593 2545 1657 ad
2588 1594 2845 1675 viginti
2888 1595 3066 1660 duos

599 1699 1058 1763 accedebant.
1092 1698 1352 1764 Rector
1381 1709 1616 1764 autem
1645 1701 1750 1764 eis
1778 1700 1854 1764 Ρ.
1888 1699 2193 1764 Michael
2222 1700 2311 1764 de
2338 1701 2607 1765 Barros
2649 1701 2667 1733 ¹
2708 1703 3069 1783 praeposi-

600 1815 714 1869 tus
741 1805 874 1869 fuit
894 1855 909 1885 ,
941 1815 1012 1869 et
1039 1807 1144 1870 sic
1174 1805 1251 1888 P.
1285 1806 1698 1886 Alphonsus
1727 1806 2061 1886 Barret0‚
2096 1807 2215 1887 qui
2244 1807 2441 1888 prius
2471 1808 2609 1871 hoc
2636 1808 3066 1890 fungebatur

599 1929 924 1992 munere,
984 1913 1387 1993 theologiae
1441 1915 1694 1978 studiis
1752 1915 2066 1978 nondum
2126 1915 2475 1979 absolutis
2542 1916 2716 1980 dare
2772 1934 3066 1998 operam

599 2021 866 2100 potuit,
900 2030 971 2084 et
999 2021 1282 2085 interim
1323 2020 1621 2084 fratrum
1668 2021 2157 2085 confessiones
2200 2021 2556 2087 audiebat.
2606 2023 2696 2087 Et
2736 2025 3065 2103 quamvis

603 2128 1066 2208 praecipuum
1114 2127 1479 2208 negotium
1520 2141 1676 2191 erat
1731 2127 2048 2208 Collegio
2102 2138 2349 2192 nostro
2388 2146 2550 2193 cum
2592 2130 3069 2208 scholasticis»,
3170 2148 3179 2162 ·

600 2233 889 2315 quidam
947 2243 1186 2298 tamen
1241 2234 1616 2312 sacerdOS,
1676 2234 2097 2298 Emmanuel
2152 2234 2610 2315 Fernandez‚
2666 2255 2709 2300 a
2766 2237 3067 2318 prandio

602 2341 1072 2404 christianam
1131 2341 1534 2405 doctrinam
1577 2344 1840 2422 populo
1892 2342 2299 2422 explicabat
2347 2344 2419 2406 in
2472 2347 2707 2424 ampla
2758 2345 3067 2424 quadam

594 2450 761 2512 aula
803 2449 1054 2512 domus
1096 2449 1340 2528 regiae
1385 2448 1442 2526 ⁸,
1489 2449 1562 2512 in
1606 2465 1744 2528 qua
1783 2450 2012 2513 nostri
2052 2449 2283 2512 adhuc
2322 2449 2459 2513 isto
2490 2467 2677 2513 anno
2706 2451 3066 2530 vixerant,

670 2655 688 2687 ¹
747 2654 982 2698 Bato-ros
999 2659 1054 2697 et
1073 2653 1316 2708 Bayrros
1336 2654 1447 2708 ipse
1469 2655 1518 2698 in
1539 2653 1838 2698 litterarum
1858 2655 2255 2709 subscriptione.

667 2725 692 2756 ἱ
747 2725 999 2779 Quoniam
1039 2728 1204 2770 tribus
1237 2727 1286 2770 in
1319 2727 1445 2770 locis
1478 2726 1654 2770 Nostri
1691 2725 1896 2770 Eborac
1919 2726 2062 2770 suere
2093 2728 2237 2781 prius
2272 2738 2425 2781 quam
2454 2728 2505 2772 in
2536 2739 2683 2772 suum
2706 2727 2996 2780 Collegium
3030 2739 3064 2773 a

592 2797 868 2842 cardinale
903 2797 1128 2842 Henrico
1160 2805 1391 2842 erectum
1423 2800 1738 2852 migrarent.
1771 2809 1989 2851 quorum
2024 2799 2255 2843 locorum
2288 2810 2383 2842 nec
2418 2799 2650 2843 meminit
2678 2797 2933 2842 Polnncus
2968 2811 3063 2843 nee

593 2876 707 2924 post
729 2881 847 2914 eum
869 2868 1137 2914 Orlnndini
1153 2902 1166 2922 ,
1187 2875 1238 2914 et
1259 2875 1316 2912 ut
1350 2869 1680 2923 intelligatur
1713 2871 1834 2924 quid
1865 2881 1996 2912 voce
2018 2871 2211 2914 domus
2233 2873 2416 2925 regiae
2437 2869 2633 2924 veniat,
2657 2872 2714 2914 in
2749 2882 2854 2926 qua
2891 2871 3067 2914 nostri

591 2942 912 2986 habitabant
933 2941 1028 2984 hoc
1056 2952 1218 2992 anno,
1236 2952 1352 2985 cum
1385 2949 1542 2985 antea
1563 2952 1596 2984 a
1619 2941 1844 2984 Polanco
1867 2941 2065 2984 dictum
2084 2942 2152 2985 sit
2175 2949 2422 2997 exceptos
2456 2950 2663 2987 nostros
2693 2950 2744 2986 et
2780 2945 3065 2988 collocatos

593 3025 649 3057 m
671 3014 1004 3058 monasterio
1022 3013 1272 3068 quodam,
1293 3013 1431 3066 quod
1451 3013 1580 3056 olim
1594 3013 1790 3068 suerat
1813 3013 2157 3064 nucerianum,
2172 3013 2327 3068 Juvat
2356 3014 2629 3069 sequentia
2663 3025 2727 3058 ex
2748 3013 2951 3057 Τειιει
2975 3026 3069 3060 ex·

590 3097 821 3140 cerpere:
878 3085 1074 3128 “Tinna
1097 3097 1126 3128 ο
1147 3085 1476 3128 serenissimo
1499 3084 1722 3129 Cardeal
1745 3084 1880 3128 dado
1903 3085 2080 3128 ordem
2126 3096 2255 3139 pera
2274 3097 2329 3128 se
2352 3087 2579 3130 fazet-cm
2608 3093 2887 3140 aposentos
2902 3119 2913 3138 ,
2935 3097 3063 3141 pera

590 3168 647 3200 os
675 3167 794 3200 sens
825 3157 1096 3210 hospedes,
1119 3167 1200 3199 em
1221 3157 1344 3200 hum
1379 3155 1629 3210 Collegio,
1652 3167 1748 3210 que
1775 3156 1834 3210 ja
1855 3157 1903 3198 d’
1922 3162 2073 3199 antes
2094 3163 2345 3210 ῐτεςανα,
2368 3158 2429 3200 de
2464 3158 2764 3200 sacerdotes
2787 3157 3068 3212 virtuosos,

589 3239 718 3283 pera
739 3228 1065 3272 confessores
1086 3229 1134 3270 d’
1150 3229 1354 3281 aquene
1378 3228 1754 3282 Arcebispado‚
1775 3237 1898 3272 nam
1920 3227 2007 3283 foy
2026 3229 2256 3282 possit-el
2276 3238 2419 3272 ostar
2440 3241 2470 3272 ο
2492 3229 2725 3282 collegio
2743 3228 2977 3273 aeabado
3000 3238 3064 3273 ιιο

594 3307 766 3354 tempo
788 3311 886 3354 que
914 3310 974 3343 os
1011 3299 1206 3343 Padres
1240 3300 1524 3353 <megaram
1545 3300 1609 3342 de
1630 3299 1896 3343 Coimbra:
1919 3310 2013 3353 por
2048 3301 2379 3354 emprestimo
2402 3301 2567 3344 soram
2598 3300 2950 3352 agasalhados
2982 3312 3065 3344 em

593 3373 779 3416 humaz
800 3381 952 3414 casas
973 3403 984 3418 .
1008 3381 1104 3424 que
1127 3377 1367 3415 estavam
1391 3381 1456 3414 na
1477 3382 1572 3414 rua
1594 3371 1662 3413 da
1683 3369 1941 3424 Mesquita
1970 3377 1977 3404 ⁴
1998 3371 2163 3414 nonde
2196 3371 2311 3426 hoje
2332 3374 2448 3414 esta
2469 3371 2673 3415 situado
2693 3382 2723 3414 0
2743 3369 2975 3424 Collegio
2996 3371 3062 3415 da

589 3445 768 3490 Madre
787 3444 851 3488 de
871 3443 1040 3496 Deos)
1069 3455 1168 3498 que
1191 3444 1340 3486 tinha
1373 3444 1580 3486 sei-vido
1600 3443 1991 3496 antiguamente
2014 3443 2076 3486 de
2100 3443 2327 3497 hospital
2362 3443 2639 3487 intitulatio
2670 3443 2733 3486 de
2754 3441 2806 3484 S.
2829 3442 2981 3495 Jonm
2999 3443 3069 3486 de

589 3517 894 3569 Jerusalem.
917 3527 1014 3570 que
1037 3517 1274 3570 naqnelle
1295 3517 1448 3562 lugar
1469 3516 1720 3558 mandata
1743 3515 1930 3558 fundar
1951 3527 1981 3558 ο
2001 3527 2123 3572 muy
2144 3517 2259 3558 bem
2282 3515 2593 3559 asurtunado
2614 3513 2726 3570 Rey
2742 3513 2875 3558 Dom
2893 3513 3063 3560 Asson·

585 3599 643 3632 so
665 3586 940 3642 fleriques,
962 3599 1076 3631 com
1097 3599 1191 3631 sua
1211 3587 1426 3636 ermida.
1449 3599 1548 3642 que
1569 3599 1624 3630 se
1645 3588 1907 3630 chamavn
1931 3585 1982 3629 S.
2000 3585 2273 3640 Jonninho,
2295 3597 2423 3640 pern
2444 3586 2721 3638 distinctim
2740 3585 2802 3630 de
2824 3593 2979 3630 outrn
2999 3586 3067 3628 de

589 3659 642 3704 S.
663 3659 831 3713 Joam,
852 3671 952 3714 que
971 3660 1041 3702 ha
1061 3671 1128 3703 na
1155 3671 1352 3703 mesma
1382 3659 1589 3702 cidnde:
1610 3658 1763 3701 deose
1781 3691 1791 3710 ,
1813 3659 1932 3711 pelo
1962 3663 2135 3712 tempo
2158 3658 2393 3711 ediante,
2416 3665 2531 3701 esta
2554 3657 2754 3701 ermida
2770 3688 2781 3708 .
2804 3663 2855 3701 et
2888 3657 3060 3710 hospi-

591 3732 670 3776 tal
687 3733 748 3775 as
769 3731 1060 3784 Religiosas
1081 3730 1562 3774 commendadeiras
1583 3729 1648 3772 da
1681 3729 1857 3773 ordem
1891 3730 1955 3772 de
1976 3728 2140 3773 Malta
2159 3761 2169 3780 ‚
2192 3740 2288 3783 que
2321 3731 2455 3772 nelle
2480 3728 2717 3772 viverem
2737 3730 2825 3772 ate
2858 3738 2887 3770 ο
2908 3739 3059 3780 anuo,

587 3804 648 3846 de
670 3813 767 3858 que
789 3803 870 3847 {az
890 3805 1122 3846 mensam
1143 3814 1174 3845 a
1197 3801 1418 3845 historin
1439 3803 1507 3845 da
1529 3813 1724 3844 mesma
1745 3801 1949 3854 ordem;
1972 3803 2161 3854 noqual
2185 3812 2215 3844 0
2234 3800 2439 3844 Infante
2462 3799 2539 3844 Do
2560 3799 2685 3844 Luis
2700 3833 2711 3854 ,
2728 3799 2887 3844 sendo
2909 3800 3069 3844 Prior

585 3876 651 3918 do
681 3874 858 3927 Crato,
883 3875 996 3918 lhes
1025 3873 1248 3918 munden
1278 3873 1492 3922 edificat
1521 3874 1642 3917 hum
1677 3880 1935 3916 convento
1957 3884 2038 3916 em
2073 3885 2105 3916 a
2126 3873 2255 3916 villa
2278 3872 2339 3915 de
2361 3871 2659 3924 Estremoz,
2680 3883 2809 3927 pera
2840 3873 2971 3916 oncle
3002 3883 3065 3916 ns

586 3957 774 4000 pnssou
790 3979 802 3999 ,
824 3953 875 3989 et
897 3946 963 3990 he
985 3945 1233 3989 mosteiro
1253 3945 1422 3997 unico,
1445 3949 1590 3987 neste
1613 3944 1811 4000 Reyno,
1836 3945 1898 3987 de
1922 3943 2111 3988 frelras
2131 3944 2613 3987 commendadelras
2634 3943 2701 3987 da
2722 3944 2835 3987 dita
2854 3943 3055 3986 orclem.

585 4017 710 4062 Este
733 4019 820 4074 foy
841 4029 870 4061 ο
899 4018 1146 4072 primeiro
1167 4017 1305 4066 sitio,
1327 4027 1408 4060 em
1430 4027 1526 4072 que
1559 4027 1616 4060 os
1647 4027 1826 4060 nosnos
1847 4016 2133 4059 estiveram
2156 4027 2233 4060 em
2256 4014 2461 4059 Evora:
2484 4015 2727 4070 dem-jado
2756 4017 2935 4071 por-em
2965 4025 3059 4058 sun

585 4091 774 4134 Alteza
794 4090 856 4133 de
873 4101 930 4134 os
951 4097 1033 4133 ter
1053 4089 1184 4132 mnis·
1209 4089 1356 4141 junto
1377 4088 1440 4132 de
1460 4101 1539 4144 sy.
1561 4097 1614 4131 ct
1635 4088 1960 4132 dilatandose
1984 4099 2015 4130 a
2046 4089 2174 4131 obre
2204 4088 2267 4130 do
2290 4085 2539 4141 collegio,
2561 4097 2659 4142 que
2690 4097 2784 4131 nos
2816 4087 2977 4130 navia
2997 4087 3059 4128 de

584 4169 851 4215 entregar‚
874 4172 932 4204 os
955 4162 1030 4204 i'ez
1061 4160 1246 4204 mudar
1267 4167 1414 4203 entre
1445 4166 1610 4212 tanto,
1632 4171 1760 4214 pera
1795 4160 1980 4202 humas
2018 4169 2171 4202 casas
2192 4159 2425 4204 visinhas
2458 4171 2489 4203 a
2520 4171 2639 4202 seue
2666 4169 2826 4214 pricos
2854 4157 3058 4212 pontifi·

584 4245 706 4279 caes
722 4267 732 4286 .
756 4244 852 4288 que
875 4233 1097 4277 flcnvam
1119 4233 1298 4276 detras
1314 4232 1379 4276 da
1397 4233 1599 4286 capella
1621 4235 1732 4275 mor
1747 4232 1814 4275 da
1836 4230 1919 4282 Se,
1941 4242 2009 4274 nn
2029 4242 2143 4283 rua,
2166 4243 2261 4285 que
2284 4231 2525 4274 chamum
2540 4231 2601 4274 de
2622 4229 2844 4282 Freiria,
2862 4239 3059 4284 perque

583 4315 838 4350 moravan
873 4306 962 4362 aly
992 4316 1050 4348 os
1078 4303 1304 4357 Freyres
1338 4304 1401 4347 de
1425 4305 1573 4348 Avi«.
1595 4303 1642 4346 E
1671 4313 1864 4357 porque
1897 4314 2013 4348 nem
2048 4305 2137 4358 aly
2158 4308 2397 4346 estavam
2432 4302 2889 4354 accommodatius,
2910 4312 3063 4344 como

583 4379 683 4422 elle
703 4377 970 4431 desejavn.
989 4389 1018 4420 a
1042 4377 1170 4420 cabo
1191 4377 1254 4419 de
1275 4377 1396 4420 hum
1412 4387 1564 4428 anno,
1588 4376 1756 4418 hom-e
1779 4377 1943 4427 liceca
1966 4375 2049 4418 del
2072 4373 2201 4431 Rey.
2222 4386 2348 4428 pern
2368 4385 2427 4417 os
2457 4373 2821 4417 accommodat·
2841 4383 2935 4415 nos
2968 4383 3059 4426 pa·

585 4461 672 4500 cos
692 4461 860 4500 renes,
881 4461 962 4494 em
982 4455 1177 4504 quanto
1197 4459 1252 4492 se
1273 4448 1642 4502 apt-rseicoava
1663 4458 1692 4490 o
1715 4457 1848 4490 novo
1866 4447 2118 4500 collegio:
2138 4449 2227 4503 aly
2246 4457 2300 4489 se
2326 4445 2553 4489 recolhia
2571 4446 2801 4488 tambem
2817 4455 2846 4487 ο
2866 4445 3061 4488 senhor

585 4521 714 4566 Dom
735 4521 981 4572 Antonio.
998 4521 1224 4565 ouvindo
1239 4519 1530 4574 Theologia
1543 4552 1554 4570 .
1575 4529 1688 4562 com
1703 4529 1762 4562 os
1777 4529 1957 4562 nosses
1976 4519 2171 4561 irruam
2186 4551 2196 4570 ,
2215 4529 2311 4572 que
2328 4517 2577 4560 dissemos
2593 4549 2603 4568 .
2626 4516 2780 4559 tendo
2796 4527 2827 4558 ο
2846 4521 3060 4570 mestre,

583 4606 680 4647 que
717 4601 1050 4648 aponum-om
1080 4599 1134 4637 et
1165 4593 1212 4636 d·
1231 4595 1320 4650 aly
1343 4603 1398 4635 se
1435 4601 1706 4646 passarum
1741 4601 1866 4644 pera
1898 4601 1927 4634 ο
1963 4601 2097 4633 novo
2130 4589 2377 4644 Collegio,
2409 4599 2474 4631 no
2504 4597 2641 4632 anno
2672 4587 2735 4630 de
2769 4587 2890 4640 1564,
2910 4597 3059 4631 como

581 4666 758 4710 ndiate
779 4667 1286 4719 veremos.naquelle
1303 4675 1496 4708 mesmo
1517 4673 1697 4714 anno...
1715 4661 1973 4706 chronica
1995 4663 2065 4705 da
2090 4661 2423 4716 Companhia
2444 4661 2511 4702 de
2518 4659 2653 4714 Jeeu
2672 4669 2755 4702 em
2782 4657 3061 4710 Portugat,

585 4747 622 4780 t.
648 4747 677 4783 ι.
698 4745 848 4792 parte
871 4748 904 4790 ι,
929 4739 1015 4780 lib.
1039 4747 1114 4790 ιη,
1137 4748 1251 4791 cap.
1277 4735 1344 4788 18,
1365 4746 1414 4778 n.
1435 4735 1479 4778 3.
