3742 5392
1653 455 1777 513 ΑΝ.
1822 456 1964 513 1554
2933 454 3042 513 275

576 619 742 665 eum
772 600 1174 679 admittere,
1209 600 1335 663 sed
1366 608 1439 662 ut
1467 598 1607 663 filio
1638 600 2108 680 prospiceret,
2145 608 2213 662 et
2243 600 2614 680 deceptam
2642 600 2949 679 puellam
2969 600 3042 661 in

582 725 882 772 uxorem
910 709 1235 783 duceret,
1269 707 1597 785 hortatus
1620 716 1747 770 est.

702 816 845 879 592.
930 815 1123 893 Mag.
1155 813 1470 895 joannes
1499 813 1800 892 Catena‚
1849 830 2034 877 unus
2077 832 2168 877 ex
2195 814 2462 877 nostris
2498 814 3040 891 coloniensibuS,

582 941 749 987 cum
778 923 1211 1001 Theologiae
1240 922 1443 985 daret
1473 938 1795 1001 operam,
1828 921 2102 984 erudite
2145 930 2214 984 et
2252 921 2530 1002 publice
2570 922 2935 1002 respondit
2973 923 3045 985 in

586 1031 851 1095 scholis
877 1029 1403 1107 Theologorum
1432 1036 1502 1092 et
1531 1045 1694 1091 cum
1722 1044 1988 1107 magna
2019 1046 2265 1092 eorum
2295 1028 2780 1092 satisfactione
2813 1028 2856 1088 ¹.

707 1136 849 1200 594.
938 1137 1354 1215 Complures
1382 1134 1812 1214 Noviomagi
1843 1133 2272 1199 Societatem
2303 1136 2752 1216 expetebant3
2786 1145 2854 1199 et
2883 1138 3046 1216 quia

590 1244 1161 1309 commendatum
1199 1243 1430 1305 fuerat
1476 1241 1551 1305 P.
1597 1241 1972 1305 Leonardo
2019 1252 2094 1306 ut
2137 1243 2563 1321 intelligeret
2605 1253 2674 1306 et
2709 1244 3050 1307 scriberet
3123 1257 3130 1263 ·

584 1352 914 1415 exactius
943 1368 1122 1431 quae
1151 1351 1238 1413 de
1270 1348 1479 1412 domo
1510 1350 1629 1412 illa
1654 1349 1980 1431 superius
2003 1349 2368 1429 attigimus
2386 1398 2400 1427 ,
2427 1367 2642 1431 quam
2669 1350 3050 1415 Novioma-

588 1460 665 1539 gi
693 1467 1077 1521 matertera
1122 1456 1311 1536 Mag.
1359 1455 1788 1520 Theodorici
1808 1454 2433 1520 CanisiiSocietati
2464 1456 2803 1521 offerebat
2831 1456 2876 1533 ⁸,
2909 1458 3050 1521 exi-

590 1566 907 1629 stimavit
938 1565 1052 1628 ille
1084 1561 1511 1644 [expedire]‚
1548 1564 1783 1642 aliqua
1815 1562 2189 1626 occasione
2223 1573 2538 1645 accepta,
2573 1573 2650 1627 ut
2677 1563 3052 1627 Novioma-

588 1689 763 1752 gum
792 1670 1068 1735 veniret
1088 1720 1102 1749 ,
1135 1670 1325 1751 quod
1356 1679 1424 1733 et
1446 1670 1614 1734 fecit
1634 1686 1875 1733 mense
1899 1668 2306 1749 Novembri,
2330 1672 2672 1735 invitatus
2695 1672 2784 1734 ab
2805 1672 3056 1735 amicis

592 1778 1289 1858 noviomagensibuS‚
1324 1778 1446 1858 qui
1482 1794 1609 1857 per
1638 1777 1911 1839 litteras
1934 1776 2006 1839 id
2039 1776 2527 1857 efflagitabant
2548 1776 2593 1837 ³.
2622 1779 2859 1842 Distat
2880 1796 3055 1859 ergo

596 1885 1119 1965 Noviomagum
1148 1882 1445 1948 Colonia
1476 1883 1721 1947 decem
1752 1892 1821 1945 et
1850 1900 2112 1947 novem
2139 1884 2558 1947 milliaribus
2587 1883 2632 1963 ⁴,
2669 1885 2856 1965 quod
2885 1896 3054 1950 tem·

596 2011 769 2074 pore
798 1993 1107 2072 hyemali
1138 1991 1351 2057 tridui
1382 1992 1516 2054 iter
1545 1990 1801 2070 exigit:
1834 2006 2010 2069 ergo
2040 1990 2380 2070 postridie
2406 1990 2497 2053 D.
2531 1991 2820 2055 Martini
2851 1990 2873 2023 ³
2903 2010 3058 2072 pro·

596 2100 823 2164 fectus
847 2098 1165 2173 Colonia,
1193 2107 1515 2161 amanter
1540 2106 1882 2177 exceptus
1911 2106 2017 2159 est
2042 2116 2083 2159 a
2110 2096 2198 2160 D.
2225 2089 2582 2177 Mauritio‚
2615 2100 2960 2163 canonico
2991 2109 3060 2163 et

599 2208 1107 2271 concionatore
1137 2204 1395 2268 summi
1424 2204 1697 2283 templi,
1730 2213 1807 2266 ut
1836 2204 2162 2283 superius
2194 2204 2502 2267 diximus
2524 2202 2580 2268 ⁸:
2609 2206 2720 2268 die
2743 2206 3060 2287 sequenti

600 2324 904 2377 vocatus
955 2322 1063 2376 est
1106 2331 1148 2376 a
1195 2312 1541 2374 canonico
1601 2328 1691 2373 ex
1738 2310 2137 2374 senioribus
2155 2359 2170 2389 ,
2223 2312 2506 2375 nomine
2550 2311 2741 2392 Mag.
2788 2313 3062 2376 Thoma

602 2421 801 2496 Buis,
834 2422 907 2483 in
937 2418 1135 2499 cujus
1164 2419 1457 2481 aedibus
1486 2419 1746 2481 multos
1776 2427 2260 2496 congregatos
2299 2419 2600 2497 invenit,
2642 2419 2759 2499 qui
2801 2426 3060 2499 magna

600 2528 1218 2608 congratulatione
1249 2543 1413 2589 eum
1439 2532 1909 2604 exceperunt3
1945 2526 2249 2587 accessit
2278 2543 2363 2587 eo
2393 2535 2619 2588 mater
2648 2525 2722 2588 P.
2771 2525 3064 2589 Henrici

602 2635 933 2715 Dionysii
961 2644 1032 2697 et
1054 2642 1281 2697 mater
1303 2632 1727 2695 Theodorici
1752 2630 2021 2695 Canisii
2051 2648 2212 2695 cum
2237 2649 2482 2695 sorore
2504 2632 2695 2712 Mag.
2720 2633 3058 2711 Thomae‚

597 2760 787 2823 quae
818 2751 887 2805 et
918 2743 992 2806 P.
1027 2740 1403 2804 Leonardo
1432 2739 1759 2803 confessa
1789 2746 1919 2802 est.

723 2849 865 2913 595.
953 2847 1022 2912 A
1050 2846 1349 2928 prandio
1382 2856 1616 2909 autem
1659 2863 1785 2926 per
1832 2845 2496 2928 aliquosdeductus
2537 2857 2643 2910 est
2688 2846 2778 2909 ad
2827 2846 3066 2911 viden-

606 2958 775 3021 dum
822 2958 1055 3019 locum
1092 2964 1161 3018 et
1199 2954 1473 3029 domos,
1512 2970 1690 3032 quas
1722 2938 2108 3017 maiertera
2137 2952 2327 3033 Mag.
2362 2953 2808 3033 Theodorici,
2856 2956 3065 3034 virgo

610 3062 1106 3143 sexagenaria,
1139 3060 1476 3125 Societati
1506 3060 1679 3123 dare
1708 3058 2058 3139 cupiebat,
2094 3061 2307 3123 immo
2333 3060 2479 3140 jam
2507 3060 2822 3140 dederat,
2856 3061 2916 3125 si
2946 3060 3068 3126 So·

609 3172 833 3234 cietas
861 3169 1229 3233 admittere
1261 3168 1493 3231 vellet.
1528 3167 1806 3230 Invenit
1835 3169 2070 3231 locum
2100 3170 2411 3248 amplum
2439 3186 2619 3245 esse,
2655 3168 2902 3232 domos
2924 3186 3068 3233 ma-

614 3294 797 3357 gnas
825 3277 1039 3340 etiam
1067 3275 1247 3339 duas
1276 3273 1330 3353 ⁷,
1364 3273 1616 3355 quibus
1657 3272 2036 3353 adjunctae
2065 3284 2270 3337 erant
2299 3285 2443 3337 tres
2473 3285 2594 3338 aut
2623 3287 2930 3356 quatuor
2953 3276 3069 3339 do·

614 3401 771 3448 mus
798 3401 1099 3463 parvae,
1131 3382 1315 3445 inter
1345 3397 1523 3461 quas
1552 3381 1727 3443 situs
1759 3396 2065 3459 magnus
2095 3391 2277 3458 erat,
2308 3382 2380 3444 in
2404 3399 2541 3460 quo
2568 3382 2870 3446 ecclesia
2898 3383 3072 3445 satis

614 3494 852 3571 ampla
882 3488 1239 3553 aedificari
1266 3496 1580 3567 poterat;
1613 3494 1802 3549 totus
1834 3496 2072 3550 autem
2101 3489 2300 3550 locus
2330 3488 2402 3550 in
2447 3489 2712 3569 optimo
2755 3498 2827 3553 et
2863 3489 3073 3551 valde

617 3597 883 3661 salubri
911 3603 1075 3659 aere
1104 3595 1282 3659 situs
1311 3601 1496 3670 erat,
1530 3611 1663 3656 nec
1692 3594 1942 3675 procul
1971 3611 2014 3655 a
2037 3611 2314 3657 summo
2340 3597 2598 3675 templo
2622 3606 2692 3659 et
2728 3614 2768 3658 a
2801 3596 3068 3660 schola:

616 3704 831 3767 aedes
860 3711 1097 3766 autem
1124 3699 1677 3781 supellectilibus
1706 3701 2132 3763 necessariis
2161 3711 2364 3764 erant
2387 3710 2700 3765 ornatae.

700 3908 716 3940 ¹
776 3906 909 3951 Vide
929 3917 1101 3960 supra.
1120 3916 1239 3959 pag.
1257 3904 1355 3958 268,
1376 3916 1426 3948 n.
1448 3904 1546 3948 577.

701 3980 724 4011 ἱ
778 3978 912 4022 Vide
932 3988 1107 4029 suurn.
1129 3988 1250 4031 pag.
1272 3976 1367 4026 255.
1392 3988 1439 4019 n.
1460 3976 1556 4019 553.

701 4051 724 4082 ³
778 4050 1004 4094 “Eodem
1031 4049 1113 4092 die
1148 4049 1291 4092 venit
1324 4047 1627 4091 tabellarius
1660 4048 1847 4091 missus
1881 4060 1912 4091 a
1946 4048 2462 4104 Noulomagensibus,
2494 4061 2587 4104 per
2605 4050 2814 4095 litteras
2833 4059 3080 4106 rogantes

618 4122 738 4177 (sic)
758 4129 816 4165 ut
838 4121 1214 4175 Nouiomagum
1234 4120 1412 4163 venire
1434 4118 1641 4171 vellem,
1664 4120 1845 4173 quibus
1863 4120 2014 4163 lectis
2034 4132 2134 4165 non
2155 4121 2390 4166 dubitavi
2419 4121 2641 4175 amplius
2659 4123 2722 4165 de
2743 4121 2866 4167 Dni.
2900 4123 3081 4167 volun-

625 4202 779 4247 tate...
799 4193 1111 4238 Luofflmous
1130 4191 1328 4235 Kzsszt.
1348 4190 1541 4234 Sancto
1565 4189 1770 4245 Ignatio
1785 4190 1841 4234 30
1861 4191 2169 4237 Novembris
2201 4194 2321 4237 1554.
2343 4192 2454 4236 Has
2473 4193 2696 4245 litteras.
2725 4194 2834 4238 Deo
2856 4196 3081 4250 volente,

624 4266 835 4311 edemus
856 4266 904 4309 ln
928 4266 1085 4309 tertio
1106 4264 1363 4309 volumine
1386 4261 1629 4305 Litterae
1648 4260 2110 4314 Quadrimestres.

700 4341 723 4372 ⁴
778 4338 1154 4382 “Novendecim
1174 4335 1481 4380 milliaribus
1500 4335 1633 4378 satis
1654 4336 1898 4389 magnis„
1921 4335 2135 4391 Kassa,
2158 4337 2192 4381 l.
2217 4348 2260 4380 c.

700 4410 724 4443 ὅ
777 4412 993 4455 “Altera
1013 4410 1095 4452 die
1121 4408 1229 4452 Diui
1249 4406 1459 4451 Martini
1481 4405 1620 4461 EpiS.
1648 4413 1700 4450 et
1732 4406 1965 4461 Confes.„
2001 4407 2090 4461 Id..
2122 4408 2244 4453 ibid.
2278 4408 2418 4461 Quod
2445 4411 2571 4453 bene
2593 4410 2732 4453 verti
2753 4421 2853 4453 non
2875 4412 3084 4456 videtur

620 4494 715 4539 per
730 4482 1016 4539 postridie.

700 4552 726 4588 ⁶
780 4554 969 4609 Supra.
988 4564 1108 4609 pag.
1129 4553 1223 4604 274.
1246 4564 1295 4595 n.
1314 4552 1418 4595 591.

702 4626 724 4657 '¹
778 4628 937 4682 “quae
959 4625 1311 4680 magnitudine
1332 4634 1395 4667 ac
1430 4620 1721 4676 altitudine,
1748 4622 1975 4667 omnium
2009 4623 2296 4667 vicinorum
2317 4624 2497 4669 domus
2526 4626 2830 4679 excedunt...
2864 4624 3081 4679 Kassar..

626 4698 749 4743 ibid.
