3742 5392
880 1338 1009 1430 DE
1066 1337 1396 1433 REBUS
1458 1338 1535 1431 P.
1599 1336 2125 1433 FRANCISCI
2187 1337 2626 1433 BORGIAE

1454 1562 2062 1629 COMMISSARII

636 2118 807 2181 1242.
894 2118 1168 2183 Harum
1198 2129 1503 2200 quatuor
1530 2118 2073 2183 Provinciarum
2091 2120 2599 2201 Hispaniarum
2621 2131 2689 2183 et
2721 2119 2966 2185 Portu·

492 2225 763 2303 galliae
792 2242 989 2304 cura,
1022 2234 1100 2289 ut
1126 2226 1453 2306 superius
1480 2226 1791 2290 diximus
1816 2228 1857 2306 ¹,
1888 2226 2268 2291 commissa
2288 2226 2419 2291 fuit
2442 2226 2518 2290 P.
2543 2226 2955 2305 Francisco,

502 2332 623 2411 qui
635 2331 1018 2411 aliquando
1042 2331 1349 2396 adversa
1372 2333 1743 2397 laborabat
1766 2332 2194 2411 valetudine;
2222 2343 2291 2395 et
2313 2334 2642 2414 quamvis
2665 2332 2964 2414 P.1gna-

498 2438 639 2502 tius
680 2437 1087 2518 iniunxerat
1132 2449 1212 2502 ut
1251 2438 1401 2520 ejus
1445 2440 1795 2503 rationem
1843 2440 2139 2503 haberet
2179 2438 2386 2520 J'uxta
2435 2442 2955 2522 praescriptum

491 2545 971 2627 medicorum,
1023 2547 1191 2627 quia
1239 2564 1634 2628 propensus
1682 2557 1839 2610 erat
1883 2544 1972 2609 ad
2015 2546 2543 2628 poenitentiam,
2591 2558 2661 2611 et
2707 2548 2964 2612 medici

494 2667 711 2733 saepe
737 2654 1194 2734 propensioni
1222 2655 1664 2734 aegrotantis
1693 2671 1849 2718 sese
1891 2654 2464 2731 accommodant,
2515 2655 2960 2719 animadver-

492 2768 651 2824 tens
708 2760 1205 2824 detrimentum
1260 2760 1689 2825 valetudinis
1754 2760 1965 2823 Pater
2031 2761 2528 2839 Bustamante,
2599 2763 2960 2841 suggessit

496 2865 573 2927 P.
606 2868 886 2949 Ignatio
927 2868 1062 2931 sibi
1088 2868 1340 2947 videri,
1382 2884 1565 2948 quae
1594 2869 1687 2931 ad
1717 2868 2066 2931 rationem
2103 2868 2338 2931 victus
2381 2869 2712 2947 attinent,
2757 2870 2957 2933 socio

497 2976 719 3056 ipsius
746 2976 823 3040 P.
858 2976 1229 3040 Francisci
1255 2992 1411 3039 esse
1440 2976 1970 3054 committenda;
2001 2975 2190 3057 quod
2217 2984 2287 3039 et
2324 2976 2592 3039 factum
2623 2984 2750 3040 est.

622 3083 797 3147 1243.
882 3083 1239 3147 Admonet
1289 3092 1524 3147 autem
1567 3084 1719 3164 ipse
1760 3082 1836 3147 P.
1879 3082 2311 3147 Franciscus
2347 3084 2536 3164 quod
2575 3083 2816 3148 Araoz
2859 3085 2951 3147 ad

492 3208 780 3255 crucem
807 3190 1017 3255 officii
1043 3191 1156 3254 sui
1185 3190 1681 3271 deponendam
1709 3190 1921 3255 valde
1950 3207 2344 3271 propensus
2373 3199 2551 3269 erat;
2584 3192 2710 3255 sed
2740 3191 2811 3255 id
2834 3209 2948 3255 ex-

488 3298 730 3379 pedire
786 3298 858 3361 P.
904 3298 1335 3362 Franciscus
1378 3298 1663 3361 minime
1706 3296 2105 3376 judicabat,
2158 3309 2226 3361 et
2274 3298 2346 3360 in
2386 3299 2586 3361 curia
2635 3309 2705 3361 et
2745 3308 2950 3363 extra

482 3406 678 3469 illam
708 3422 1013 3486 magnae
1053 3406 1545 3469 admirationis
1583 3422 1803 3468 causa
1841 3404 2155 3469 futurum
2196 3404 2266 3468 id
2306 3416 2460 3469 erat
2500 3407 2540 3468 ³.
2587 3406 2950 3485 Quasdam

477 3514 774 3589 litteraS,
808 3512 959 3593 ejus
987 3514 1272 3576 nomine
1296 3514 1368 3576 in
1390 3511 1828 3591 Portugallia
1854 3510 2082 3589 dataS,
2109 3511 2332 3592 ipsius
2355 3530 2499 3575 non
2519 3512 2739 3577 fuisse
2761 3514 2942 3579 affir-

479 3630 656 3699 mat;
688 3619 967 3683 firmam
996 3629 1274 3701 petram
1302 3636 1459 3683 esse
1503 3628 1571 3683 et
1601 3636 1783 3699 quae
1813 3620 2022 3683 valde
2059 3620 2658 3683 existimationem
2686 3621 2942 3685 bonam

474 3724 860 3791 Societatis
888 3726 1110 3806 auxit,
1142 3727 1563 3807 praesertim
1592 3728 1776 3790 inter
1806 3724 2171 3806 Principes
2211 3735 2280 3789 et
2319 3726 2660 3807 primates
2687 3727 2944 3809 Hispa-

472 3834 657 3913 niae,
692 3842 761 3897 et
789 3833 978 3915 quod
1002 3834 1241 3897 omnia
1264 3834 1589 3897 omnibus
1616 3833 1849 3912 fiebat,
1894 3843 1972 3898 ut
2011 3850 2258 3897 omnes
2294 3834 2768 3915 lucrifacerem
2814 3837 2941 3899 sed

467 3948 833 4021 tamquam
890 3940 1074 4004 filius
1129 3940 1477 4004 sentiebat
1526 3940 1718 4021 quod
1767 3939 1916 4020 ejus
1967 3941 2250 4004 viscera
2300 3942 2412 4005 ab.
2448 3943 2940 4007 amantissimo

476 4046 553 4110 Ρ.
580 4046 857 4127 Ignatio
880 4065 1025 4111 non
1045 4045 1607 4125 admitterentur,
1630 4046 2222 4127 quemadmodum
2245 4048 2396 4128 ipse
2413 4050 2934 4127 suspicabatur;

468 4155 593 4218 sed
624 4156 807 4217 hane
839 4155 1239 4218 molestiam
1270 4153 1345 4217 P.
1390 4154 1709 4235 [gnatius
1746 4155 1953 4217 facile
1985 4155 2288 4234 curavit,
2319 4154 2818 4220 confidentiam
2863 4167 2934 4221 et

460 4263 937 4339 dilectionem,
972 4280 1187 4343 quarn
1215 4263 1523 4326 habebat
1553 4277 1727 4340 erga
1758 4260 1833 4325 P.
1873 4262 2111 4325 Araoz
2134 4311 2148 4338 ,
2179 4262 2649 4340 significando
2685 4262 2729 4325 ³.

546 4578 565 4609 ¹
620 4578 808 4632 Supra,
828 4590 953 4632 pag.
972 4578 1071 4631 385,
1093 4590 1141 4627 n.
1160 4578 1258 4621 830.

544 4652 567 4681 ¹
620 4650 754 4694 Vide
776 4662 951 4705 supra,
974 4660 1093 4704 pag.
1114 4650 1211 4703 387,
1232 4660 1410 4695 annot.
1432 4650 1459 4693 2
1478 4650 1545 4694 ad
1565 4662 1615 4693 n.
1637 4650 1734 4694 833.

540 4722 566 4755 ⁸
616 4722 692 4766 De
710 4724 793 4767 his
812 4726 961 4779 plura
982 4724 1035 4767 in
1056 4722 1203 4767 Nova
1224 4726 1368 4768 serie
1386 4723 1699 4768 litterarum
1723 4722 1912 4767 Sancti
1929 4722 2152 4777 [gnam.
