3742 5392
734 539 851 598 630
1659 537 1918 599 Canos.
1960 538 2116 599 Soc.
2155 538 2295 612 Jas.

740 688 863 751 illa
908 686 1431 768 gubernabant,
1487 686 1703 750 aliam
1750 687 1934 751 inire
1973 688 2224 751 salutis
2273 688 2624 751 rationem
2661 704 2808 749 non
2847 687 3204 775 potuerint

740 811 956 875 quam
984 796 1171 857 mala
1200 795 1409 857 navis
1436 793 1888 875 confringere
1917 804 1988 857 et
2017 794 2412 857 anchoram
2439 793 2680 873 figere3
2713 795 2862 872 sed,
2896 793 3018 857 illa
3049 795 3204 874 ipsa

738 901 823 964 vi·
854 902 1075 965 maris
1110 902 1407 973 amissa.
1460 902 1807 965 miraculo
1849 902 2136 965 divinae
2185 900 2686 966 Providentiae
2735 906 2806 965 in
2847 902 3204 983 quoddam

740 1006 999 1071 fiumen
1028 1007 1245 1072 delati
1282 1020 1480 1085 sunt,
1514 1008 1705 1089 quod
1742 1009 2041 1089 triginta
2079 1010 2322 1071 leucas
2351 1026 2394 1071 a
2426 1007 2640 1073 Portu
2683 1006 2952 1072 Securo
2993 1009 3204 1071 dista-

736 1114 881 1194 bat,
915 1116 1105 1195 quod
1135 1116 1440 1179 lusitano
1470 1114 1805 1180 idiomate
1840 1122 1867 1145 *⁶
1889 1114 2018 1179 Rio
2047 1116 2134 1179 de
2163 1117 2272 1179 las
2309 1114 2724 1179 Caravellas
2743 1166 2770 1193 „
2805 1115 3197 1194 dicebatur,

734 1230 806 1285 et
836 1222 933 1285 ita
966 1222 1355 1302 periculum
1384 1233 1767 1287 evaserunt
1799 1220 1843 1283 ¹.

862 1328 1037 1393 1363.
1126 1330 1203 1394 In
1233 1328 1585 1411 praesidio
1614 1331 1855 1411 itaque
1893 1330 2146 1393 Portus
2175 1329 2423 1395 Securi
2459 1331 2592 1394 soli
2624 1328 2774 1410 jam
2803 1330 2973 1393 dicti
3025 1330 3190 1393 Am·

734 1437 1015 1501 brosius
1046 1448 1115 1501 et
1144 1436 1497 1501 Antonius
1534 1438 2026 1523 substiterunt;
2069 1437 2426 1501 Antonius
2465 1448 2702 1501 autem
2742 1454 2883 1500 non
2923 1448 3200 1500 tantum

734 1561 1027 1623 pueros,
1068 1546 1192 1608 sed
1232 1562 1485 1609 servos
1520 1546 1735 1609 etiam
1774 1556 1845 1607 et
1875 1545 2172 1609 ancillas
2202 1544 2712 1609 catechismum
2740 1545 3044 1608 docebat
3066 1594 3081 1622 ‚
3129 1554 3200 1606 et

736 1650 987 1716 diebus
1016 1652 1299 1715 veneris
1328 1670 1371 1714 a
1400 1651 1699 1733 prandio
1730 1652 1821 1715 ad
1852 1652 2102 1715 aedem
2133 1652 2211 1715 B.
2246 1652 2572 1731 Virginis
2600 1651 2832 1716 media
2869 1654 3072 1714 leuca
3103 1650 3200 1713 di-

734 1766 1041 1822 stantem
1070 1776 1145 1821 se
1176 1759 1609 1837 conferebat,
1645 1760 1763 1823 ubi
1792 1758 1869 1823 P.
1897 1758 2320 1823 Ambrosius
2343 1758 2730 1822 habitabat:
2763 1758 2988 1840 pueri,
3017 1774 3196 1837 quos

728 1864 1037 1929 docebat
1068 1865 1455 1941 Antonius,
1489 1884 1583 1929 ex
1611 1866 1938 1931 lusitanis
1981 1867 2154 1931 viris
2193 1876 2262 1929 et
2299 1864 2834 1930 brasiliensibus
2870 1864 3200 1929 foeminis

733 1971 885 2035 sere
912 1972 1066 2036 nati
1092 1983 1319 2047 erant,
1352 1988 1533 2053 quos
1568 1973 2004 2037 mamelucos
2031 1973 2282 2037 vocari
2311 1973 2642 2049 diximuS,
2675 1982 2746 2035 et
2775 1980 3058 2052 praeter
3079 1970 3198 2034 do·

728 2078 1037 2143 ctrinam
1069 2078 1567 2157 christianam,
1603 2098 1818 2161 quarn
1845 2079 1995 2143 fere
2025 2090 2248 2143 totam
2287 2080 2639 2153 sciebant,
2674 2088 3196 2141 consueverant

726 2202 1073 2249 coronam
1104 2186 1250 2249 13³⁶
1282 2186 1604 2266 Virginis
1642 2200 1713 2251 et
1752 2188 1957 2268 pueri
1983 2186 2154 2269 Jesu
2196 2187 2466 2263 dicere,
2511 2196 2582 2250 et
2623 2186 2839 2267 quieti
2869 2185 2942 2249 in
2971 2186 3192 2249 eccle-

728 2294 835 2356 sia
867 2310 1191 2371 manere,
1226 2304 1294 2357 et
1324 2294 1735 2376 parentibus
1774 2295 2060 2359 obedire
2089 2294 2504 2359 didicerant.
2542 2293 2615 2355 P.
2650 2292 3072 2357 Ambrosius
3100 2310 3194 2354 ex

726 2401 973 2464 labore
1002 2400 1557 2482 praedicationis
1586 2410 1657 2465 et
1686 2402 2016 2465 itinerum
2045 2402 2116 2465 in
2145 2401 2578 2465 debilitatem
2615 2416 2951 2481 magnam
2979 2414 3189 2463 vene-

806 2642 821 2675 ¹
882 2640 1026 2686 Haec
1051 2648 1337 2697 tempestas
1358 2650 1410 2685 et
1433 2643 1621 2696 altera,
1652 2653 1783 2697 qnae
1816 2643 1970 2696 infra,
2001 2654 2051 2686 n.
2077 2642 2182 2686 1368
2211 2654 2244 2687 a
2279 2642 2506 2687 Polanco
2539 2642 2866 2689 describitur.
2898 2652 2998 2685 non
3035 2642 3186 2695 duae,

722 2723 779 2759 ut
814 2714 985 2759 videri
1017 2722 1209 2770 ponet,
1238 2714 1329 2759 sed
1364 2724 1465 2757 una
1496 2715 1776 2769 eademque
1804 2714 1930 2767 fult:
1965 2726 2128 2769 neque
2159 2714 2225 2759 ad
2256 2720 2584 2769 praesentem
2598 2746 2610 2767 ,
2639 2714 2730 2757 aed
2765 2714 2831 2757 ad
2867 2712 3188 2769 superiorem

738 2797 928 2830 annum
964 2786 1225 2841 pertinere
1262 2785 1478 2829 dicenda
1510 2791 1590 2829 est
1609 2819 1620 2838 ,
1648 2787 1693 2830 sl
1724 2797 1853 2830 vera
1883 2792 2002 2831 aunt
2032 2798 2129 2841 qne
2159 2786 2561 2829 Vaacoscnttoa
2587 2785 2794 2839 scribit,
2829 2786 2923 2840 Op.
2946 2783 3072 2835 tit„
3098 2786 3132 2829 1.
3154 2796 3190 2837 ι,

724 2870 817 2903 nn.
846 2858 923 2901 1³3
942 2865 995 2901 et
1018 2860 1110 2909 144,
1131 2868 1263 2913 quae
1284 2858 1360 2901 ita
1380 2869 1436 2901 se
1458 2858 1667 2902 habent:
1686 2857 1995 2902 “Tornemos
2013 2869 2180 2913 agorn.
2207 2868 2274 2902 ao
2293 2856 2458 2901 Padre
2491 2856 2764 2901 Leonardo
2792 2856 2988 2901 Nnnes:
3011 2869 3042 2900 o
3069 2858 3192 2911 qual

720 2930 902 2985 depol*
922 2930 985 2973 de
1016 2936 1162 2974 estar
1180 2941 1247 2974 na
1282 2930 1448 2974 Bahia
1475 2934 1565 2973 ate
1595 2928 1793 2974 Otnbro
1827 2930 1893 2974 do
1927 2938 2168 2985 presente
2203 2940 2335 2974 anno
2369 2930 2536 2983 [1553]
2572 2935 2756 2973 tornon
2789 2940 2824 2973 a
2856 2931 3034 2973 voltar-
3067 2939 3192 2985 pera

718 3001 775 3044 S.
802 3002 1040 3055 vicena,
1062 3002 1291 3057 segundo
1311 3014 1344 3046 a
1364 3002 1540 3046 orclem
1560 3012 1657 3057 que
1680 3008 1932 3046 trouxera
1952 3001 2014 3045 de
2031 3000 2292 3056 Nobrega;
2313 3001 2536 3045 levando
2556 3001 2785 3055 comsigo
2806 3002 2924 3044 hum
2943 3002 3059 3043 bom
3081 3011 3191 3044 soc·

712 3084 871 3117 corro
892 3074 955 3117 de
977 3076 1209 3119 obrelros
1228 3108 1239 3127 ,
1262 3084 1292 3118 a
1314 3076 1498 3117 saber:
1522 3072 1745 3117 Vicente
1775 3072 2067 3127 Redi-ignes
2083 3104 2094 3123 .
2114 3084 2211 3127 que
2229 3074 2286 3127 ja
2306 3076 2461 3117 entao
2493 3082 2588 3117 era
2608 3072 2890 3117 Sacerdote
2911 3104 2922 3125 ,
2941 3084 2970 3115 e
3007 3080 3185 3115 outros

717 3150 910 3198 >quatro
930 3144 1235 3199 Religiosos.
1260 3147 1351 3189 dos
1371 3157 1468 3199 que
1492 3145 1673 3189 vierao
1695 3145 1755 3187 de
1779 3144 2054 3197 Portugal.
2070 3155 2098 3187 e
2121 3150 2269 3188 entre
2289 3150 2427 3187 estes
2443 3154 2472 3187 ο
2489 3142 2660 3188 lrmao
2675 3143 2869 3197 joseph
2883 3144 2946 3186 de
2966 3142 3164 3186 Anchle
3177 3156 3196 3165 -

719 3216 965 3261 ta.—Nao
981 3218 1153 3261 sentia
1175 3220 1288 3262 bem
1310 3217 1537 3263 Satanas
1558 3217 1717 3260 d'este
1739 3226 1998 3267 soccos-ro,
2019 3216 2249 3270 secundo
2269 3226 2524 3271 procuron
2544 3217 2833 3261 destruil-o:
2857 3226 3050 3270 porque
3071 3216 3187 3259 che·

714 3288 889 3343 gando
908 3300 1001 3334 nos
1022 3288 1203 3335 baixos
1224 3290 1315 3335 doe
1333 3290 1608 3343 Abrolhos‚
1630 3304 1661 3335 ο
1680 3292 1916 3337 asaaltou
1936 3301 2052 3336 com
2072 3298 2161 3335 tao
2189 3288 2578 3343 decapoderada
2600 3294 2862 3333 tormenta
2879 3321 2890 3341 ,
2914 3298 3012 3342 que
3031 3298 3088 3332 ae
3109 3288 3181 3331 vl·

716 3365 814 3405 rao
834 3362 1078 3415 perdidas
1098 3372 1159 3405 aa
1178 3362 1307 3405 duas
1328 3362 1690 3417 embarcacoes
1709 3375 1793 3407 em
1813 3374 1912 3417 que
1933 3362 2055 3406 hlao
2075 3362 2370 3417 repartidoa
2389 3393 2401 3414 ,
2433 3366 2580 3404 rotas
2597 3371 2660 3403 aa
2679 3362 2842 3407 velas.
2861 3359 3104 3403 eortados
3125 3371 3186 3405 os

712 3439 955 3483 mastroa,
972 3432 1215 3487 perdldaa
1228 3444 1464 3487 ancoras,
1482 3445 1509 3477 e
1527 3436 1684 3478 batel:
1703 3446 1735 3479 a
1749 3446 1831 3479 em
1847 3446 1944 3489 que
1963 3434 2052 3478 hia
2068 3445 2097 3477 o
2113 3433 2287 3477 Irmao
2303 3431 2510 3487 joseph,
2526 3432 2597 3476 foi
2613 3431 2708 3476 dar
2727 3435 2940 3477 atraves
2956 3438 3103 3475 entre
3127 3443 3183 3475 οε

717 3502 985 3557 arrectas,
1016 3504 1147 3548 onde
1167 3505 1463 3559 padecendo
1485 3516 1578 3559 por
1601 3506 1723 3551 toda
1743 3507 1904 3550 huma
1922 3506 2065 3549 nolte
2087 3516 2119 3548 o
2151 3506 2303 3548 bater
2324 3504 2419 3547 dan
2449 3504 2610 3547 ondaa
2641 3503 2909 3548 alteradas
2926 3536 2936 3555 .
2959 3503 3188 3557 podet-ao

718 3582 865 3620 estas
884 3576 1075 3620 vital-a
1094 3606 1105 3628 ,
1127 3587 1155 3619 e
1176 3577 1446 3631 quebral·a
1466 3590 1475 3630 ;
1496 3587 1610 3621 maa
1632 3588 1731 3621 nao
1752 3577 1979 3632 podet-ao
1999 3582 2301 3620 contrastar
2320 3587 2352 3620 a
2372 3574 2642 3628 confianca
2671 3575 2734 3618 de
2753 3574 2945 3629 joseph
2963 3605 2974 3623 .
3006 3586 3035 3618 e
3069 3584 3188 3618 aeus

720 3647 1117 3700 companheiros
1135 3681 1146 3700 ,
1169 3659 1266 3702 qne
1287 3660 1401 3692 com
1418 3660 1479 3693 aa
1499 3648 1747 3703 reliquias
1768 3649 1861 3692 dos
1883 3648 2073 3693 santos
2091 3680 2103 3701 ,
2138 3658 2166 3691 e
2199 3658 2313 3692 com
2334 3648 2494 3690 huma
2515 3646 2740 3702 imagem
2770 3646 2837 3690 da
2865 3646 3068 3700 Virgen
3101 3644 3185 3689 Se-

717 3718 886 3761 nhora
906 3718 1075 3762 Nossa
1090 3730 1172 3763 em
1187 3730 1247 3763 aa
1262 3724 1422 3771 maes,
1443 3731 1521 3763 em
1540 3721 1658 3776 cuja
1676 3731 1901 3775 vespera
1921 3720 1982 3763 de
2003 3730 2099 3763 sua
2119 3718 2466 3772 Preeentacao
2482 3730 2537 3762 se
2553 3718 2809 3767 achavao.
2826 3718 3101 3762 clamavao
3118 3728 3184 3761 ao

712 3788 840 3841 Ceo,
860 3800 888 3832 e
910 3790 1096 3845 pedlao
1126 3790 1511 3845 misericordia;
1546 3796 1633 3836 ate
1654 3803 1753 3847 que
1782 3791 2066 3846 rompendo
2097 3802 2130 3834 a
2159 3791 2287 3835 alva
2306 3790 2372 3834 do
2403 3790 2584 3844 alem-e
2619 3788 2706 3833 dla
2725 3790 2792 3833 da
2811 3788 3028 3843 vix-tem
3045 3820 3057 3833 .
3089 3800 3182 3843 por

720 3861 1021 3905 maravllha
1040 3862 1103 3905 de
1122 3873 1215 3906 seu
1234 3864 1433 3916 grande
1452 3864 1623 3917 favor,
1644 3864 1857 3908 aalairao
1879 3863 2028 3907 todos
2049 3862 2200 3906 vivos
2223 3866 2256 3905 a
2277 3862 2430 3917 prala
2443 3892 2456 3910 .
2476 3873 2504 3904 e
2525 3862 2753 3915 poderao
2771 3860 2949 3915 depol·
2970 3861 3120 3905 les-ar
3150 3871 3181 3904 o

724 3932 899 3983 navio.
920 3934 1079 3978 ainda
1104 3944 1201 3989 que
1224 3936 1505 3990 quebrado,
1528 3947 1555 3979 e
1576 3935 1904 3989 destrocado.
1923 3945 1990 3979 ao
2009 3942 2162 3990 porto
2181 3946 2278 3989 que
2299 3934 2518 3977 chamae
2539 3934 2633 3977 daz
2661 3932 2968 3977 Caravelas.
3001 3934 3050 3976 Α
3077 3944 3179 3977 em-

710 4006 975 4058 barcacao
996 4016 1077 4049 em
1096 4016 1193 4060 que
1214 4006 1303 4049 hia
1324 4016 1354 4048 ο
1375 4004 1544 4051 Padre
1565 4005 1841 4051 Leonardo
1853 4016 2082 4050 enxoron
2097 4016 2180 4049 em
2194 4016 2227 4049 a
2243 4006 2408 4060 praia,
2427 4016 2455 4048 e
2476 4006 2612 4050 setae
2625 4014 2708 4047 em
2723 4005 2961 4058 pedacos,
2979 4005 3186 4047 salvan·

714 4076 853 4121 dome
876 4087 909 4120 a
929 4082 1105 4131 gente,
1126 4089 1153 4121 e
1177 4078 1414 4132 alguinus
1434 4089 1620 4123 cousas
1640 4080 1817 4133 d'ella3
1839 4090 1867 4123 e
1887 4079 2056 4122 d’esta
2075 4077 2144 4122 fol
2165 4078 2312 4130 force
2331 4084 2603 4122 restaurat·
2627 4088 2660 4120 a
2681 4076 2970 4131 quebrada.
2997 4076 3183 4119 Porem

714 4160 796 4191 em
815 4154 1012 4203 quanto
1032 4160 1065 4193 ι
1084 4151 1210 4194 obta
1232 4160 1287 4194 se
1310 4150 1445 4195 (azia
1464 4184 1474 4203 .
1496 4151 1645 4195 sorae
1680 4150 2000 4195 combatldoa
2019 4150 2082 4194 de
2102 4156 2255 4194 outro
2275 4156 2458 4204 aperto
2489 4151 2552 4194 de
2576 4150 2713 4194 some
2730 4180 2742 4201 ,
2764 4160 2864 4203 que
2885 4159 3012 4202 pera
3033 4154 3186 4192 tanta

716 4228 873 4273 gente
892 4253 905 4275 ,
925 4232 953 4264 e
974 4230 1056 4265 em
1080 4224 1231 4277 prala
1250 4224 1429 4267 esterll
1452 4223 1653 4277 checou
1674 4234 1707 4267 a
1728 4234 1814 4267 ser
1834 4229 2074 4267 extrema
2092 4235 2105 4277 ;
2128 4235 2155 4266 e
2175 4225 2232 4267 ⁸6
2253 4234 2368 4267 com
2391 4222 2530 4266 fruta
2551 4220 2780 4265 buscada
2798 4231 2918 4264 com
2933 4220 3184 4265 trabalho

716 4293 863 4347 pelo:
882 4299 1079 4339 mattos
1099 4298 1453 4341 conservatae
1474 4306 1535 4339 as
1554 4295 1721 4339 vidae.
1742 4294 1787 4337 N
1792 4299 1858 4338 ao
1877 4306 1934 4338 ae
1967 4294 2098 4349 pode
2119 4304 2284 4349 negar
2316 4304 2414 4350 qne
2435 4294 2704 4338 entrevelo
2733 4303 2822 4335 em
2843 4296 2932 4337 tao
2951 4292 3178 4345 grandes

704 4366 915 4419 perlgoe
936 4367 1090 4411 favor
1110 4367 1389 4421 mllagroao
1410 4367 1477 4410 da
1498 4366 1733 4411 Senlaora
1752 4400 1763 4419 ,
1797 4378 1826 4409 e
1851 4368 1940 4411 val
1961 4366 2152 4422 joseph
2187 4364 2646 4421 experimentando
2677 4376 2708 4409 a
2739 4363 3030 4419 particular
3063 4374 3178 4418 pro-

706 4442 916 4491 teccao,
936 4450 1033 4494 que
1070 4439 1192 4484 toda
1210 4440 1335 4484 vida
1354 4442 1563 4494 gesara.
1600 4438 1926 4483 Concertado
1947 4450 1978 4483 o
1997 4439 2183 4492 navlo,
2215 4437 2558 4493 prosecuti-ao
2581 4438 2795 4491 vlagem
2828 4447 2894 4480 ao
2927 4444 3081 4490 porto
3115 4436 3186 4479 do

708 4508 941 4564 Eapirlto
958 4515 1112 4555 santo
1130 4512 1295 4555 nonde
1314 4512 1495 4566 depols
1518 4512 1579 4554 de
1602 4514 1813 4566 alguma
1832 4510 2075 4564 refeicao,
2099 4512 2440 4555 embarcarao
2459 4509 2688 4562 comslgo
2707 4518 2738 4551 o
2762 4508 2936 4552 Padre
2963 4508 3184 4552 Alfonao

708 4580 843 4626 Braz
863 4614 873 4630 .
896 4594 991 4637 que
1010 4583 1268 4637 n’aquella
1286 4594 1413 4628 casa
1433 4590 1638 4634 estava.
1662 4594 1688 4627 e
1710 4582 1967 4627 delxando
1989 4594 2069 4627 em
2089 4594 2180 4626 seu
2200 4582 2354 4634 lugat
2375 4593 2404 4623 o
2425 4579 2594 4625 Padre
2615 4578 2752 4623 Bra:
2769 4578 3055 4633 Laurentem
3080 4580 3184 4625 lar·

710 4653 881 4707 gando
902 4664 935 4697 a
954 4655 1075 4699 vela
1096 4654 1361 4708 chegarao
1381 4666 1411 4697 a
1434 4656 1763 4699 salvamento
1784 4665 1816 4698 a
1838 4656 2020 4707 lancar
2041 4654 2180 4697 ferro
2212 4664 2277 4697 no
2297 4660 2449 4707 porto
2479 4652 2542 4695 de
2569 4650 2626 4695 S.
2661 4652 2886 4695 Vicente
2915 4651 3180 4706 desejado,

702 4736 793 4769 em
810 4726 865 4770 2⁴
882 4726 945 4770 de
964 4724 1250 4773 Dezembro
1270 4729 1333 4772 do
1354 4740 1547 4773 mesmo
1568 4740 1702 4773 anno
1723 4728 1785 4772 de
1810 4728 1930 4772 1553.
1945 4727 2136 4781 „—Hia
2171 4733 2454 4771 consonant
2485 4736 2616 4781 quae
2653 4725 2834 4770 scribit
2867 4724 3184 4772 Ouanota:-

708 4794 809 4851 Op.
829 4800 937 4851 cit„
956 4811 1004 4854 p.
1022 4800 1063 4847 1.
1085 4802 1118 4845 1.
1144 4812 1253 4851 xm.
1276 4814 1323 4844 n.
1343 4802 1419 4845 73.
