3742 5392
731 451 840 511 362
1643 451 1900 513 Canon.
1943 450 2093 509 Soc.
2136 449 2279 522 Jas.

850 596 990 660 770.
1081 598 1336 662 Totam
1363 598 1647 662 demum
1675 598 1923 660 urbem
1951 597 2159 660 simul
2182 614 2345 659 cum
2368 596 2617 661 amicis
2640 594 2917 677 [nostri]
2944 598 3203 660 lustra--

731 716 918 781 runt,
945 714 1048 783 ut,
1073 705 1298 769 sicubi
1321 704 1473 768 fieri
1489 714 1752 786 posset,
1773 706 1927 767 sine
1951 705 2449 784 religiosorum
2472 704 2855 768 offensione
2872 705 3052 769 situs
3075 704 3196 767 ali—

733 812 890 891 quis
939 812 1372 875 conveniens
1414 812 1684 876 nostris
1727 811 2137 875 ministeriis
2180 812 2642 890 inveniretur3
2686 812 2971 877 tandem
3012 812 3197 876 situs

732 918 1020 998 quidam
1049 919 1380 982 inventus
1408 919 1614 982 estin
1657 918 1890 981 medio
1934 918 2150 995 urbiS,
2194 917 2285 981 ad
2324 918 2877 982 ministeriorum
2921 927 3189 982 nostro-

731 1042 887 1089 rum
915 1026 1504 1089 exercitationem
1532 1024 1858 1103 idoneus=
1894 1024 2019 1087 sed
2060 1042 2201 1087 non
2242 1023 2334 1086 ad
2372 1035 2779 1089 nostrorum
2808 1026 3191 1104 {habitatio-

731 1148 916 1199 nem.
950 1149 1034 1194 eo
1065 1132 1256 1213 quod
1285 1150 1424 1196 non
1458 1134 1735 1210 amplus
1776 1142 1987 1205 esset,
2031 1148 2163 1194 nec
2191 1131 2481 1195 hortum
2520 1132 2781 1195 habere
2820 1143 3087 1212 posset;
3122 1142 3195 1195 et

733 1238 844 1301 vir
884 1238 1171 1319 quidam
1211 1238 1465 1301 nobilis
1510 1238 1746 1300 viliori
1788 1240 2007 1301 etiam
2050 1238 2277 1317 pretio
2315 1239 2581 1301 nostris
2622 1237 2941 1303 vendidit
2980 1256 3195 1319 quam

733 1345 891 1408 aliis
920 1345 1228 1409 vendere
1259 1346 1624 1427 potuisset3
1669 1356 1736 1408 et
1778 1346 1944 1425 quia
1985 1344 2165 1408 dirui
2208 1344 2495 1408 domum
2534 1346 2940 1425 oportebat,
2984 1346 3200 1411 aliam

733 1452 824 1515 ad
849 1463 1254 1517 nostrorum
1284 1454 1793 1516 habitationem
1823 1453 1891 1515 ei
1921 1450 2373 1531 conjunctam
2415 1452 2932 1528 conduxerunt,
2965 1452 3198 1516 donec

739 1559 1139 1623 aedificium
1167 1560 1567 1624 absolutum
1599 1569 1807 1623 esset.

854 1664 994 1728 771.
1082 1665 1240 1729 Non
1265 1677 1502 1730 tamen
1531 1665 1909 1729 defuerunt
1934 1666 2055 1745 qui
2076 1664 2583 1745 persuaderent
2607 1666 2861 1729 viduae
2884 1666 3193 1745 cuidam,

737 1770 940 1851 cujus
967 1790 1052 1835 ea
1083 1774 1337 1836 domus
1365 1782 1543 1850 erat,
1581 1790 1666 1836 ne
1695 1773 1958 1836 nostris
2001 1788 2160 1835 eam
2198 1773 2491 1849 locaret;
2532 1771 2813 1837 demum
2841 1784 2987 1837 tam
3031 1777 3203 1837 mul-

741 1888 858 1941 tae
895 1879 1526 1957 contradictiones,
1574 1879 2204 1956 murmuratione8‚
2246 1878 2427 1942 falsa
2464 1879 2901 1958 testimonia,
2938 1880 3200 1943 irrisio—

741 2004 868 2049 nes
897 1994 967 2049 et
996 1987 1134 2049 alia
1164 1985 1566 2065 huJ’usmodi
1595 1996 1840 2050 contra
1865 1996 2151 2049 nostros
2173 1985 2791 2065 Caesaraugustae
2815 1988 3193 2051 cernebam

738 2101 874 2167 tur,
909 2101 977 2156 et
1006 2103 1153 2156 tam
1185 2101 1432 2173 aperta
1461 2092 1889 2173 significatio
1920 2090 2319 2155 aversionis
2349 2093 2747 2157 animorum
2772 2095 2841 2156 in
2866 2094 3195 2157 omnibus

737 2218 914 2280 pene
945 2200 1298 2279 religiosis
1326 2210 1395 2265 et
1427 2200 1749 2280 plurimis
1777 2199 2288 2278 sacerdotibus,
2324 2217 2465 2263 non
2494 2199 2911 2280 excipiendo
2942 2201 3033 2263 ab
3064 2202 3202 2265 hoc

738 2324 1034 2371 numero
1084 2308 1722 2388 Archiepiscopum
1777 2304 1817 2382 ¹,
1861 2316 1936 2370 ut
1983 2307 2413 2370 crediderint
2462 2308 2689 2370 nostri
2744 2307 2815 2370 in
2864 2308 3207 2373 universa

735 2503 1161 2512 ——-----——-

741 2617 975 2673 Despues
1002 2630 1100 2663 con
1119 2620 1300 2664 effecto
1329 2630 1386 2663 se
1407 2623 1618 2673 compro
1639 2630 1779 2663 cana.
1803 2618 1938 2662 Esta
1958 2618 2043 2663 fue
2063 2620 2115 2663 la
2136 2617 2198 2662 de
2220 2619 2283 2663 D.
2306 2619 2439 2671 Juan
2460 2620 2724 2663 Torrellas
2744 2630 2897 2664 cerea
2916 2620 3051 2665 dela
3073 2620 3206 2675 Igle-

737 2690 815 2733 sia
837 2690 900 2733 de
923 2690 973 2735 S.
995 2690 1210 2745 Phelipe
1225 2723 1236 2739 .
1255 2693 1310 2735 la
1328 2692 1450 2745 qual
1471 2695 1616 2735 costo
1637 2690 1724 2735 mil
1745 2690 1979 2734 escudos.
1999 2690 2297 2734 Entendida
2318 2698 2433 2734 esta
2454 2702 2663 2746 compta
2684 2702 2779 2746 por
2800 2693 2875 2736 los
2896 2692 3119 2746 clericos
3140 2691 3201 2735 de

736 2760 782 2805 N
785 2761 825 2805 ,⁸
845 2760 923 2805 S.·
942 2762 1026 2806 del
1047 2760 1192 2806 Pilar
1211 2774 1307 2817 que
1329 2774 1386 2806 es
1407 2762 1469 2805 de
1487 2764 1696 2816 aquella
1716 2761 2019 2814 Par-rochia.
2042 2772 2073 2816 >-
2095 2762 2156 2805 de
2177 2762 2254 2805 los
2275 2761 2337 2804 de
2360 2761 2465 2806 San
2486 2760 2710 2817 nempe,
2734 2770 3027 2808 mostraron
3046 2764 3203 2807 senti-

739 2834 948 2888 miento,
969 2844 1115 2878 como
1149 2836 1228 2879 los
1261 2834 1456 2889 demas,
1476 2848 1512 2891 y
1530 2844 1850 2889 procuraron
1871 2846 1971 2889 que
2000 2836 2080 2877 los
2108 2842 2350 2878 nuestros
2381 2845 2445 2879 no
2466 2834 2719 2879 hicieasen
2738 2835 2967 2879 assieuto
2988 2847 3053 2878 en
3086 2836 3207 2879 ella:

737 2912 888 2960 parte
907 2918 1004 2961 por
1021 2914 1136 2949 esto
1156 2919 1190 2962 y
1210 2918 1405 2961 porque
1427 2907 1478 2949 la
1499 2917 1623 2949 casa
1643 2905 1925 2961 comprada
1946 2918 2010 2950 no
2031 2917 2123 2949 era
2144 2908 2388 2950 bastante
2410 2906 2531 2949 sltIo
2552 2917 2684 2961 para
2703 2908 2752 2949 el
2770 2905 3016 2961 collegio,
3039 2919 3074 2963 y
3090 2912 3209 2950 otta

737 2989 834 3032 que
856 2988 948 3021 era
977 2978 1277 3022 necessaria
1297 2989 1364 3021 no
1385 2980 1438 3021 la
1458 2980 1638 3032 querit
1661 2978 1857 3021 vender
1877 2989 1937 3021 su
1958 2977 2139 3031 duello,
2164 2976 2551 3021 determinaron
2572 2979 2647 3021 los
2667 2978 2864 3021 Padres
2886 2979 2949 3021 de
2970 2978 3207 3033 dexarla,

739 3062 772 3106 y
793 3049 1084 3095 finalmente
1105 3052 1180 3095 les
1200 3051 1395 3103 deparo
1415 3049 1638 3094 Nuestro
1660 3048 1825 3093 Senot·
1845 3051 1895 3092 el
1913 3048 2035 3092 sitio
2056 3062 2091 3105 y
2112 3050 2263 3103 lugat
2284 3060 2347 3093 en
2367 3060 2464 3103 que
2485 3050 2538 3093 al
2557 3056 2799 3103 presente
2822 3053 2937 3094 esta
2958 3050 3207 3095 edificado

737 3124 890 3176 aquel
911 3120 1160 3176 Collegio,
1181 3133 1278 3175 que
1309 3132 1402 3165 era
1435 3133 1539 3165 una
1567 3131 1694 3165 casa
1713 3131 1809 3175 que
1841 3132 1899 3164 se
1929 3121 2077 3164 decia
2097 3120 2159 3163 de
2180 3119 2386 3164 Sancho
2407 3120 2469 3164 de
2491 3120 2734 3172 Francia.
2757 3133 2854 3176 que
2875 3124 3061 3166 estaba
3098 3132 3209 3165 mas

739 3193 923 3237 dentro
955 3194 1017 3237 de
1047 3194 1100 3237 la
1121 3192 1308 3237 cindad
1323 3226 1334 3246 .
1357 3204 1454 3245 que
1486 3195 1565 3236 los
1594 3199 1738 3236 otros
1759 3192 1852 3235 dos
1886 3192 2140 3246 primeros
2169 3191 2319 3235 sitios
2338 3192 2685 3245 pretendidos,
2706 3205 2742 3249 y
2761 3204 2829 3237 no
2851 3193 2975 3237 avia
2996 3198 3209 3237 eontra·

739 3264 906 3309 dicion
927 3275 1021 3319 por
1044 3270 1290 3309 entonces
1309 3265 1371 3308 de
1400 3270 1554 3320 parte
1577 3264 1638 3307 de
1673 3266 1751 3309 los
1771 3264 1984 3308 vecinos
2016 3264 2393 3317 eclesiasticum
2425 3275 2521 3307 con
2541 3275 2639 3318 que
2671 3267 2747 3308 los
2770 3264 2965 3309 Padres
3000 3264 3211 3308 trahian

741 3342 830 3380 tan
863 3337 1061 3390 grande
1091 3344 1276 3381 cuenta
1296 3367 1306 3388 .
1326 3349 1362 3393 y
1383 3346 1477 3380 era
1495 3338 1649 3389 lugat
1669 3347 1782 3380 mas
1801 3336 2129 3391 desocupado
2162 3346 2294 3389 para
2320 3336 2537 3390 puderse
2556 3335 2814 3389 estender,
2836 3348 2933 3391 que
2955 3348 3018 3379 no
3040 3337 3089 3379 el
3109 3342 3212 3379 ter-

739 3418 860 3451 cero
887 3408 1010 3452 sitio
1029 3389 1090 3451 cle
1119 3407 1172 3451 la
1194 3418 1316 3452 casa
1337 3408 1399 3451 de
1423 3407 1484 3451 D.
1505 3407 1640 3460 Juan
1661 3407 1945 3451 Tot-renas.
1968 3406 2045 3450 No
2067 3408 2271 3451 carecio
2292 3408 2353 3451 de
2375 3406 2643 3451 dificultad
2675 3412 2897 3461 aquesta
2918 3418 3129 3462 compra
3150 3405 3213 3449 de

737 3486 890 3533 parte
911 3480 974 3523 de
995 3481 1072 3523 los
1091 3480 1300 3531 duenoS.
1324 3491 1420 3534 que
1439 3489 1568 3523 eran
1587 3478 1696 3525 dos.
1717 3491 1752 3534 y
1773 3480 1820 3522 el
1842 3490 1943 3522 uno
1964 3477 2106 3523 tenia
2127 3485 2315 3533 quatro
2336 3484 2514 3533 partes
2534 3490 2600 3522 en
2620 3480 2721 3522 ella
2738 3512 2749 3533 ‚
2770 3492 2807 3535 y
2828 3489 2893 3523 no
2916 3479 3070 3533 podia
3089 3489 3218 3521 ven-

739 3551 906 3594 dellas
933 3551 1012 3595 ein
1032 3550 1458 3595 consentlmlento
1491 3551 1552 3594 de
1587 3562 1834 3605 personas
1865 3558 2125 3594 ausentes.
2146 3550 2212 3593 El
2245 3556 2360 3594 otro
2382 3550 2549 3593 dueiio
2583 3560 2675 3594 era
2708 3561 2852 3603 moco
2884 3550 2946 3593 de
2977 3550 3160 3594 humor
3179 3563 3214 3606 y

740 3624 1063 3666 mesti-avalo
1084 3634 1147 3667 en
1167 3630 1276 3665 este
1299 3623 1606 3677 particular.
1629 3620 1720 3666 Sin
1739 3628 1852 3665 esto
1870 3623 1925 3665 la
1946 3632 2071 3665 casa
2090 3632 2183 3665 era
2205 3622 2487 3665 tributaria
2508 3632 2540 3665 a
2560 3624 2615 3665 la
2641 3622 2829 3665 cindad
2851 3622 2914 3665 de
2936 3621 3213 3677 Caragoca

741 3694 804 3737 de
825 3704 978 3737 censo
999 3700 1214 3747 muerto,
1234 3707 1270 3752 y
1291 3697 1396 3738 assi
1419 3700 1566 3737 costo
1596 3694 1781 3738 mucho
1802 3694 2011 3748 trabaJ‘o
2030 3706 2065 3750 y
2086 3694 2279 3747 tiempo
2298 3695 2349 3737 el
2368 3692 2535 3737 havet
2556 3700 2775 3748 aquesta
2806 3704 2948 3747 cua,
2970 3704 3096 3748 pero
3116 3704 3215 3737 con

739 3765 1008 3819 paciencia
1027 3779 1062 3823 y
1083 3766 1362 3819 diligencia
1384 3766 1626 3822 ayudada
1643 3766 1726 3809 del
1743 3766 1907 3809 Senot
1923 3777 2021 3819 que
2036 3775 2167 3820 para
2184 3766 2304 3809 todo
2320 3766 2441 3809 vale
2459 3765 2662 3817 mucho,
2679 3777 2733 3809 se
2756 3766 2897 3809 huvo
2917 3767 2966 3808 el
2986 3768 3085 3811 ailo
3107 3765 3219 3808 1555

741 3848 836 3891 por
866 3838 1042 3893 precio
1062 3838 1124 3881 de
1145 3836 1255 3881 2500
1273 3838 1510 3882 escudos.
1535 3836 1726 3883 Deetos
1755 3841 1891 3892 pago
1921 3838 1973 3881 la
1994 3837 2180 3881 ciudad
2202 3838 2279 3881 los
2308 3838 2397 3882 mil
2418 3848 2515 3891 que
2542 3837 2669 3881 avia
2688 3838 2946 3890 ofrecid03
2970 3838 3045 3882 los
3072 3844 3219 3882 otros

742 3908 832 3953 mil
862 3921 898 3965 y
918 3910 1213 3964 quinientos
1246 3920 1338 3953 nos
1372 3914 1651 3963 prestaron
1683 3914 1924 3953 nuestros
1954 3910 2173 3953 devotos
2208 3920 2242 3965 y
2271 3920 2327 3952 ee
2356 3918 2593 3963 pagaron
2626 3908 2846 3963 despnes
2878 3910 2941 3953 de
2976 3910 3216 3953 limoona.

745 3980 920 4033 Quedd
941 3980 991 4025 la
1010 3990 1134 4025 casa
1154 3991 1285 4035 para
1307 3981 1358 4023 la
1380 3979 1666 4035 Com'pania
1685 3991 1888 4034 aunquc
1909 3990 2005 4035 por
2026 3980 2218 4025 ciertos
2237 3985 2505 4034 respectos
2525 3980 2826 4024 favorables
2850 3982 2902 4024 la
2923 3981 3142 4025 comino
3164 3982 3217 4023 la

745 4050 944 4095 Ciudad
964 4052 1070 4108 yla
1090 4052 1268 4095 volvio
1289 4061 1320 4094 a
1341 4051 1394 4095 la
1415 4050 1701 4105 Compaflia
1727 4060 1822 4104 por
1841 4051 1891 4094 el
1920 4051 2102 4095 mismo
2132 4060 2302 4103 censo,
2324 4060 2422 4103 que
2452 4058 2545 4093 era
2575 4049 2637 4092 de
2658 4050 2784 4094 doce
2816 4050 3047 4104 meldos,
3067 4060 3216 4094 como

747 4128 929 4167 consta
949 4123 1032 4167 del
1059 4130 1180 4167 acto
1211 4124 1376 4167 hecho
1397 4125 1429 4166 a
1455 4123 1486 4165 3
1503 4122 1565 4166 de
1595 4122 1904 4167 Noviembre
1925 4122 1987 4165 de
2012 4122 2130 4167 1557.
2152 4120 2232 4165 La
2262 4128 2385 4165 otra
2415 4132 2542 4166 caea
2561 4132 2659 4176 que
2691 4133 2747 4165 se
2778 4126 2989 4176 compro
3019 4123 3083 4167 de
3104 4122 3218 4167 Don

747 4192 878 4245 Juan
899 4192 962 4235 de
983 4192 1250 4236 Torrellns
1281 4203 1336 4237 se
1359 4192 1534 4236 volvio
1555 4194 1586 4235 a
1619 4192 1815 4235 vender
1835 4194 1868 4234 a
1890 4190 1979 4234 D.·
1998 4190 2165 4234 Maria
2196 4190 2427 4235 Sanchez
2456 4190 2518 4233 de
2538 4190 2732 4235 Toledo
2760 4202 2819 4234 su
2840 4202 3023 4245 muger
3043 4202 3139 4246 por
3171 4191 3219 4235 el

749 4264 930 4309 mismo
965 4264 1140 4318 precio
1170 4264 1392 4307 aviendo
1426 4264 1478 4307 la
1514 4262 1796 4317 Compaflia
1829 4263 2051 4316 algunos
2085 4264 2212 4306 anos
2248 4261 2677 4316 aprovechadose
2708 4262 2771 4305 de
2808 4264 2885 4306 loe
2918 4263 3221 4322 alquilereS,

748 4336 1029 4390 queriendo
1059 4337 1269 4390 aqueua
1299 4334 1496 4379 Sessora
1527 4336 1689 4379 hacer
1707 4340 1820 4377 este
1840 4332 2087 4377 beneflcio
2106 4334 2159 4377 al
2189 4332 2467 4388 collegia„
2487 4332 2736 4377 Historia
2757 4332 2825 4377 de
2850 4333 2907 4377 la
2930 4332 3220 4378 Provincia

759 4409 829 4451 de
849 4408 1065 4461 aragon
1086 4408 1152 4451 de
1173 4407 1226 4450 la
1251 4406 1543 4462 CompaMa
1563 4406 1632 4451 de
1648 4405 1832 4460 JesuS,
1852 4406 1943 4450 lib.
1968 4416 2023 4460 11,
2044 4416 2158 4460 cap.
2174 4406 2246 4449 50.

831 4482 848 4511 ¹
903 4478 995 4522 ·D.
1018 4478 1293 4523 Fernando
1314 4479 1376 4522 de
1398 4478 1631 4533 Arae-on,
1653 4477 1760 4531 hijo
1780 4477 1842 4521 de
1855 4476 1970 4521 Don
1990 4477 2185 4521 Alonso
2204 4477 2267 4520 de
2289 4476 2519 4532 aragon,
2534 4478 2821 4532 Arzobispo
2842 4478 2907 4521 de
2926 4476 3221 4531 Zaragoza.

749 4564 780 4606 y
804 4550 946 4596 nieto
963 4552 1026 4595 de
1049 4550 1111 4595 D.
1135 4548 1409 4595 Fen-nando
1439 4562 1536 4607 rey
1555 4550 1618 4593 de
1651 4548 1870 4593 cantilla
1891 4561 1925 4605 y
1950 4550 2181 4603 Arazon.
2203 4548 2439 4593 Presidio
2459 4550 2516 4593 la
2545 4550 2733 4604 iglena
2750 4550 2811 4593 de
2832 4548 3105 4604 Zaragoza
3134 4548 3218 4592 del

747 4622 804 4667 m
821 4624 883 4667 de
905 4622 1079 4669 Marzo
1101 4623 1164 4667 de
1187 4622 1294 4666 1529
1326 4626 1358 4667 a
1377 4622 1432 4667 20
1450 4623 1513 4666 de
1537 4622 1707 4666 Enero
1727 4620 1790 4664 de
1811 4620 1943 4674 1575,
1966 4630 2028 4663 en
2058 4631 2155 4674 que
2187 4620 2368 4665 mur-16.
2388 4620 2499 4665 Fue
2528 4622 2781 4675 diligente
2813 4620 3157 4665 anticuario..
3172 4651 3219 4670 .,,

749 4694 1038 4750 Be‘ograsta
1071 4694 1430 4745 eclesiastica,
1449 4700 1485 4737 t.
1505 4704 1545 4745 ι,
1565 4704 1686 4749 pag.
1705 4691 1804 4735 871.
1825 4691 1875 4736 Is
1904 4698 2022 4737 erat
2042 4690 2218 4735 Patris
2238 4690 2507 4737 Franciaci
2534 4692 2599 4737 de
2619 4692 2778 4747 Bon-ja
2808 4692 3225 4746 consanguineus
