3742 5392
1641 483 1768 542 Aa.
1813 483 1955 542 1554
2926 483 3037 544 505

547 639 876 696 nostrum
906 647 1070 694 eum
1096 628 1520 694 mittendum
1551 638 1926 707 curarunt,
1962 625 2163 708 cujus
2192 629 2516 694 morbum
2546 645 2710 694 cum
2744 628 2823 694 P.
2858 629 3029 706 Le0,

547 739 836 817 Rector,
871 736 1355 817 cognovisset,
1381 736 1648 817 placuit
1675 736 1965 800 divinae
1994 735 2305 800 Bonitati
2326 753 2455 818 per
2483 753 2645 800 eum
2673 737 3033 802 hominem

547 846 753 909 illum
780 859 1064 922 sanare3
1095 853 1164 906 et
1197 851 1344 906 tam
1374 844 1700 924 corporis
1731 859 1947 924 quam
1974 842 2197 907 animi
2222 843 2611 923 angoribus
2640 844 2841 924 liber,
2874 861 3033 924 pec·

547 961 720 1016 cata
749 950 1117 1016 confessus
1145 959 1285 1029 est,
1327 958 1399 1013 et
1439 951 1939 1030 perseveravit
1984 949 2173 1014 bono
2212 950 2285 1014 in
2328 959 2521 1014 statu
2561 960 2631 1014 et
2670 967 2797 1030 spe
2842 952 3033 1014 vitae

565 1068 927 1122 aeternae.

681 1165 858 1229 1069.
945 1163 1228 1230 Ancilla
1259 1164 1669 1246 cujusdam,
1706 1174 2001 1246 propter
2031 1181 2292 1228 causas
2322 1165 2669 1246 quasdam
2700 1174 2849 1228 toto
2880 1181 3033 1228 cor-

555 1289 728 1352 pore
766 1273 1001 1354 plagis
1040 1271 1292 1336 affecta
1333 1283 1404 1336 et
1447 1271 1913 1352 compedibus
1950 1271 2206 1335 ferreis
2244 1281 2573 1350 onerata,
2619 1273 2691 1335 in
2739 1271 3031 1336 humido

557 1381 865 1462 quodam
894 1381 1077 1459 loco,
1109 1380 1300 1444 nudo
1331 1380 1403 1444 in
1434 1380 1866 1460 pavimento,
1903 1389 2099 1443 tanta
2132 1395 2297 1442 curn
2325 1378 2839 1443 inhumanitate
2878 1379 3037 1442 reli·

558 1498 674 1552 cta
703 1487 970 1566 fuerat,
1005 1497 1081 1550 ut
1112 1486 1202 1551 ad
1233 1497 1536 1552 mortem
1558 1487 1708 1568 jam
1739 1486 2149 1566 accederet;
2180 1484 2369 1568 quod
2417 1504 2577 1551 cum
2609 1485 2897 1567 quidam
2942 1503 3034 1548 ex

555 1595 824 1659 nostris
851 1595 1337 1673 intellexisset,
1370 1611 1752 1674 personam
1781 1594 1977 1657 illam
2006 1594 2275 1672 adienS,
2311 1611 2353 1656 a
2384 1610 2523 1674 qua
2555 1603 2703 1656 tam
2734 1593 3032 1656 crudeli-

562 1713 672 1766 ter
699 1719 915 1784 serva
951 1701 1198 1782 punita
1233 1701 1499 1780 fuerat,
1533 1700 1817 1765 feritate
1856 1701 1929 1764 in
1972 1701 2310 1782 pietatem
2346 1717 2701 1764 conversa
2730 1748 2744 1776 ,
2792 1700 3035 1762 statim

563 1813 824 1873 lectum
854 1808 1201 1889 providit,
1248 1808 1626 1889 compedes
1665 1807 1937 1872 ferreos
1982 1808 2297 1888 abstulit,
2341 1816 2409 1871 et
2454 1807 2807 1872 medicum
2839 1807 3034 1870 adhi-

573 1917 746 1995 buit;
779 1925 850 1980 et
877 1915 1208 1997 quamvis
1229 1914 1378 1995 J’am
1401 1914 1552 1996 ejus
1573 1931 1836 1994 corpus
1857 1915 2036 1979 adeo
2058 1923 2611 1996 computruerat,
2639 1923 2715 1978 ut
2740 1915 2886 1992 vix,
2912 1931 3031 1977 na·

565 2025 759 2088 ribus
787 2023 1157 2102 obturatiS,
1203 2022 1432 2087 foetor
1461 2039 1552 2086 ex
1593 2022 1826 2104 plagis
1855 2022 2229 2103 egrediens
2272 2022 2565 2086 tolerari
2606 2031 2869 2103 posset,
2916 2039 3033 2084 cu-

563 2141 722 2194 rata
752 2139 990 2194 tamen
1021 2139 1150 2193 est.
1185 2128 1378 2193 Idem
1407 2129 1748 2193 sacerdos
1779 2129 2076 2209 aliquOS,
2113 2138 2401 2209 propter
2424 2129 2705 2209 publica
2735 2139 3033 2210 peccata

565 2237 1222 2301 excommunicatos
1251 2246 1320 2300 et
1342 2236 1760 2312 obstinatOS,
1788 2254 1831 2300 a
1855 2235 2248 2316 pertinacia
2273 2237 2393 2299 illa
2414 2234 2507 2299 ad
2531 2236 3038 2317 poenitentiam

572 2354 642 2407 et
671 2343 1190 2408 confessionem
1220 2343 1616 2408 revocavit.

694 2449 870 2514 1070.
955 2451 1066 2514 Ex
1096 2451 1256 2514 aliis
1283 2451 1462 2514 locis
1489 2460 1692 2514 extra
1723 2449 2255 2516 Conimbricam
2292 2449 2761 2514 confessionis
2799 2452 3040 2530 gratia

569 2558 950 2639 aliquando
991 2558 1194 2620 multi
1233 2558 1796 2636 conveniebant,
1830 2557 2251 2639 praesertim
2298 2573 2461 2620 cum
2492 2556 2883 2638 jubilaeum
2920 2575 3041 2638 pu·

563 2665 908 2728 blicatum
941 2674 1071 2728 est.
1107 2663 1539 2728 observavit
1575 2664 1980 2744 praefectus
2025 2664 2268 2744 templi
2316 2664 2389 2727 in
2443 2665 2747 2728 ecclesia
2797 2673 3041 2728 nostra

573 2771 852 2836 duobus
881 2771 1132 2836 diebus
1162 2773 1508 2836 ducentos
1551 2782 1624 2835 et
1661 2771 2043 2851 sexaginta
2092 2779 2162 2834 et
2201 2788 2288 2835 eo
2329 2771 2634 2850 amplius
2674 2771 3045 2836 confessos

575 2895 768 2943 esse:
801 2878 1042 2958 itaque
1074 2879 1232 2942 aliis
1261 2879 1512 2942 diebus
1541 2879 1744 2942 multi
1774 2878 1915 2942 hoc
1957 2879 2191 2958 ipsum
2230 2877 2652 2942 beneficium
2694 2896 2737 2942 a
2781 2879 3047 2942 nostris

573 2995 1042 3066 acceperunt;
1088 2985 1215 3049 sed
1255 2987 1326 3049 in
1366 2986 1527 3049 aliis
1567 2986 1792 3049 variis
1829 2986 2155 3049 ecclesiis
2196 2985 2511 3049 civitatis
2546 2987 2809 3050 multae
2860 2987 3045 3050 aliae

579 3091 1068 3166 confessiones
1110 3093 1581 3157 audiebantur
1620 3109 1901 3170 eorum,
1945 3093 2065 3173 qui
2107 3092 2479 3156 commode
2518 3091 2610 3155 ad
2650 3092 3043 3172 Collegium

572 3210 902 3264 nostrum
931 3200 1178 3263 venire
1207 3218 1351 3264 non
1380 3209 1732 3281 poterant.

707 3305 883 3370 1071.
971 3305 1132 3370 Hoc
1181 3323 1324 3370 non
1365 3307 1828 3372 omittendum
1871 3317 2010 3388 est,
2053 3307 2245 3389 quod
2293 3307 2599 3370 obtinuit
2636 3306 2712 3370 P.
2756 3307 2905 3370 Leo
2956 3309 3045 3370 ab

573 3412 1061 3478 Universitate
1093 3412 1686 3492 ConimbricenSi,
1721 3422 1799 3478 ut
1825 3415 2053 3479 nostri
2079 3415 2308 3495 gratis
2337 3413 2623 3478 omnino
2654 3412 2745 3477 ad
2776 3413 3046 3494 gradus

575 3529 1210 3602 promoverentur,
1244 3521 1492 3584 tamin
1532 3520 1979 3602 philosophia
2021 3539 2232 3603 quam
2280 3523 2351 3585 in
2393 3520 2790 3600 theologia;
2836 3530 2907 3584 et
2946 3522 3045 3585 ita

569 3643 868 3692 necesse
920 3645 1061 3691 non
1113 3627 1246 3691 fuit
1295 3636 1373 3690 ut
1412 3626 1605 3691 domi
1650 3629 1879 3692 nostri
1923 3638 2543 3710 promoverentur,
2589 3627 2779 3708 quod
2806 3628 3045 3692 facere

573 3735 1038 3798 constitutum
1059 3733 1316 3812 fuerat,
1342 3751 1505 3797 cum
1525 3751 1668 3798 non
1691 3746 2104 3815 speraretur
2126 3735 2688 3800 Universitatem
2706 3744 2859 3798 tam
2882 3735 3047 3798 libe-

571 3841 796 3906 ralem
826 3840 1000 3905 fore.

701 3947 877 4013 1072.
963 3947 1120 4012 Hoc
1153 3965 1346 4012 anno
1375 3965 1519 4012 non
1547 3950 1790 4029 pauci,
1823 3949 2009 4013 inter
2041 3965 2220 4030 quos
2248 3949 2377 4013 fuit
2418 3951 2571 4031 ipse
2610 3953 3046 4015 novitiorum

575 4054 955 4136 Magister,
985 4055 1058 4118 in
1089 4056 1414 4119 morbum
1445 4056 1820 4121 evomendi
1851 4058 2225 4136 sanguinis
2253 4058 2655 4123 inciderunt
2688 4057 2744 4138 ¹;
2792 4066 2864 4122 et
2900 4059 3047 4122 ani-

571 4163 1039 4227 madversum
1067 4173 1176 4226 est
1206 4161 1429 4243 quod,
1465 4169 1632 4226 aere
1665 4171 1969 4243 mutate,
2002 4163 2218 4228 etiam
2257 4165 2375 4245 qui
2420 4165 2555 4230 hoc
2598 4165 2847 4228 morbo
2889 4182 3045 4228 coe-

573 4279 833 4350 perant
881 4270 1244 4347 laborare‚
1285 4270 1538 4333 melius
1589 4269 2017 4350 habuerunt,
2072 4273 2335 4352 partim
2384 4272 2575 4353 apud
2616 4271 2689 4338 S.
2736 4271 3047 4336 Felicem

577 4384 649 4438 et
675 4377 939 4457 partim
970 4375 1273 4440 Eborae.

659 4580 676 4614 Ι
733 4581 942 4627 Morbus
975 4582 1060 4626 hic
1091 4583 1236 4628 allud
1269 4595 1372 4628 non
1405 4583 1502 4628 fult
1531 4584 1630 4628 nisi
1663 4584 1973 4640 catarrhus,
2006 4586 2095 4640 qui
2127 4587 2224 4632 sub
2258 4585 2411 4632 finem
2444 4587 2566 4632 anni
2598 4587 2961 4643 praecedentis
2994 4595 3048 4630 et

577 4664 770 4708 magna
803 4653 955 4708 hujus
983 4655 1104 4698 anni
1131 4653 1232 4700 155⁴
1251 4661 1402 4709 parte
1424 4656 1478 4700 ln
1509 4655 1742 4710 pluribus
1761 4656 2005 4712 Europae
2034 4657 2163 4702 locis
2182 4659 2506 4712 praevaluit,
2528 4665 2585 4703 ut
2618 4659 2827 4713 saepius
2856 4658 2965 4712 jam
2995 4659 3047 4702 ln

577 4726 678 4768 hoc
699 4725 960 4770 volumine
981 4725 1174 4770 dictum
1193 4731 1298 4772 eut.
1323 4725 1458 4772 Vide
1481 4727 1620 4774 infra
1634 4761 1646 4782 .
1667 4739 1752 4772 nn.
1775 4727 1883 4772 1075
1902 4735 1955 4773 et
1976 4729 2097 4773 1006.
