3742 5392
1607 488 1733 546 ΑΝ.
1779 488 1920 546 1554
2891 487 3004 546 285

526 632 738 712 ginae
767 632 1039 695 Mariae
1073 631 1089 663 ¹
1121 614 1488 695 indicaret:
1526 634 1637 694 ille
1662 642 1900 695 autem
1932 643 2000 695 et
2024 634 2291 713 scripto
2314 650 2666 695 summam
2689 633 2789 695 rei
2809 650 2993 695 com-

528 740 779 820 plexus
829 748 977 816 est,
1031 747 1101 801 et
1151 755 1271 802 ore
1320 739 1567 801 eadem
1618 738 1934 818 Reginae
1985 739 2401 819 explicavit,
2457 756 2639 819 quae
2692 740 3000 818 benigne

530 846 745 909 etiam
774 844 1046 907 audivit
1078 855 1145 908 et
1174 863 1250 909 se
1281 846 1461 908 velle
1492 844 1740 908 eadem
1772 846 2094 909 conferre
2129 864 2289 909 cum
2327 845 2760 924 Imperatore
2791 845 2990 909 dixit.

532 950 723 1016 Satis
755 963 988 1015 autem
1022 952 1452 1033 significavit
1483 952 1555 1015 P.
1593 952 1840 1016 Petrus
1870 954 1957 1017 de
1987 952 2155 1016 Soto
2187 954 2375 1033 quod
2406 962 2553 1017 tam
2582 954 2652 1016 in
2696 952 3001 1034 Impera-

532 1070 687 1124 tore
717 1078 929 1140 quam
961 1060 1032 1123 in
1063 1060 1337 1140 Regina
1360 1060 1588 1123 Maria
1610 1060 1813 1140 signa
1840 1060 2192 1141 quaedam
2216 1061 2496 1124 viderat
2517 1062 2746 1141 prima
2769 1062 3002 1125 fronte

533 1166 723 1246 quod
755 1184 897 1229 non
931 1168 1155 1230 bonas
1186 1168 1273 1229 de
1311 1165 1668 1231 Societate
1709 1167 2250 1231 informationes
2290 1168 2769 1247 accepissent,
2815 1166 2838 1199 ¹
2876 1168 3003 1231 sed

536 1284 915 1354 utrumque
948 1274 1123 1337 satis
1152 1275 1509 1354 placatum
1542 1284 1609 1337 et
1638 1275 1890 1339 melius
1930 1275 2349 1339 sentientem
2387 1276 2690 1356 reliquit.
2741 1274 3004 1338 Fuerat

538 1391 777 1443 autern
820 1393 1164 1445 evocatus
1205 1399 1294 1444 ex
1334 1380 1718 1445 Germania
1759 1382 1834 1445 P.
1880 1381 2130 1445 Petrus
2169 1381 2255 1445 de
2285 1380 2496 1461 Sot0,
2539 1392 2608 1445 et
2646 1384 3007 1446 rediturus

539 1488 781 1566 brevi,
815 1508 856 1550 a
890 1488 1101 1551 rebus
1130 1488 1639 1567 dilingensibus
1669 1488 2040 1568 expeditus
2066 1538 2079 1567 ,
2115 1490 2482 1552 dicebatur
2505 1490 2592 1552 ad
2618 1490 2852 1568 ipsum
2877 1488 3003 1551 Im-

536 1607 973 1675 peratorem,
1008 1594 1130 1675 qui
1152 1594 1301 1675 jam
1345 1595 1901 1674 resignationem
1938 1612 2228 1659 suorum
2273 1606 2583 1659 statuum
2624 1595 3008 1660 meditaba-

537 1713 655 1766 tur
698 1703 945 1783 (quam
974 1720 1117 1765 non
1163 1703 1378 1765 multo
1422 1712 1583 1782 post
1624 1704 2026 1783 ‘exequutus
2069 1713 2176 1765 est
2220 1700 2311 1781 ³),
2356 1712 2428 1765 et
2470 1704 2542 1765 in
2585 1701 3006 1782 Hispaniam

536 1825 984 1886 secessuruS,
1019 1819 1085 1872 et
1118 1806 1193 1871 P.
1228 1810 1517 1872 Petrum
1547 1810 1632 1873 de
1668 1808 1836 1873 Soto
1860 1810 2192 1873 comitem
2213 1808 2584 1872 habiturus
2613 1808 3002 1872 dicebatur.

658 1915 798 1977 612.
886 1915 1163 1997 Aliquis
1193 1926 1431 1979 autem
1475 1916 1744 1979 amicus
1785 1915 2133 1979 intellexit
2175 1915 2500 1979 eumdem
2549 1915 2825 1979 Patrem
2864 1934 3007 1979 non

537 2024 841 2102 probare
872 2040 1306 2104 magnopere
1336 2022 1520 2104 quod
1550 2020 1904 2101 SocietaS,
1939 2022 2026 2085 de
2065 2023 2277 2086 rebus
2316 2024 2407 2087 ad
2447 2024 3007 2087 aedificationem

540 2129 1051 2209 pertinentibus
1081 2130 1432 2208 scribenS,
1464 2130 1829 2193 videretur
1857 2130 2046 2192 bona
2075 2146 2204 2193 sua
2229 2148 2448 2210 opera
2472 2131 2794 2195 omnibus
2815 2132 3007 2210 inge·

540 2254 730 2317 rere;
762 2237 887 2301 sed
916 2238 1007 2316 is,
1043 2238 1161 2317 qui
1192 2238 1330 2301 hoc
1361 2236 1435 2300 P.
1488 2236 1809 2301 Adriano
1841 2236 2224 2315 referebat,
2263 2235 2694 2319 [respondit]
2735 2238 3006 2301 isthaec

538 2344 881 2408 fratribus
910 2345 1176 2408 nostris
1206 2344 1419 2407 scribi
1450 2344 1541 2407 ad
1570 2360 1693 2407 eos
1723 2344 2144 2407 animandos
2184 2354 2253 2407 et
2293 2325 2798 2423 consolandOS,
2842 2346 3010 2407 ami-

538 2451 642 2513 cis
673 2462 909 2514 autem
940 2451 1208 2514 intimis
1240 2451 1565 2514 accidere
1605 2460 1681 2513 ut
1720 2450 2102 2531 aliquando
2144 2468 2228 2514 ea
2269 2452 2874 2515 communicentur
2919 2452 3008 2513 ad

539 2574 786 2621 eorum
815 2556 1381 2621 aedificationem
1412 2567 1480 2621 et
1509 2556 1645 2621 Dei
1693 2559 1912 2621 solius
1959 2558 2294 2638 gloriam3
2336 2568 2405 2622 et
2447 2559 2543 2621 ita
2589 2576 2732 2621 non
2775 2557 3010 2621 diffici-

538 2665 602 2727 le
641 2664 771 2728 fuit
827 2665 1005 2728 bene
1054 2664 1446 2744 dispositiS,
1500 2665 1689 2745 quod
1735 2664 2046 2746 opt-imae
2087 2666 2342 2729 rationi
2383 2666 2770 2743 nitebatur,
2824 2683 3008 2728 com-

538 2771 863 2851 probare.

659 2877 801 2940 613.
888 2876 1212 2942 Venerat
1242 2880 1333 2943 ad
1362 2877 1651 2943 Curiam
1670 2874 2128 2958 Imperatoris
2153 2879 2552 2943 Cardinalis
2575 2879 2788 2943 Polus
2819 2878 2864 2959 ⁴,
2898 2880 3014 2944 Se-

540 2984 648 3047 dis
682 2984 1136 3065 Apostolicae
1167 2987 1481 3065 Legatus
1502 3034 1517 3065 ,
1551 2986 1673 3066 qui
1711 3004 1873 3049 cum
1917 2987 2360 3049 discessurus
2390 2996 2577 3049 esset
2609 2987 2701 3051 ad
2743 2986 3014 3068 Regem

543 3090 818 3156 Galliae
849 3091 1038 3170 (nam
1068 3110 1230 3155 cum
1251 3101 1572 3173 utroque,
1600 3092 1883 3155 nomine
1904 3090 2287 3168 PontificiS,
2315 3102 2608 3157 acturus
2631 3098 2808 3169 erat)
2835 3092 2878 3171 ³,
2908 3112 3016 3156 sa-

540 3200 797 3263 lutavit
818 3216 977 3262 eum
1002 3199 1076 3262 P.
1111 3198 1472 3262 Adrianus
1500 3199 1785 3263 nomine
1827 3198 1905 3262 P.
1950 3198 2240 3277 Ignatii,
2273 3217 2488 3279 quam
2517 3200 3018 3263 salutationem

624 3513 641 3543 ¹
698 3511 865 3556 Maria
884 3545 895 3565 ,
918 3510 1091 3555 Caroli
1114 3510 1165 3554 V
1185 3522 1349 3565 soror,
1369 3510 1651 3555 Flandriae
1673 3512 2036 3565 gubernatrix.

641 3584 663 3613 ²
718 3582 852 3627 Vide
873 3594 1051 3638 supra,
1074 3594 1195 3637 pag.
1214 3583 1309 3635 280,
1333 3594 1382 3626 n.
1401 3582 1500 3626 605.

634 3654 656 3687 ⁸
712 3655 882 3706 Anno,
904 3656 1103 3699 scilicet
1120 3687 1131 3705 ,
1154 3654 1389 3709 sequenti
1412 3654 1532 3698 1555.

626 3726 651 3758 ὃ
709 3726 1029 3781 Reginaldus
1050 3726 1222 3770 Polus.

624 3798 647 3831 ³
700 3797 922 3842 “Romae
943 3798 1021 3841 dle
1045 3794 1298 3841 Sabbathi
1319 3797 1453 3851 apud
1476 3796 1527 3841 S.
1549 3796 1779 3841 Marcum
1793 3796 1857 3839 V.
1881 3795 2109 3851 Augusti
2129 3794 2366 3839 MDLIII.
2387 3796 2485 3840 suit
2501 3797 2643 3841 facta
2667 3797 3022 3852 Congregatio

544 3881 721 3915 coram
742 3868 1033 3914 Sanctitate
1055 3868 1159 3913 Sua
1174 3901 1185 3919 ,
1206 3868 1336 3912 hora
1358 3866 1451 3912 XX
1472 3880 1626 3923 super
1658 3870 1813 3911 rebus
1832 3868 2059 3921 Angliae
2073 3899 2084 3921 ,
2107 3874 2160 3911 et
2180 3866 2416 3921 deputati
2439 3866 2627 3922 Legati
2650 3876 2702 3913 et
2736 3868 2917 3913 Nuntii
2954 3870 3023 3913 ad

552 3941 789 3996 Regnum
809 3942 1055 3995 Angliae.
1075 3952 1191 3983 cum
1210 3940 1559 3994 significatum
1579 3948 1717 3983 esset
1746 3941 1987 3994 populum
2011 3938 2172 3983 filiam
2192 3940 2392 3995 antiqui
2420 3939 2580 3995 Regis
2603 3941 2652 3984 in
2673 3952 2849 3985 eorum
2871 3940 3025 3994 Regi-

548 4025 667 4058 nam
691 4012 929 4067 elegisse,
950 4018 1001 4057 et
1024 4014 1119 4056 fuit
1138 4013 1419 4067 deputatus
1435 4012 1661 4065 Legatus
1682 4012 1747 4055 ad
1764 4010 2032 4064 Principes
2050 4011 2378 4057 Christianos
2395 4020 2446 4056 et
2466 4013 2743 4067 praecipue
2765 4013 2832 4057 ad
2856 4013 3020 4067 ipsam

554 4085 809 4140 Reginam
830 4084 1312 4129 Reverendissimus
1331 4084 1579 4127 Dominus
1600 4083 1917 4137 Reginaldus
1939 4081 1990 4127 S.
2013 4082 2208 4128 Mariae
2231 4084 2283 4128 in
2305 4082 2578 4128 Cosmedin
2611 4083 2873 4129 Diaconus
2897 4082 3022 4129 Car·

554 4157 744 4201 dinalis
764 4156 943 4207 Polus,
963 4145 1077 4199 cum
1100 4155 1439 4199 facultatibus
1479 4156 1529 4199 in
1562 4156 1710 4198 modo
1740 4160 1792 4197 et
1813 4154 1981 4198 forma
2015 4158 2067 4199 in
2091 4155 2251 4199 Brevi
2285 4156 2572 4210 expressis.
2595 4158 2744 4210 eique
2767 4155 3025 4198 commisit

552 4229 785 4273 sedulam
816 4238 1025 4281 operam
1055 4237 1253 4270 navare
1269 4259 1279 4278 ,
1314 4238 1469 4280 seque
1500 4228 1587 4270 vel
1621 4228 1683 4269 ad
1715 4226 1995 4270 Caesarem
2010 4260 2020 4279 ‚
2056 4229 2140 4271 vel
2175 4228 2242 4270 ad
2281 4226 2552 4271 Gallorum
2587 4226 2798 4281 Regem,
2834 4228 2921 4269 vel
2959 4226 3026 4269 ad

554 4308 829 4356 utrumque
850 4300 1108 4353 conferre,
1131 4306 1283 4353 prout
1304 4299 1564 4353 gerendae
1593 4300 1669 4342 rei
1700 4310 1817 4353 spes
1845 4300 1922 4343 illi
1952 4300 2272 4353 affulgeret„
2293 4299 2566 4343 nummi
2585 4332 2596 4352 ,
2621 4298 2877 4350 Annales,
2899 4298 3022 4349 1553,

556 4384 606 4416 n.
628 4371 1018 4416 111.—“1niturus
1046 4372 1329 4424 putabatur
1350 4371 1603 4425 colloquia
1633 4368 1951 4424 Reginaldus
1981 4370 2136 4415 Polus
2155 4382 2272 4415 cum
2305 4370 2531 4415 Caesare
2552 4376 2604 4415 et
2637 4370 2844 4414 Galliae
2880 4368 3026 4423 Rege

556 4456 649 4499 pro
670 4441 1031 4488 constituenda
1060 4452 1116 4484 re
1138 4442 1455 4496 Anglicana,
1480 4453 1643 4497 eaque
1664 4442 1724 4484 de
1746 4452 1908 4485 causa
1939 4442 2015 4485 ilii
2044 4442 2186 4486 dedit
2220 4443 2438 4496 imperia
2463 4442 2720 4495 Pontifex,
2744 4446 2795 4485 et
2826 4441 2951 4484 licet
2984 4441 3020 4483 ii

555 4516 822 4570 Principes
840 4513 1092 4557 hactenus
1113 4524 1143 4557 a
1164 4514 1443 4557 concordia
1465 4514 1619 4557 alieni
1638 4514 1742 4556 visi
1772 4520 1945 4557 essent
1961 4546 1972 4567 ,
1996 4521 2169 4558 tamen
2199 4516 2496 4559 occasiones
2517 4524 2692 4557 omnes
2713 4522 3028 4566 temporum·

552 4598 649 4642 que
672 4586 1035 4630 inclinationes
1056 4584 1336 4628 observare
1354 4584 1507 4638 jussit
1523 4617 1533 4634 .
1554 4592 1611 4627 ut
1630 4596 1723 4639 pro
1742 4595 1836 4628 sua
1858 4592 2185 4639 exaggerata
2217 4585 2494 4641 prudentia
2513 4596 2693 4639 pacem
2727 4583 2862 4627 inter
2886 4584 3029 4637 ipsos

554 4654 901 4701 conciliaret...
922 4648 1009 4701 Id..
1027 4650 1167 4704 ibid„
1188 4661 1237 4693 n.
1259 4650 1763 4695 xxxu.··—Londinum
1794 4651 1844 4693 in
1866 4651 2064 4705 Anglia
2093 4663 2193 4696 non
2223 4652 2466 4707 pervenit
2486 4651 2640 4695 Polus
2669 4656 2792 4695 ante
2814 4649 2952 4693 diem
2971 4648 3030 4692 23

556 4723 869 4770 Novembris
891 4720 1013 4765 155⁴.
