3742 5392
1624 474 1754 532 ΑΝ.
1797 470 1936 531 1554
2916 470 3030 531 615

554 619 813 683 luerint
842 616 994 700 ejus
1020 634 1269 683 carere
1296 619 1831 700 praedicatione
1857 634 2074 700 quam
2103 616 2256 699 ejus
2283 618 2508 683 vitam
2538 618 2610 683 in
2640 615 3026 682 discrimen

559 726 937 791 adducere.

687 832 861 898 1305.
952 830 1092 897 Sed
1121 843 1286 915 post
1315 842 1811 914 tempestatem
1840 834 2028 899 hanc
2057 834 2536 916 tranquillitas
2565 833 3022 915 sperabatur,

562 940 781 1007 misso
810 942 1132 1007 exercitu
1154 959 1199 1005 a
1219 940 1415 1022 Rege
1436 938 1943 1023 Portugalliae,
1970 942 2090 1024 qui
2110 942 2478 1024 improbos
2499 958 2646 1022 e08,
2673 940 3026 1020 evangelii

562 1045 1081 1129 praedicationi
1100 1049 1535 1128 resistenteS,
1562 1050 1651 1114 de
1672 1049 1906 1114 medio
1929 1050 2206 1114 tolleret
2229 1050 2346 1113 vel
2373 1048 2757 1129 subigeret,
2783 1056 2855 1111 et
2874 1063 3022 1127 eoS‚

560 1157 685 1237 qui
714 1156 1146 1223 christianae
1167 1156 1535 1237 religionis
1555 1154 1956 1223 doctrinam
1975 1156 2451 1234 admitterent,
2476 1154 2865 1219 honorifice
2883 1163 3028 1218 tra·

564 1272 813 1344 ctaret3
846 1272 917 1327 et
945 1280 1029 1327 eo
1059 1264 1293 1343 magis
1320 1263 1709 1344 sperabant
1745 1263 1820 1327 id
1846 1262 2186 1343 futurum,
2219 1263 2412 1344 quod
2441 1276 2708 1343 magna
2743 1261 2916 1325 ferri
2957 1264 3028 1325 et

563 1370 847 1449 argenti
872 1378 945 1433 et
971 1378 1070 1447 ut,
1101 1368 1490 1445 serebatur,
1524 1370 1739 1435 etiam
1781 1369 1940 1434 auri
1979 1378 2049 1433 et
2087 1370 2391 1433 aliorum
2427 1369 2876 1453 metallorum
2912 1366 3028 1431 vis

564 1476 635 1539 in
668 1476 1091 1557 quibusdam
1120 1494 1211 1541 ex
1240 1476 1381 1541 illis
1406 1458 1609 1555 lociS,
1643 1475 1859 1541 immo
1904 1477 2096 1541 intra
2123 1474 2280 1556 ipsa
2319 1474 2580 1557 oppida
2623 1474 3026 1539 invenieba-

562 1592 701 1661 tur,
732 1592 812 1647 ut
838 1582 1067 1664 maius
1097 1600 1359 1664 operae
1386 1583 1692 1664 pretium
1720 1593 1911 1647 esset
1937 1582 1998 1647 si
2029 1582 2231 1647 multi
2259 1582 2520 1647 milites
2547 1583 2622 1647 in
2649 1580 3026 1646 Brasiliam

567 1690 1039 1768 mittere-ntum
1072 1690 1570 1755 reficiebantur
1599 1690 1815 1755 etiam
1842 1704 1969 1771 spe
2000 1690 2303 1754 aliarum
2339 1689 2707 1754 nationum
2743 1688 3028 1769 longius

565 1796 979 1861 distantium
1011 1797 1217 1879 (quos
1242 1797 1606 1877 charigios
1638 1795 1655 1830 ¹
1686 1798 1976 1877 vocant)
2007 1796 2128 1879 qui
2157 1796 2570 1862 avidissime
2597 1802 2882 1860 nostros
2909 1810 3026 1859 ex-

564 1904 971 1986 pectabant,
1005 1915 1074 1967 et
1103 1902 1393 1985 quidam
1433 1921 1523 1968 ex
1552 1900 1689 1968 illis
1728 1904 1940 1984 paulo
1979 1914 2145 1968 ante
2183 1903 2275 1967 ad
2311 1902 2390 1967 P.
2433 1901 2839 1983 Nobregam
2875 1915 3028 1983 pera

572 2020 949 2090 venerant,
984 2020 1053 2075 et
1082 2009 1234 2090 ejus
1263 2025 1520 2075 manus
1546 2012 1954 2075 osculantes
1992 2026 2120 2074 sua
2159 2010 2512 2076 desideria
2555 2009 3030 2091 explicabant:

569 2117 855 2199 hispani
882 2119 1099 2182 etiam
1128 2118 1416 2199 quidam
1458 2135 1547 2181 ex
1590 2117 1881 2181 civitate
1918 2116 2228 2199 Paragai
2259 2120 2318 2198 ³,
2364 2133 2545 2197 quae
2583 2117 2766 2181 inter
2803 2113 3028 2180 chari·

568 2225 727 2305 gios
758 2234 892 2303 est,
924 2224 1017 2289 ad
1044 2222 1477 2306 praesidium
1506 2222 1626 2290 ΞΜ
1656 2224 2020 2289 Vincentii
2047 2234 2416 2306 venerant,
2449 2236 2520 2289 et
2547 2240 2824 2289 summo
2852 2222 3033 2288 desi·

574 2332 771 2396 derio
798 2341 1083 2397 nostros
1114 2332 1205 2395 ad
1232 2349 1311 2397 se
1342 2332 1691 2397 deducere
1718 2331 2128 2397 nitebantur
2155 2329 2200 2391 ⁸.

692 2438 867 2503 1306.
955 2438 1209 2503 Petrus
1240 2440 1507 2503 Cori-ea
1530 2440 1623 2503 ad
1643 2438 1991 2520 quosdam
2014 2438 2220 2503 indos
2241 2455 2285 2502 a
2309 2438 2384 2503 P.
2412 2437 2848 2503 Provinciali
2869 2436 3032 2519 mis]-

564 2562 689 2610 sus
716 2546 871 2624 fuit,
904 2546 995 2611 ad
1026 2562 1207 2628 quos
1234 2561 1399 2611 cum
1427 2547 1892 2627 pervenisset,
1923 2555 1992 2609 et
2021 2545 2440 2627 praedicare
2471 2562 2557 2609 ac
2601 2546 2874 2611 itineris
2917 2547 3030 2611 sui

563 2664 859 2735 causam
890 2667 1249 2734 exponere
1290 2653 1675 2733 coepisset,
1720 2666 1996 2717 summa
2037 2668 2201 2717 cum
2239 2652 2510 2717 laetitia
2552 2653 2643 2716 ab
2681 2654 2783 2716 eis
2827 2668 3031 2717 exce-

559 2770 727 2842 ptus
748 2769 879 2841 est3
904 2770 974 2825 et
996 2761 1509 2839 spectationem
1532 2756 1755 2840 ipsius
1777 2758 2142 2825 Vincentii
2168 2757 2194 2790 ⁴
2215 2769 2657 2841 superanteS,
2691 2776 2768 2823 se
2791 2760 2884 2823 ad
2905 2776 3025 2823 no·

560 2878 751 2932 stros
799 2878 1039 2931 mores
1088 2866 1581 2947 suscipiendos
1631 2876 1699 2931 et
1740 2864 2210 2930 obediendum
2247 2867 2320 2930 in
2371 2867 2700 2931 omnibus
2735 2875 3034 2948 paratos

560 2974 713 3039 fore
742 2972 1114 3051 dicebant,
1158 2984 1227 3037 et
1264 2974 1337 3037 in
1376 2989 1717 3054 magnum
1743 2972 2102 3054 quoddam
2131 2974 2469 3055 oppidum
2507 2975 3027 3038 constituerunt

561 3099 651 3146 ex
680 3082 986 3147 diversis
1012 3080 1225 3162 pagis
1254 3078 1690 3163 [convenire]
1722 3091 1800 3145 ut
1832 3080 2114 3145 facilius
2139 3081 2214 3144 in
2244 3080 2398 3161 ipso
2429 3081 2702 3146 institui
2742 3082 2814 3145 in
2845 3081 3026 3144 chri-

563 3190 799 3253 stiana
828 3188 1157 3254 doctrina
1185 3197 1499 3268 possent.

692 3290 867 3360 1307.
952 3296 1145 3361 Inter
1190 3296 1327 3361 hos
1363 3294 1739 3378 quemdam
1778 3294 2020 3360 indum
2065 3293 2532 3360 christianum
2569 3296 2871 3373 invenit,
2914 3297 3028 3359 cui

566 3401 956 3467 occidendo
1016 3412 1085 3467 et
1141 3402 1579 3467 comedendo
1642 3402 1946 3467 miserae
2011 3402 2498 3467 solemnitates
2561 3403 3022 3483 parabantur,

562 3526 797 3591 quem,
830 3510 921 3573 ab
957 3510 1097 3574 illis
1136 3510 1595 3575 libentissime
1626 3509 1779 3573 sine
1808 3509 1952 3573 ullo
1979 3509 2210 3589 pretio
2251 3526 2692 3590 concessum,
2725 3526 2770 3573 a
2797 3521 3028 3575 morte

562 3616 842 3697 eripuit:
897 3617 1273 3697 quemdam
1314 3617 1529 3681 etiam
1567 3615 1976 3696 hispanum,
2020 3616 2144 3697 qui
2181 3616 2511 3697 captivus
2552 3617 3022 3697 detinebatur,

566 3742 607 3787 a
639 3724 818 3788 dura
848 3724 1195 3788 servitute
1236 3723 1595 3788 liberavit:
1638 3723 1889 3787 relicto
1919 3732 2160 3787 autem
2185 3722 2282 3787 ibi
2319 3722 2542 3787 fratre
2581 3734 2828 3788 nostro
2850 3773 2865 3802 ,
2907 3726 3032 3807 qui

562 3830 699 3919 hos
726 3830 1051 3895 homines
1080 3830 1403 3911 doceret,
1446 3832 1598 3911 ipse
1636 3830 1731 3894 ad
1767 3831 1948 3894 alias
1985 3830 2314 3895 indorum
2352 3831 2678 3895 nationes
2715 3843 2825 3896 est
2868 3849 3040 3913 pro-.

562 3952 877 4017 greSSUS,
903 3952 1113 4018 quem
1135 3936 1284 4001 indi
1310 3939 1711 4018 complures
1732 3938 1948 4002 etiam
1971 3938 2156 4002 inter
2177 3924 2419 4003 hostes
2443 3938 2644 4020 sequi
2665 3939 3028 4021 volebant,

563 4044 742 4109 adeo
774 4052 851 4108 ut
882 4044 1436 4108 christianorum
1460 4061 1657 4109 more
1686 4044 1966 4109 tonderi
2005 4054 2074 4109 et
2105 4045 2336 4126 ipsum
2367 4055 2441 4109 ut
2477 4046 2670 4109 servi
2700 4047 3031 4111 comitari

642 4430 661 4463 ¹
718 4430 853 4474 Vide
873 4435 917 4475 t.
944 4439 1021 4480 m.
1044 4440 1170 4486 pag.
1196 4430 1295 4484 ⁴57,
1316 4440 1403 4475 nn.
1425 4429 1509 4474 992
1526 4434 1577 4474 et
1597 4430 1694 4474 99⁴.

638 4502 661 4535 ⁸
717 4501 861 4547 Haec
881 4502 1091 4557 civitas,
1114 4512 1267 4559 quam
1288 4500 1549 4547 Poiancus
1588 4502 1827 4557 paragant
1857 4502 2108 4559 appellat,
2129 4514 2229 4549 non
2249 4510 2328 4550 est
2363 4506 2470 4551 alia
2488 4516 2640 4561 qnam
2675 4508 2797 4551 urbs
2821 4508 3029 4552 Assum·

558 4572 765 4629 paonis,
789 4582 942 4630 caput
965 4574 1125 4619 totius
1144 4574 1373 4618 nationis
1396 4573 1743 4630 Parassaicae.
1763 4575 1900 4620 Vide
1919 4580 2095 4631 supra,
2117 4582 2154 4623 t.
2178 4586 2253 4633 nr,
2275 4580 2398 4634 pag.
2415 4577 2512 4633 ⁴58,
2533 4590 2581 4623 n.
2598 4576 2694 4624 993.

638 4646 662 4677 ³
717 4643 852 4689 Vide
872 4652 916 4690 t.
940 4656 1019 4701 m,
1040 4648 1161 4702 pag.
1180 4646 1276 4699 ⁴5⁶,
1298 4656 1348 4691 n.
1368 4646 1467 4701 991,
1488 4652 1665 4691 annot.
1688 4646 1731 4697 3:
1754 4647 1878 4692 etin
1901 4648 1998 4693 hoc
2021 4656 2057 4693 t.
2079 4649 2233 4705 infra,
2250 4662 2299 4695 n.
2319 4648 2438 4695 iaoe.

719 4718 776 4762 Ρ.
805 4718 1107 4763 Vincentius
1127 4716 1435 4773 Rodrignez.
