3742 5392
698 450 781 508 92
1628 447 1883 509 Cimon.
1925 449 2078 509 Soc.
2119 450 2256 522 Jas.

708 598 852 659 lum
904 604 978 659 ut
1021 596 1393 676 oportebat
1444 604 1775 676 paratum
1822 604 2030 659 esset.
2093 595 2486 659 Cessabant
2535 607 2773 661 autem
2829 600 3178 677 paulatim

704 702 1303 766 murmurationes
1350 711 1727 783 postquam
1776 701 2197 765 Ravennam
2245 703 2338 766 ad
2378 702 2830 767 cardinalem
2857 702 2986 769 Sti.
3029 706 3170 770 An-

696 810 847 889 geli
874 826 951 873 se
979 810 1095 873 ille
1142 810 1569 889 contulerat;
1624 809 1894 890 punitio
1925 808 2139 873 etiam
2179 826 2224 873 a
2265 809 2469 873 Duce
2506 809 2930 891 quibusdam
2971 813 3172 877 illata

702 932 846 979 non
876 932 1149 995 paucos
1188 914 1545 980 domuisse
1582 915 1991 996 videbatur;
2038 924 2186 979 toto
2217 924 2458 979 tamen
2487 934 2570 979 eo
2601 926 2948 998 tempore,
2983 920 3171 999 quod

700 1022 1047 1103 reliquum
1077 1022 1149 1085 in
1176 1023 1314 1087 hoc
1336 1040 1523 1087 anno
1547 1022 1704 1102 fuit,
1740 1022 2053 1103 patiendi
2075 1022 2312 1103 potius
2334 1040 2550 1103 quam
2572 1024 2832 1104 agendi
2856 1026 3170 1093 occasio·

700 1146 867 1193 nem
896 1128 1087 1193 dedit
1121 1128 1161 1189 ¹.

1320 1662 1449 1728 DE
1491 1663 1963 1731 COLLEGIO
2013 1665 2515 1731 MUTINENSI

830 2091 966 2155 169.
1051 2090 1269 2155 Pauci
1299 2094 1433 2155 hoc
1466 2110 1651 2155 anno
1683 2094 1755 2157 in
1787 2093 2108 2174 Collegio
2137 2095 2541 2171 Mutinensi,
2575 2112 2717 2158 non
2747 2103 2985 2159 tamen
3014 2096 3166 2162 sine

696 2198 935 2262 fructu
965 2248 979 2278 ,
1038 2200 1443 2279 residebant
1471 2249 1484 2279 ,
1545 2217 1844 2280 quorum
1909 2199 2172 2265 Rector
2243 2201 2317 2266 P.
2388 2201 2752 2283 Philippus
2817 2201 3156 2282 LeernuS,

699 2306 1009 2385 flander,
1049 2306 1217 2385 fuit;
1250 2317 1320 2370 et
1359 2304 1687 2389 quamvis
1724 2326 1809 2371 eo
1850 2308 2257 2373 Ferrariam
2299 2320 2599 2375 evocato
2645 2320 2721 2374 ut
2761 2309 3158 2390 Argentam

701 2414 1132 2491 mitteretur,
1174 2413 1250 2478 P.
1293 2414 1607 2495 Joannes
1643 2416 2070 2479 Laurentius
2107 2417 2195 2480 de
2231 2415 2589 2509 Eatarinis
2631 2417 2697 2481 ei
2741 2418 3160 2481 substitutus

694 2520 869 2598 fuit,
939 2538 1099 2584 cum
1154 2522 1362 2586 rediit
1419 2521 1805 2602 Mutinam,
1867 2522 2174 2587 officium
2227 2522 2552 2589 Rectoris
2607 2524 2988 2605 resumpsit
3013 2574 3028 2602 ,
3089 2536 3160 2589 et

700 2627 775 2690 P.
808 2627 1122 2711 Joannes
1152 2627 1579 2694 Laurentius
1606 2629 1680 2692 in
1709 2630 2174 2694 concionibus
2211 2639 2282 2694 et
2324 2630 2716 2694 ministerio
2755 2647 3156 2695 sacramen-

693 2744 931 2797 torum
960 2736 1325 2815 proximos
1345 2734 1635 2816 juvare,
1670 2744 1745 2799 ut
1774 2745 2138 2815 coeperat,
2171 2737 2487 2817 perrexit
2523 2735 2570 2796 ³.
2617 2735 2918 2801 Scholae
2956 2737 3158 2801 initio

697 2840 906 2921 hujus
936 2842 1103 2906 anni
1133 2844 1586 2923 septuaginta
1616 2843 1764 2907 fere
1787 2842 2170 2925 discipulos
2192 2843 2573 2922 habebant,
2600 2862 2898 2926 quorum
2921 2860 3154 2909 nume-

697 2966 821 3011 rus
850 2949 1096 3028 primis
1124 2950 1483 3013 mensibus
1514 2950 1775 3025 crevit;
1820 2951 2150 3031 quamvis
2186 2952 2376 3015 enim
2419 2951 2639 3032 aliqui
2673 2952 2834 3015 ideo
2875 2952 3155 3016 recede-

696 3066 856 3120 rent
883 3057 1071 3137 quod
1099 3074 1231 3120 nec
1260 3058 1498 3137 legere
1526 3074 1659 3121 nec
1686 3059 2000 3121 scribere
2029 3059 2475 3138 docerentur,
2503 3059 2624 3122 alii
2642 3058 3153 3139 provectioreS,

696 3164 792 3226 ad
821 3164 1105 3227 scholas
1135 3164 1449 3245 admissi,
1484 3165 1966 3229 recedentium
1994 3183 2362 3229 numerum
2391 3166 2846 3246 superabant.
2878 3165 2968 3229 Et
2989 3166 3156 3231 anni

703 3270 902 3334 initio
932 3271 1313 3352 quamdam
1342 3272 1738 3336 orationem
1766 3272 1853 3335 de
1882 3272 2166 3337 nomine
2193 3273 2362 3356 Jesu
2381 3319 2396 3350 ,
2429 3283 2498 3337 et
2526 3290 2780 3337 versus
2810 3274 3155 3354 quosdam

692 3388 847 3441 tam
875 3388 1175 3443 venuste
1216 3379 1642 3459 recitarunt,
1687 3388 1765 3443 ut
1802 3380 1986 3443 inter
2030 3380 2390 3444 auditores
2426 3390 2792 3459 externOS,
2834 3381 2954 3460 qui
2995 3380 3152 3446 ade·

696 3494 881 3565 rant,
915 3503 1058 3549 non
1086 3487 1297 3567 pauci
1325 3503 1458 3551 nec
1488 3486 1822 3550 minimae
1850 3495 2062 3550 notae
2091 3486 2416 3551 homines
2436 3537 2450 3565 ,
2491 3488 2621 3552 fuit
2651 3488 3032 3568 quistatim
3063 3488 3154 3551 ad

749 3762 765 3796 ¹
824 3762 925 3817 Sic;
947 3764 1186 3819 syntaxis
1209 3768 1383 3812 tamen
1411 3774 1528 3807 cum
1558 3774 1711 3807 sensu
1732 3762 1944 3817 exigere
1964 3762 2209 3809 videntur
2228 3770 2284 3808 ut
2315 3766 2428 3809 ioco
2447 3766 2592 3809 vocis
2611 3766 2760 3809 dedi!
2777 3764 3042 3810 scribatur
3061 3765 3151 3809 ha-

687 3836 809 3879 buit
828 3835 1107 3889 (Andreas)
1126 3836 1213 3878 vel
1231 3834 1469 3878 habuere
1486 3832 1665 3886 (socii),
1686 3841 1779 3877 aut
1800 3834 1922 3888 quid
1939 3834 2106 3878 simile
2121 3868 2132 3888 ,
2155 3836 2250 3879 nisi
2274 3839 2438 3881 verba
2469 3839 2558 3881 ilia
2580 3840 2686 3881 toto
2705 3850 2765 3881 eo
2783 3842 3026 3893 tempore
3046 3849 3152 3882 mu-

694 3914 871 3951 temni·
891 3908 942 3951 in
962 3908 1093 3952 haec
1114 3909 1285 3951 totum
1308 3907 1365 3952 ia
1385 3909 1618 3960 tempus.

746 3980 769 4011 ⁸
823 3979 1115 4034 InJunctum
1137 3984 1309 4022 tamen
1340 3983 1420 4022 eat
1442 3976 1649 4021 Rectori
1671 3975 1817 4022 Patri
1850 3976 2087 4033 Philippo
2115 3979 2315 4024 Leerno
2347 3992 2410 4025 ne
2438 3982 2591 4026 nimis
2609 3984 2851 4027 laborare
2871 3982 2922 4025 in
2953 3982 3151 4027 concio-

686 4050 861 4094 nando
886 4050 937 4093 Ρ.
958 4049 1206 4103 Joannem
1226 4046 1567 4091 Laurentium
1598 4046 1810 4090 sineret.
1830 4048 1988 4091 “deve
2018 4050 2202 4093 bastar
2223 4051 2274 4094 al
2305 4050 2361 4093 P.
2384 4050 2588 4096 Giovan
2619 4052 2852 4097 Lorenzo
2879 4052 3150 4107 predicare

692 4122 739 4164 lc
760 4120 1080 4173 domeniche‚
1102 4128 1154 4163 et
1174 4130 1228 4163 se
1252 4119 1470 4173 qualche
1489 4117 1626 4161 festa
1654 4121 1781 4161 sara
1800 4130 1894 4172 per
1914 4120 1966 4163 ia
1984 4120 2266 4165 settimana
2285 4122 2510 4171 solenne.
2532 4124 2584 4167 in
2605 4124 2754 4167 modo
2774 4124 2870 4167 che
2890 4135 2992 4169 nou
3012 4124 3152 4180 passi

686 4194 744 4237 ia
762 4194 1043 4237 settimana
1064 4192 1161 4235 due
1182 4192 1341 4241 volte,
1362 4196 1413 4233 et
1434 4190 1540 4232 cosi
1569 4192 1721 4243 petra
1742 4190 1931 4244 meglio
1953 4192 2221 4236 attendere
2245 4195 2297 4237 ai
2315 4204 2408 4238 auo
2427 4195 2599 4239 studio
2617 4196 2669 4239 di
2697 4197 2805 4240 casi
2825 4196 2876 4240 di
2897 4198 3153 4241 conscien-

694 4266 785 4308 tia.
808 4262 952 4307 Neile
982 4264 1117 4307 altre
1140 4261 1334 4306 fatiche
1364 4260 1521 4303 etiam
1551 4262 1592 4304 si
1622 4260 1764 4304 servi
1794 4262 2146 4307 moderatione
2166 4270 2220 4308 et
2248 4266 2292 4309 si
2321 4266 2579 4311 ricordino
2598 4268 2694 4311 che
2713 4265 2928 4311 Modena
2959 4270 2984 4311 e
3007 4274 3149 4313 stata

686 4338 775 4379 uo’
795 4336 1051 4389 hospitale
1072 4333 1193 4378 delli
1222 4332 1385 4375 nostri
1408 4337 1460 4375 et
1492 4332 1561 4375 ha
1591 4332 1785 4386 empito
1815 4335 1983 4378 anche
2011 4336 2084 4389 gli
2119 4336 2244 4381 altri
2263 4336 2482 4393 Coiieoeii
2504 4339 2550 4381 d·
2570 4338 2742 4387 Italia.
2760 4339 2889 4392 eloe,
2911 4338 3148 4393 Firenza,

689 4408 939 4462 Boiooena,
960 4403 1207 4457 Ferrara,
1228 4403 1455 4447 Venetia
1474 4408 1525 4447 et
1547 4402 1740 4457 Padoa,
1761 4410 1814 4449 et
1834 4406 1918 4449 doi
1953 4417 2078 4451 aono
2107 4410 2278 4463 morti,
2302 4410 2338 4453 il
2359 4409 2416 4455 P.
2439 4408 2630 4454 Cesare
2651 4417 2703 4454 et
2733 4408 2885 4455 Μαι-ο,
2908 4410 3147 4465 Guerico.

689 4478 786 4522 Dio
806 4478 879 4533 gn
909 4477 1066 4522 habbi
1096 4478 1143 4519 ie
1166 4474 1351 4526 anime,
1371 4482 1424 4519 et
1446 4475 1481 4519 il
1503 4473 1558 4517 P.
1582 4474 1948 4521 commissario
1967 4480 1996 4522 e
2015 4480 2156 4524 assai
2176 4481 2363 4535 vicino:
2386 4488 2438 4525 et
2459 4483 2655 4527 benene
2685 4483 2764 4526 aia
2793 4482 2974 4527 levata
2994 4484 3028 4526 l'
3044 4488 3151 4528 u‘na

682 4549 960 4593 occasione
977 4547 1059 4591 dei
1081 4549 1194 4590 ioco
1216 4546 1322 4589 mai
1338 4555 1485 4600 sano,
1506 4546 1538 4590 1·
1558 4546 1697 4591 altra
1718 4548 1851 4592 delle
1873 4554 2056 4604 troppo
2076 4550 2270 4595 fatiche
2291 4563 2392 4596 non
2410 4553 2574 4596 debbe
2603 4540 2820 4597 reatar.“
2839 4553 2895 4597 20
2912 4552 3147 4606 Januarii

689 4618 974 4663 iza—Nec
994 4620 1158 4663 solum
1177 4617 1556 4662 concinnatoris
1583 4630 1793 4663 munere
1813 4619 2022 4665 functus
2040 4630 2141 4670 eat.
2162 4624 2254 4667 sed
2275 4625 2433 4668 etiam
2453 4624 2785 4670 collateralis
2805 4624 3028 4671 Rectori.
3053 4625 3149 4669 Po-

686 4700 899 4744 aucus,
922 4701 989 4735 ex
1006 4700 1157 4742 com„
1179 4687 1323 4734 Patri
1339 4690 1547 4755 ‘Pilippo
1567 4692 1787 4748 Leerno,
1806 4694 1835 4738 8
1852 4692 2144 4743 Februarii.
