3742 5392
1644 479 1773 537 Aa.
1817 478 1960 537 1554
2927 434 3044 533 649

566 642 739 696 tunc
768 630 963 697 facta
992 644 1149 697 esse
1178 627 1607 705 referebant,
1638 641 1783 690 non
1806 622 2102 703 alicujus
2123 622 2448 687 utilitatis
2471 631 2595 686 aut
2619 618 2890 685 favoris
2912 620 3036 684 hu·

573 738 768 804 mani
807 738 1069 819 gratia,
1122 736 1249 801 sed
1298 735 1469 817 quia
1512 733 2006 813 evangelium,
2057 732 2163 795 eis
2211 729 2724 812 praedicatum,
2776 728 3042 793 rationi

576 862 967 911 consonum
995 844 1099 910 eis
1129 843 1538 922 videbatur;
1569 850 1643 903 et
1672 857 1835 905 cum
1878 839 2141 903 rationi
2177 838 2388 903 valde
2427 838 2566 903 sint
2604 835 3036 914 obedientes,

574 971 650 1017 se
680 950 773 1017 ad
800 950 963 1017 fidei
990 952 1305 1031 gratiam
1342 948 1844 1032 disponebant,
1888 947 2088 1028 prius
2125 943 2509 1012 confutatis
2543 942 3036 1025 japonensium

574 1059 962 1138 erroribus;
986 1068 1055 1121 et
1078 1058 1199 1135 ita,
1226 1056 1580 1137 baptismo
1602 1063 1928 1136 accepte,
1953 1062 2026 1116 et
2046 1059 2458 1117 constantes
2487 1061 2558 1115 et
2584 1050 2946 1117 ferventes
2967 1051 3040 1115 in

576 1166 829 1247 spiritu
859 1183 935 1230 se
966 1163 1416 1230 exhibebant:
1452 1172 1522 1227 et
1550 1164 1699 1227 suis
1726 1162 2286 1241 consanguineis
2313 1168 2384 1224 et
2411 1158 2663 1224 amicis
2691 1158 3043 1235 eamdem,

576 1291 791 1354 quam
819 1272 955 1353 ipsi
994 1272 1275 1353 sequuti
1303 1280 1533 1350 erant,
1564 1270 1944 1333 veritatem
1965 1269 2396 1349 persuadere
2437 1267 2862 1332 nitebantur.
2894 1264 3042 1328 Ali-

574 1381 696 1462 qui
723 1380 941 1443 etiam
967 1395 1133 1444 cum
1160 1379 1551 1442 rationibus
1580 1395 1723 1442 non
1750 1384 2067 1458 possent,
2093 1376 2312 1439 armis
2337 1392 2498 1439 eam
2519 1372 2898 1439 defendere
2918 1388 3040 1451 pa·

578 1488 720 1552 rati
738 1496 966 1565 erant,
998 1486 1137 1549 nisi
1168 1504 1211 1549 a
1240 1485 1506 1550 nostris
1534 1483 1835 1549 fuissent
1877 1484 2206 1562 cohibiti,
2257 1494 2326 1547 et
2367 1492 2446 1546 ut
2487 1482 2565 1545 P.
2609 1479 3047 1545 Franciscus

576 1592 850 1658 Xavier
880 1593 1309 1671 testabatur,
1344 1600 1645 1656 mortem
1683 1592 1922 1672 potius
1965 1600 2338 1671 oppetere,
2383 1606 2598 1671 quam
2637 1596 3042 1668 susceptam

579 1702 791 1767 fidem
820 1701 1171 1779 deserere,
1210 1702 1329 1782 qui
1353 1700 1501 1781 jam
1532 1699 1905 1763 christiani
1932 1708 2163 1778 erant,
2198 1698 2610 1775 voluissent,
2655 1704 2724 1759 et
2767 1696 2888 1777 qui
2917 1711 3042 1759 no·

581 1808 853 1873 bilitate
884 1818 953 1872 et
979 1808 1379 1873 intellectus
1406 1808 1732 1871 claritate
1765 1807 1923 1871 aliis
1950 1806 2436 1887 praestabant.

708 1914 883 1980 1388.
971 1915 1151 1980 Cum
1178 1932 1354 1997 ergo
1378 1915 1554 1979 haec
1578 1924 1649 1979 et
1678 1913 1936 1978 similia
1972 1912 2436 1979 intellexisset
2463 1911 2539 1976 P.
2573 1910 2941 1991 Melchior,
2973 1918 3046 1974 et

577 2023 727 2104 jam
756 2042 799 2087 a
831 2022 1029 2103 Rege
1066 2022 1301 2103 Bungi
1332 2023 1549 2086 situm
1586 2020 1927 2085 Societati
1956 2022 2200 2087 datum
2229 2036 2410 2099 esse,
2441 2020 2563 2084 ubi
2592 2019 2903 2098 domum,
2935 2036 3044 2083 ec-

582 2131 875 2195 clesiam
901 2139 971 2194 et
998 2132 1283 2194 hortum
1310 2138 1378 2193 et
1409 2130 1645 2193 omnia
1676 2130 2086 2193 necessaria
2110 2128 2488 2193 aedificare
2510 2136 2825 2208 possent,
2859 2125 3047 2207 quod

584 2238 738 2301 Rex
773 2236 1208 2317 Amangucii
1245 2237 1442 2317 prius
1482 2236 1751 2301 fecerat
1792 2237 1866 2300 in
1907 2253 2039 2299 sua
2081 2236 2374 2300 civitate
2433 2235 2598 2315 (hoc
2646 2234 2835 2297 enim
2883 2250 3048 2296 con·

584 2344 819 2407 stabat
850 2364 941 2409 ex
970 2344 1457 2409 instrumentis
1488 2345 1853 2426 utriusque
1882 2342 2124 2423 RegiS,
2163 2341 2541 2423 japonensi
2588 2342 2832 2423 lingua
2875 2342 3046 2405 scri-

585 2451 746 2532 ptiS‚
780 2462 851 2515 et
881 2452 953 2515 in
982 2452 1495 2531 Portugalliam
1528 2452 1763 2516 missis
1786 2468 1952 2515 cum
1979 2451 2460 2515 declaratione
2485 2450 2556 2513 in
2584 2450 2893 2513 lusitana
2923 2449 3044 2511 lin-

584 2561 780 2637 gua),
815 2560 1194 2639 privilegia
1224 2560 1439 2623 etiam
1468 2576 1623 2622 esse
1654 2575 2002 2639 concessa
2033 2567 2109 2621 ut
2153 2558 2386 2621 nullus
2414 2559 2486 2621 in
2517 2557 2654 2621 illis
2681 2556 2859 2620 locis
2888 2556 3049 2635 capi

588 2678 711 2730 aut
752 2667 981 2730 occidi
1020 2678 1281 2747 posset,
1326 2677 1395 2730 et
1439 2675 1515 2730 ut
1578 2664 1809 2729 cuivis
1847 2665 2148 2730 liberum
2191 2675 2378 2728 esset
2415 2666 2648 2744 legem
2687 2663 3051 2728 Creatoris

588 2774 972 2854 suscipere,
1001 2783 1070 2837 et
1092 2776 1211 2854 qui
1238 2773 1609 2854 impediret
1642 2782 1765 2837 aut
1802 2773 2126 2836 molestia
2167 2771 2478 2835 afficeret
2505 2782 2791 2835 nostros
2818 2780 2898 2835 ut
2928 2788 3050 2851 pu-

588 2881 881 2961 niretur;
915 2881 1048 2957 his,
1082 2882 1391 2961 inquam,
1425 2880 1823 2959 intellectiS,
1855 2897 1998 2943 non
2027 2896 2281 2959 parum
2320 2886 2710 2943 commotus
2738 2878 2868 2943 fuit
2899 2876 3050 2959 ejus

588 2988 867 3051 animus
895 2997 973 3051 ut
994 2989 1067 3051 in
1096 2987 1439 3070 Japonem
1470 2988 1573 3051 ire
1597 2989 1831 3051 vellet:
1856 2987 2246 3050 accedebat
2267 2984 2455 3068 quod
2477 2986 2834 3050 intellecta
2857 3004 3054 3050 mors

588 3094 674 3157 Ρ.
730 3094 1099 3158 Francisci
1148 3094 1418 3158 Xavier
1484 3095 1843 3159 fervorem
1894 3094 2388 3157 conversionis
2448 3093 2790 3172 impedire
2839 3110 3052 3174 posse

586 3202 823 3283 aliquo
863 3202 1073 3265 modo
1120 3201 1511 3281 videbatur;
1556 3200 1681 3264 sed
1720 3201 2070 3264 retinebat
2112 3217 2276 3264 eum
2312 3201 2454 3264 alia
2491 3218 2582 3264 ex
2617 3209 2822 3281 parte
2861 3201 3052 3280 quod

588 3318 733 3372 tam
765 3309 963 3372 multi
991 3327 1082 3372 ex
1111 3309 1535 3389 primoribus
1557 3308 1886 3372 Patribus
1909 3309 2171 3372 mortui
2189 3317 2452 3388 essent;
2484 3308 2806 3371 obierant
2835 3306 3052 3370 etiam

588 3415 847 3481 fratres
876 3416 1116 3496 aliqui,
1150 3426 1228 3479 ut
1254 3414 1721 3497 Raymundus
1750 3415 2062 3493 Pereira,
2101 3414 2402 3478 Alexius
2439 3414 2758 3479 Madeira
2787 3424 2857 3478 et
2885 3414 3052 3479 Mel·

588 3522 788 3586 chior
820 3522 905 3585 de
936 3521 1144 3602 Melo,
1178 3531 1247 3586 et
1288 3522 1514 3586 donec
1556 3522 1675 3586 alii
1715 3523 2297 3586 submitterentur
2339 3522 2414 3586 in
2449 3522 2747 3601 Indiam,
2777 3521 3050 3585 dubita-

589 3630 707 3691 bat
758 3627 1084 3691 fortassis
1132 3647 1277 3693 non
1330 3630 1716 3693 convenire
1762 3638 1838 3693 ut
1906 3630 2100 3693 illam
2151 3628 2534 3709 desereret3
2587 3629 2712 3693 sed
2765 3628 3054 3692 tandem

588 3736 777 3815 apud
803 3735 1037 3815 ipsum
1066 3754 1151 3799 ea
1190 3736 1591 3816 praevaluit
1636 3738 2012 3813 sententia,
2059 3754 2242 3817 quae
2285 3734 2376 3799 ad
2412 3734 3048 3817 profectionemja-

588 3843 919 3921 ponicam
956 3842 1371 3920 inclinabat,
1415 3843 1680 3923 partim
1721 3854 2011 3923 propter
2063 3841 2293 3923 majus
2338 3860 2712 3907 commune
2760 3845 3045 3920 bonum,

588 3948 777 4028 quod
820 3949 913 4011 ad
952 3949 1295 4012 honorem
1339 3948 1475 4013 Dei
1517 3960 1587 4013 et
1629 3949 2194 4014 aedificationem
2242 3950 2638 4013 animarum
2689 3950 3052 4031 sperabat,

589 4056 847 4136 partim
876 4066 953 4118 ut
982 4056 1057 4119 P.
1091 4054 1461 4119 Francisci
1497 4056 1772 4121 Xavier
1801 4060 2201 4138 exemplum
2231 4066 2670 4138 sequeretur,
2713 4058 2858 4137 qui,
2891 4075 3056 4120 cum

587 4162 1042 4243 Praepositus
1080 4173 1267 4228 esset
1306 4162 1797 4243 ProvinciaIiS,
1842 4166 2084 4245 potius
2111 4167 2436 4245 exemplo
2459 4173 2870 4227 sanctorum
2895 4182 3056 4244 ope-

587 4288 745 4334 rum
794 4287 1007 4351 quam
1051 4270 1289 4334 verbis
1338 4287 1589 4350 regere
1627 4288 1797 4335 suos
1841 4272 2236 4347 consuevit,
2279 4272 2540 4352 partim
2591 4270 2780 4353 quod
2831 4271 2918 4333 ab
2969 4289 3054 4335 eo

588 4376 755 4440 dum
785 4378 1061 4441 viveret
1090 4376 1505 4457 designatus
1535 4377 1767 4441 fuerat
1798 4380 2216 4443 nominatim
2246 4388 2322 4442 ut
2363 4380 2436 4442 in
2462 4378 2810 4461 Japonem
2841 4378 2974 4441 iret
3011 4377 3054 4441 ¹:

670 4656 687 4688 ί
720 4708 725 4713 .
746 4621 833 4700 Ita¹
847 4661 1051 4701 constat
1070 4666 1136 4699 ex
1151 4656 1377 4711 epistola
1400 4656 1559 4711 ipsius
1586 4656 1801 4701 Xaverii
1824 4656 1892 4699 ad
1927 4656 1982 4699 P.
2007 4656 2298 4710 Gasparem
2324 4656 2629 4707 Barnaeum.
2646 4656 2698 4701 ln
2721 4668 2822 4713 qua
2845 4659 2974 4701 haec
2993 4659 3060 4702 de

588 4734 769 4771 nostro
788 4728 844 4771 P.
867 4727 1097 4783 Nugnez:
1118 4726 1273 4772 “Tum
1296 4740 1424 4772 vero
1447 4727 1693 4773 Melchior
1714 4728 2026 4785 Nunnezius,
2049 4728 2352 4773 Bazalnensi
2373 4730 2738 4783 procuratione
2775 4730 2921 4781 liber.
2951 4737 3055 4775 ete,
