3742 5392
647 407 730 464 72
1577 406 1834 466 Cimon.
1877 407 2033 468 Soc.
2072 409 2215 481 Jsss.

659 551 919 615 affecta
950 561 1126 632 erat,
1161 561 1238 616 ut
1266 552 1541 634 Legato
1569 551 1790 634 Regis
1829 545 2132 633 Galliae,
2169 555 2290 634 qui
2326 562 2497 618 tunc
2540 562 2693 619 erat
2730 554 3141 634 Episcopus

661 659 951 723 Lodeve
1005 658 1022 690 ¹
1042 709 1057 740 ,
1109 677 1497 740 numquam
1553 658 1899 739 majorem
1947 679 2025 726 se
2081 661 2347 727 vidisse
2408 663 2858 726 idololatram
2913 679 3136 742 quam

662 763 741 828 Ρ.
772 763 1244 854 Pelletarium,
1289 767 1408 847 qui
1436 777 1894 848 praepostere
1942 767 2352 848 Scripturas
2388 786 2638 832 sacras
2677 768 3129 849 intelligeret;

665 881 736 935 et
763 875 1093 952 quamvis
1121 874 1434 955 quotidie
1471 873 1735 939 Missae
1777 875 2207 940 sacrificium
2235 874 2386 955 ejus
2414 876 2600 940 filiae
2628 876 2977 954 audirent,
3011 876 3130 939 ab·

620 1046 631 1057 ‚
667 980 879 1044 debat
902 980 1062 1062 ipsa
1109 999 1187 1046 se
1235 983 1308 1045 in
1357 983 1714 1062 quoddam
1763 983 2194 1063 cubiculum,
2249 984 2367 1047 ubi
2407 1002 2496 1047 ne
2546 1001 2801 1048 vocem
2850 984 3133 1064 quidem

667 1087 1065 1152 sacerdotis
1093 1089 1340 1153 audire
1367 1098 1640 1170 posset,
1695 1100 1766 1154 et
1814 1091 2379 1172 conquerebatur
2428 1090 2611 1155 filias
2637 1092 2827 1154 nolle
2850 1091 2987 1171 ipsi
3018 1108 3130 1154 ac·

668 1194 1032 1273 quiescere
1063 1213 1196 1260 nec
1224 1195 1544 1276 obedire,
1577 1207 1649 1261 et
1677 1214 1766 1260 ne
1788 1198 2087 1261 verbum
2125 1198 2411 1278 quidem
2446 1198 2708 1262 bonum
2746 1215 2789 1261 a
2830 1215 2959 1261 sua
2990 1215 3133 1262 ma-

669 1311 778 1364 tre
806 1301 968 1365 illae
997 1303 1246 1366 audire
1269 1313 1623 1384 poterant.

799 1407 935 1473 128.
1019 1409 1311 1475 Interim
1359 1412 1526 1475 dum
1583 1411 1763 1475 haec
1817 1413 2249 1492 gerebantur
2281 1461 2295 1490 ,
2348 1411 2757 1478 Ferrariam
2814 1413 3147 1493 pervenit

673 1514 944 1580 Doctor
971 1517 1439 1599 Theologiae,
1473 1528 1545 1582 et
1571 1519 1976 1583 haereticae
2015 1520 2391 1601 pravitatis
2418 1520 2831 1600 Inquisitor,
2878 1537 3153 1600 cogno*

671 1625 861 1689 mine
883 1625 1010 1689 Ori
1038 1624 1061 1656 ³
1087 1675 1102 1704 ,
1146 1624 1434 1690 Ordinis
1477 1623 1723 1691 Sancti
1760 1626 2119 1692 Dominici
2153 1628 2531 1707 religiosus
2568 1636 2637 1692 et
2680 1627 3157 1708 poenitentia··
3249 1653 3253 1658 ·

674 1733 826 1796 rius
851 1730 979 1797 Sti.
1012 1731 1234 1813 Petri,
1268 1749 1478 1814 quem
1503 1732 1660 1808 Rex,
1689 1733 1965 1798 Galliae
1992 1734 2399 1799 Ferrariam
2436 1735 2732 1799 'miserat
2760 1744 2836 1798 ut
2864 1752 2995 1798 suo
3023 1751 3154 1806 nor

677 1840 865 1903 mine
893 1838 1275 1904 Ducissam
1299 1841 1808 1921 alloqueretur,
1841 1851 1912 1905 et
1946 1842 2038 1904 ab
2065 1842 2427 1905 erroribus
2464 1851 2717 1906 contra
2744 1841 2955 1905 fidem
2987 1859 3145 1905 eam

676 1965 1022 2012 revocare
1071 1957 1451 2011 conaretur
1479 1965 1495 2026 ;
1545 1947 1659 2010 vir
1709 1964 2015 2028 magnae
2072 1949 2514 2013 auctoritatis
2576 1958 2646 2012 et
2704 1949 3142 2027 eruditioniS‚

679 2072 887 2137 quem
916 2052 993 2117 Ρ.
1027 2052 1440 2118 Pelletarius
1468 2055 1556 2118 de
1587 2072 1824 2118 rerum
1853 2064 2045 2119 statu
2074 2055 2462 2119 admonuit.
2486 2055 2607 2120 Ille
2639 2064 2897 2134 autem,
2924 2053 3149 2134 Regis

680 2163 952 2225 litteras
993 2159 1344 2224 Ducissae
1393 2161 1730 2242 offerenS,
1773 2162 2056 2244 saepius
2099 2180 2263 2225 cum
2302 2180 2385 2225 ea
2422 2163 2752 2243 loquutus
2780 2171 2925 2236 est,
2958 2170 3028 2225 et
3058 2150 3181 2225 ab.

681 2268 930 2332 eadem
957 2278 1256 2350 rogatus
1296 2268 1711 2332 concionem
1751 2268 1997 2332 habuit
2036 2269 2225 2350 apud
2261 2269 2485 2348 illam,
2530 2280 2597 2332 et
2637 2269 2815 2332 bene
2856 2284 3149 2349 sperare

683 2377 769 2440 de
799 2375 950 2457 ejus
977 2376 1390 2440 reductione
1419 2376 1673 2456 coepit.
1706 2374 2143 2439 Promiserat
2176 2385 2413 2440 autem
2444 2377 2510 2439 ei
2542 2375 2847 2439 Ducissa
2874 2393 2951 2438 se
2984 2375 3149 2438 Mis-

682 2501 804 2546 sae
848 2483 1274 2547 sacrificium
1323 2483 1723 2547 audituram
1776 2483 1890 2546 die
1943 2482 2248 2565 quadam
2297 2483 2651 2546 dominica
2693 2484 2823 2546 sub
2865 2483 3143 2547 initium

685 2589 1024 2671 Augusti;
1058 2591 1131 2655 id
1169 2600 1408 2653 tamen
1449 2607 1593 2654 non
1631 2577 2006 2670 praestitit.
2050 2589 2371 2654 Confecit
2410 2599 2645 2654 autem
2696 2590 2969 2653 Doctor
3021 2588 3150 2654 Ori

685 2707 1067 2762 tractatum
1097 2697 1472 2778 quemdam
1501 2698 1589 2761 de
1617 2696 2083 2762 Sanctissimo
2113 2695 2609 2776 SacramentO,
2643 2714 2854 2778 quem
2890 2698 2963 2760 in
2992 2715 3153 2760 ver-

687 2807 1020 2870 naculam
1065 2805 1383 2884 linguam
1424 2806 1608 2868 verti
1650 2805 1962 2884 curavit,
2006 2813 2074 2867 et
2117 2807 2403 2884 rogavit
2452 2804 2528 2870 P.
2582 2803 3035 2868 Pelletarium
3074 2814 3151 2867 ut

687 2912 907 2976 verbo
929 2914 1198 2991 legeret
1229 2923 1298 2976 et
1327 2912 1716 2993 explicaret
1737 2911 2109 2986 Ducissae;
2138 2911 2487 2991 quaedam
2509 2912 2698 2975 enirn
2718 2911 3146 2976 scholastico

659 3020 898 3083 ‘modo
929 3019 1028 3083 ibi
1055 3018 1246 3083 dicta
1275 3019 1747 3099 explicatione
1776 3019 2211 3100 indigebant.

815 3126 951 3190 129.
1039 3125 1412 3207 Rogarunt
1440 3126 1721 3191 interim
1751 3125 1935 3190 duae
1964 3125 2149 3190 filiae
2178 3126 2435 3206 DuciS,
2468 3143 2596 3207 per
2625 3126 2921 3190 fratrem
2946 3143 3156 3190 suum

693 3233 782 3297 D.
813 3233 1290 3312 Ludovicum,
1323 3231 1401 3296 P.
1433 3232 1886 3297 Pelletarium
1913 3244 1991 3296 ut
2021 3250 2268 3297 earum
2307 3233 2825 3297 confessionem
2864 3234 2939 3296 in
2974 3232 3163 3297 festo

694 3340 1224 3421 Assumptionis
1251 3340 1329 3404 B.
1362 3339 1634 3404 Mariae
1672 3340 1987 3419 audiret;
2018 3340 2173 3420 sed,
2210 3349 2592 3422 antequam
2621 3341 2693 3404 id
2722 3339 3028 3420 faceret,
3062 3340 3171 3402 vi·-

697 3466 818 3512 ros
846 3449 1193 3529 quosdam
1221 3457 1590 3529 suspectos
1618 3448 1704 3511 de
1736 3449 2016 3511 haeresi
2047 3465 2133 3512 ac
2162 3447 2521 3526 muliereS,
2556 3447 2739 3511 sicut
2766 3448 3162 3527 explorato-

697 3572 814 3620 res
844 3556 1196 3635 cognitoS,
1231 3573 1320 3619 ex
1347 3555 1614 3635 palatio
1647 3565 1723 3619 ut
1760 3556 2282 3636 expellerentur
2325 3563 2652 3619 curatum
2693 3563 2823 3618 est.
2870 3553 3167 3618 Audivit

699 3679 846 3725 non
873 3670 1149 3725 tantum
1172 3679 1495 3725 sororum
1525 3659 1700 3744 [sed]
1734 3671 1803 3726 et
1828 3662 2050 3743 ipsius
2073 3660 2161 3725 D.
2188 3660 2537 3726 Ludovici
2557 3660 3074 3725 consessionem
3098 3671 3169 3724 et

705 3769 1015 3834 omnium
1046 3769 1430 3850 virginum;
1457 3777 1526 3832 et
1548 3768 1897 3834 Dominus
1918 3768 2188 3840 Doctor
2210 3767 2334 3832 Ori
2359 3769 2929 3833 communionem
2950 3768 3172 3832 omni·-

703 3878 836 3940 bus
863 3877 936 3939 in
964 3877 1397 3940 monasterio
1439 3876 1779 3958 Corporis
1809 3876 2074 3942 Christi
2103 3875 2566 3954 ministravit,
2602 3893 2689 3938 ac
2716 3875 2970 3939 deinde
3007 3875 3175 3955 ipsi·

764 4156 781 4188 ¹
840 4154 1152 4199 Lutevenais
1181 4167 1274 4198 seu
1292 4154 1656 4199 Leutevienais
1675 4153 1961 4209 Episcopus
1980 4159 2097 4198 erat
2126 4153 2178 4198 id
2207 4153 2455 4208 temporis
2474 4152 2775 4198 Dominicus
2794 4153 2862 4197 du
2883 4151 3071 4197 Gabre.
3093 4152 3176 4196 De

713 4239 773 4271 eo
793 4227 867 4272 sic
899 4226 1180 4272 Ferraliae
1202 4227 1319 4272 Dux
1341 4227 1546 4272 Galliae
1574 4225 1704 4281 Regi
1721 4257 1732 4278 ,
1750 4229 1782 4271 1.
1805 4238 1887 4281 c.,:
1910 4228 2221 4280 monsignor
2249 4225 2290 4269 {l
2318 4235 2539 4270 vescovo
2558 4226 2618 4269 di
2647 4223 2889 4278 Lodeva,
2908 4225 2949 4268 il
2968 4223 3096 4278 qual
3124 4224 3183 4266 io

714 4303 871 4353 teugo
890 4301 985 4354 qui
1003 4300 1069 4344 ed
1089 4310 1306 4344 oss-ervo
1324 4311 1472 4344 come
1491 4300 1859 4343 ambasciator
1877 4299 1937 4342 dn·
1966 4297 2157 4341 Vostra
2176 4297 2406 4342 Maesta.
2856 4325 2864 4330 -

765 4373 788 4406 ¹
845 4373 1040 4418 Doctor
1061 4371 1360 4416 Matthaeus
1379 4370 1470 4416 Ori
1487 4404 1498 4424 ,
1519 4382 1636 4425 seu,
1657 4379 1714 4415 ut
1733 4371 1823 4415 alii
1852 4370 2084 4415 scribunt
2098 4401 2111 4422 .
2134 4369 2240 4424 Ory
2260 4371 2347 4414 vel
2377 4369 2624 4414 Oria-“1
2652 4369 2773 4424 papi
2802 4368 3179 4412 continuat-ono

714 4457 747 4490 a
768 4451 946 4490 tenere
967 4445 999 4489 1·
1017 4444 1198 4488 occhio
1219 4450 1511 4498 sospettoso
1530 4454 1592 4486 au
1611 4443 1726 4496 quel
1749 4443 2039 4498 aemenzajo
2060 4441 2305 4494 d'ereaia.
2326 4454 2355 4485 e
2376 4441 2547 4486 Giulio
2572 4441 2644 4486 111
2662 4441 2705 4484 si
2726 4439 2938 4495 prefisse
2960 4439 3006 4482 d'
3024 4439 3182 4483 estit-

715 4518 868 4573 parla
887 4518 1003 4562 coll’
1021 4517 1168 4572 aiuto
1188 4517 1234 4559 d'
1255 4515 1445 4560 Enrico
1465 4515 1514 4559 11
1534 4515 1584 4558 di
1607 4513 1850 4564 Francia.
1874 4515 2046 4568 utpote
2068 4513 2207 4558 della
2226 4513 2449 4558 Renata.
2472 4513 2648 4566 Questi
2675 4513 2725 4556 vi
2746 4512 2933 4556 mando
2952 4512 2987 4556 il
3008 4510 3176 4555 dotto-

716 4599 772 4631 re
796 4586 940 4642 Oriz,
962 4597 1055 4630 suo
1086 4585 1432 4640 penitenzicre
1454 4597 1480 4627 e
1513 4583 1888 4639 inquisitorem
1918 4581 2168 4628 Francia:
2192 4595 2219 4626 e
2249 4584 2299 4626 le
2331 4582 2652 4636 Laboureur,
2674 4583 2809 4626 nelle
2840 4581 3087 4635 aggiunte
3124 4583 3180 4624 at

715 4660 1016 4713 Castelnau,
1039 4659 1085 4702 ci
1107 4657 1176 4701 ha
1198 4662 1508 4700 conservate
1529 4657 1577 4700 le
1597 4655 1902 4700 instruzioni
1923 4656 2167 4710 duent...
2189 4653 2377 4708 ΟΑκτὺ,
2398 4654 2431 4699 1.
2456 4666 2517 4704 c..
2534 4664 2653 4708 pag.
2674 4652 2743 4696 91.
