3742 5392
1641 479 1767 538 AN.
1817 481 1955 540 1554
2933 481 3043 539 499

571 632 698 694 tali
747 631 868 710 qui
908 627 1058 709 jam
1097 638 1523 703 recesserat,
1564 637 1943 709 propterea
1986 628 2175 709 quod
2224 629 2565 711 scriptum
2610 629 2843 694 suerat
2885 647 3031 709 eoS,

565 739 696 820 qui
723 738 938 801 semel
968 733 1178 815 ejecti
1205 744 1464 815 essent,
1498 735 1558 798 si
1588 737 1848 798 iterum
1876 737 2097 817 recipi
2128 753 2205 799 se
2230 738 2709 818 postularent,
2736 735 3035 801 Romam

575 845 922 909 venirent.
955 843 1156 906 Haec
1184 844 1340 923 ipsa
1371 860 1535 922 spes
1564 842 2098 922 qualiscumque
2136 843 2406 907 laetitia
2447 843 2779 908 affectum
2817 845 3038 908 homi-

567 969 738 1016 ‘nem
764 969 908 1016 non
938 949 1276 1014 mediocri
1303 949 1663 1014 recreavit
1681 999 1696 1027 ,
1730 958 1798 1012 et
1827 951 1964 1013 hoc
1994 950 2319 1015 miraculi
2349 951 2508 1014 loco
2537 951 2857 1016 habitum
2880 951 3035 1030 fuit,

565 1059 766 1141 quod
793 1067 1170 1138 postquam
1197 1057 1314 1120 ille
1341 1055 1670 1120 Rectoris
1698 1057 2035 1137 potestati
2062 1074 2141 1120 se
2169 1055 2468 1137 subjecit
2486 1106 2501 1137 ,
2544 1059 2875 1138 quamvis
2912 1076 3041 1138 pes

575 1167 787 1231 fuerit
834 1166 900 1228 ei
947 1164 1344 1240 abscissuS,
1393 1164 1690 1227 ulterius
1740 1164 2043 1244 putredo
2082 1156 2470 1244 progressa
2510 1183 2657 1229 non
2698 1166 2823 1244 sit,
2869 1183 3037 1228 nam

579 1273 838 1338 medici
865 1273 1061 1335 illum
1089 1289 1247 1334 esse
1275 1269 1784 1350 amputandum
1815 1270 2176 1350 dicebant,
2218 1289 2350 1334 nec
2393 1272 2612 1335 ullam
2654 1272 2755 1335 illi
2792 1273 3041 1336 morbo

577 1380 1005 1446 medicinam
1035 1394 1246 1459 posse
1277 1377 1606 1457 reperiri:
1642 1378 1931 1458 rogavit
1970 1387 2208 1442 autem
2252 1378 2368 1442 ille
2410 1389 2487 1443 ut
2527 1379 2747 1460 aliqui
2789 1398 2881 1443 ex
2920 1397 3043 1443 no·

573 1483 749 1552 'stris
778 1486 1112 1550 adessent
1140 1482 1308 1549 dum
1344 1501 1472 1565 pes
1515 1484 2086 1564 abscinderetur;
2133 1485 2333 1549 missi
2374 1485 2661 1550 fuerunt
2702 1486 2777 1549 P.
2822 1487 3041 1551 Fran·

579 1597 816 1660 ciscus
845 1593 1250 1672 Henriquez
1276 1609 1440 1656 cum
1469 1591 1548 1654 P.
1581 1591 1787 1654 Cotta
1808 1639 1823 1670 ,
1857 1605 1927 1654 et
1954 1609 2118 1655 cum
2146 1609 2405 1656 nomen
2430 1593 2601 1676 Jesu
2630 1593 2915 1674 saepius
2946 1595 3045 1657 illi

583 1703 924 1766 iterarent
953 1699 1122 1764 dum
1159 1715 1285 1780 pes
1325 1698 1897 1776 abscinderetur,
1934 1708 2207 1763 tantum
2248 1700 2525 1764 roboris
2563 1701 2680 1764 ille
2719 1702 3040 1782 sumpsit,

587 1819 664 1872 ut
693 1807 1152 1873 abscissionis
1180 1805 1496 1869 dolorem
1526 1807 1782 1882 ullum,
1823 1815 1901 1868 ut
1931 1806 2081 1886 ipse
2124 1805 2515 1884 fatebatur,
2558 1807 2687 1871 vix
2724 1809 3041 1872 sentiret.

712 1914 886 1980 1054.
971 1913 1383 1978 Invisebant
1410 1922 1651 1976 autem
1679 1930 1842 1976 eum
1869 1914 2087 1994 aliqui
2127 1915 2385 1992 nostri,
2429 1933 2607 1994 quos
2646 1916 2762 1979 ille
2798 1916 3048 1979 beatos

589 2034 800 2105 atque
827 2022 1100 2102 felices,
1144 2020 1735 2100 quandocumque
1777 2020 2098 2098 videbat,
2148 2021 2295 2084 alta
2334 2039 2512 2085 voce
2556 2023 2957 2102 appellabat
3001 2020 3042 2086 ¹.

579 2127 1202 2211 Quemadmodum
1231 2137 1468 2192 autem
1499 2127 1651 2208 ipse
1679 2127 1929 2190 scribit
1956 2126 2033 2189 P:
2074 2127 2354 2207 Ignatio
2392 2147 2634 2193 mense
2673 2129 2885 2212 Junio
2924 2131 3049 2194 hu-

589 2239 705 2318 jus
735 2236 903 2300 anni
923 2284 938 2315 ,
970 2235 1220 2299 eodem
1248 2245 1600 2315 tempore,
1634 2251 1774 2314 quo
1803 2233 2057 2314 pedem
2084 2235 2641 2300 abscindendum
2688 2237 2901 2317 dedit,
2948 2249 3051 2301 to-

588 2357 738 2409 tum
769 2360 1030 2424 corpus
1059 2351 1130 2407 et
1159 2341 1470 2405 animam
1501 2341 1947 2404 obedientiae
1976 2359 2066 2405 ex
2107 2343 2344 2406 animo
2387 2345 2783 2424 resignavit
2805 2393 2819 2420 ,
2867 2357 2939 2408 et
2972 2357 3051 2408 ut

591 2453 808 2516 filium
838 2451 1218 2531 prodigum
1245 2467 1325 2512 se
1353 2448 1575 2528 recipi
1602 2450 1937 2528 postulat.
1970 2449 2057 2512 Et
2088 2451 2453 2513 convaluit
2482 2451 2686 2515 brevi
2723 2470 2815 2515 ex
2854 2452 3053 2532 pedis

593 2558 875 2637 morb0,
910 2566 980 2621 et
1018 2557 1306 2620 innixus
1345 2554 1622 2618 duobus
1662 2555 1938 2618 bacuiis
1980 2556 2347 2620 ambulare
2385 2559 2649 2637 coepit,
2692 2567 2763 2621 et
2808 2559 3055 2622 scribit

596 2668 1144 2729 instrumentum
1172 2661 1531 2743 quoddam
1560 2662 1695 2726 sibi
1724 2662 1979 2726 confici
2028 2681 2169 2744 quo
2216 2674 2459 2742 posset
2495 2665 2883 2728 ambulare.
2922 2664 3055 2729 Fa·

596 2782 786 2835 tetur
814 2771 1062 2849 etiam,
1094 2786 1256 2833 cum
1284 2785 1411 2849 pes
1439 2769 1538 2832 illi
1568 2769 1931 2832 abscissus
1960 2768 2123 2848 fuit,
2158 2779 2521 2850 tamquam
2562 2769 2650 2834 de
2689 2771 2974 2835 inimico
3014 2789 3057 2834 a

589 2897 672 2942 se
701 2888 1036 2959 separato
1062 2879 1403 2940 laetatum
1431 2875 1680 2956 fuisse,
1713 2885 1783 2940 et
1811 2893 2077 2956 magna
2108 2877 2427 2940 interiori
2455 2879 2939 2942 consolatione
2967 2896 3060 2942 ex

599 3003 724 3068 spe
755 2985 1006 3050 salutis
1035 3002 1206 3048 suae
1238 2996 1524 3047 eternae
1552 2982 1917 3064 perfusum
1944 2983 2183 3048 fuisse.
2227 2983 2407 3049 Cum
2444 2996 2684 3050 autem
2724 2984 3059 3067 expedire

599 3095 834 3158 visum
873 3110 1021 3156 non
1060 3092 1311 3156 fuisset
1347 3100 1424 3156 ut
1461 3091 1536 3155 in
1577 3088 2009 3156 Societatem
2052 3093 2114 3155 is
2158 3092 2648 3156 admitteretur
2671 3141 2686 3172 ‚
2733 3095 3061 3174 quamvis

597 3219 762 3265 cum
789 3199 968 3281 pede
997 3200 1232 3280 ligneo
1251 3247 1266 3278 ,
1297 3199 1540 3263 utilem
1571 3208 1812 3262 tamen
1841 3215 2133 3278 operam
2172 3198 2717 3264 conimbricensi
2753 3200 3061 3265 dioecesi

593 3308 897 3373 navavit
916 3357 930 3386 ,
965 3324 1132 3370 nam
1159 3307 1458 3370 liberum
1480 3304 1630 3386 Jam
1657 3306 1748 3369 ab
1778 3306 2233 3386 obligatione,
2261 3323 2475 3387 quam
2498 3307 2806 3372 habebat
2828 3307 3062 3374 Socie-

599 3417 764 3495 tati,
817 3415 1216 3496 Episcopus
1271 3413 1295 3444 '
1351 3430 1514 3476 eum
1571 3411 1857 3476 admisit
1906 3423 1976 3476 et
2025 3413 2176 3494 ejus
2225 3431 2443 3494 opera
2492 3413 2586 3477 ad
2632 3430 2751 3478 res
2806 3417 3065 3481 multas

599 3539 771 3585 usus
801 3531 930 3586 est.

726 3629 902 3694 1055.
987 3627 1420 3693 Excesserat
1442 3645 1534 3692 ex
1561 3627 1750 3692 vivis
1780 3626 2070 3708 quidam
2097 3628 2319 3692 frater
2340 3637 2582 3693 noster
2606 3628 3022 3711 Alphonsus
3048 3631 3070 3660 ⁷³

601 3739 922 3814 nomine,
956 3736 1045 3800 de
1074 3733 1276 3814 cuius
1304 3735 1457 3798 vita
1499 3751 1663 3798 cum
1704 3734 1964 3798 medici
2004 3734 2537 3816 desperassent,
2582 3746 2654 3800 et
2696 3738 3071 3803 vehemen-

601 3845 895 3910 tissimis
922 3843 1236 3907 febribus
1265 3852 1644 3920 urgeretur
1662 3889 1677 3920 ‚
1710 3840 1987 3905 duabus
2015 3851 2254 3906 tamen
2284 3843 2587 3924 integris
2614 3843 2812 3908 horis
2850 3849 3073 3927 quoti-

599 3953 750 4031 die,
783 3962 860 4015 ut
888 3959 1136 4031 postea
1168 3949 1600 4011 intellectum
1635 3956 1778 4027 est,
1812 3949 2395 4029 contemplationi
2430 3951 2773 4029 vacabat,
2815 3963 2886 4017 et
2928 3955 3075 4034 pla-

690 4157 708 4189 1
767 4156 908 4210 Quae
929 4166 962 4199 a
983 4165 1032 4198 n.
1055 4153 1158 4198 1051
1180 4153 1444 4206 hucusque
1473 4151 1686 4207 scripsit
1708 4151 1982 4207 Polaticus,
2013 4160 2361 4200 enarraverat
2375 4188 2388 4210 ,
2411 4167 2691 4212 suppresso
2724 4160 2878 4214 hujus
2903 4171 3079 4206 sacer-

599 4230 743 4274 dotis
760 4227 964 4272 nomine
983 4259 996 4277 .
1015 4225 1082 4270 fr.
1105 4225 1348 4269 Nicolaus
1368 4223 1600 4269 Gracida
1619 4223 1832 4278 litteris,
1850 4236 1981 4280 quas
2010 4237 2079 4270 ex
2105 4229 2485 4273 commissione
2511 4229 2683 4275 Patris
2702 4231 2892 4276 Leonis
2926 4232 3082 4278 Enri-

604 4313 732 4357 quez
752 4299 894 4344 dedit
915 4299 980 4342 ad
1000 4297 1263 4352 Ignatium
1281 4297 1336 4340 29
1357 4296 1656 4340 Decembris
1677 4297 1780 4341 1553
1792 4297 1947 4350 (Vide
1964 4297 2209 4344 Litterae
2228 4299 2689 4354 Quadrimestres,
2704 4309 2743 4347 t.
2764 4313 2817 4357 n,
2838 4315 2959 4359 pag.
2978 4305 3081 4348 ⁴82-

604 4373 726 4426 ⁸87„
745 4371 860 4416 ideo
881 4369 946 4414 ad
971 4369 1368 4424 praecedentem
1391 4379 1582 4412 annum
1603 4379 1725 4412 vere
1745 4369 2027 4423 pertinent.
2048 4370 2198 4416 Haud
2221 4378 2399 4418 tamen
2417 4373 2601 4418 inscite
2622 4374 2674 4418 in
2694 4375 2776 4420 his
2796 4381 2849 4419 et
2868 4387 3083 4430 sequen.

603 4445 746 4489 tibus
764 4443 834 4486 ad
855 4454 902 4486 n.
922 4452 1084 4496 usque
1109 4439 1213 4484 1055
1233 4446 1347 4484 tota
1367 4451 1452 4484 res
1467 4447 1548 4485 eat
1572 4452 1605 4485 a
1625 4439 1852 4485 Polanco
1874 4442 2024 4486 unico
2043 4443 2209 4488 veluti
2229 4451 2407 4489 tractu
2426 4444 2707 4500 descripta.

687 4517 711 4548 ¹
764 4513 991 4568 joannes
1012 4511 1218 4564 SoareS,
1240 4511 1301 4556 Ο.
1323 4511 1374 4555 S.
1397 4513 1464 4556 A.

687 4589 712 4620 ³
765 4585 1150 4630 “Conimbrlcae
1181 4585 1212 4627 9
1241 4583 1551 4629 Novembris
1570 4585 1736 4629 vitam
1773 4586 1965 4630 clausit
1993 4585 2294 4640 Alphonsus
2328 4587 2570 4635 Vasaeus
2587 4591 2751 4642 (Vas)
2780 4592 3084 4638 Portuensis

603 4658 1000 4712 scholasticum„
1029 4655 1268 4706 Fnaxco.
1301 4658 1334 4702 1.
1356 4667 1420 4710 c.,
1443 4656 1543 4700 An.
1566 4657 1688 4710 1553,
1721 4669 1769 4702 n.
1799 4657 1842 4701 8.
1870 4657 2026 4703 Recte
2045 4659 2207 4714 igitur
2237 4661 2419 4706 scribit
2449 4662 2721 4708 Pom-ecus
2755 4669 3080 4716 excesserat,

609 4733 842 4777 Pertinet
865 4741 1084 4785 namque
1106 4730 1172 4774 ad
1193 4740 1382 4774 annum
1401 4729 1816 4784 praecedentem.
1831 4729 1967 4774 Vide
1984 4729 2228 4775 Litterae
2244 4732 2703 4788 ,Quadrima-seres,
2725 4743 2761 4781 t.
2776 4747 2831 4792 n,
2846 4749 2966 4794 pag.
2985 4739 3083 4782 483·
