3742 5392
1604 459 1730 519 ΑΝ.
1777 459 1917 519 1554
2881 459 2989 517 429

1147 1030 1278 1095 DE
1309 994 1784 1096 COLLEGIO
1815 1030 2354 1101 oGNATENsl

1083 1370 1176 1415 Ac
1230 1370 1452 1417 REBUS
1512 1372 1570 1415 P.
1634 1370 1869 1416 ARAoz
1926 1370 2413 1417 PROVINCIALIS

641 1776 781 1841 925.
869 1777 1204 1860 Superest
1234 1782 1306 1844 in
1336 1782 1708 1862 provincia
1735 1780 2093 1845 Castellae
2118 1781 2515 1861 Collegium
2547 1780 2982 1861 Ognatense.

519 1882 1022 1950 Versabantur
1051 1896 1292 1951 autem
1321 1888 1546 1951 nostri
1568 1888 1814 1969 primis
1839 1889 2201 1952 mensibus
2224 1886 2431 1967 hujus
2454 1888 2624 1951 anni
2646 1889 2719 1951 in
2741 1888 2987 1952 eremi-

523 1991 712 2055 torio
740 1990 973 2055 Divae
1002 1993 1494 2074 Magdalenae,
1529 1994 1717 2075 quod
1745 1994 1822 2058 Ρ.
1856 1995 2289 2059 Franciscus
2318 1993 2657 2058 aedificiis
2680 1994 2774 2058 ad
2802 2012 2987 2058 com-

525 2097 941 2163 moditatem
968 2109 1374 2164 nostrorum
1401 2102 1601 2164 auxit
1627 2099 1668 2165 ².
1701 2101 1878 2165 Erat
1908 2110 2145 2165 autem
2168 2120 2387 2182 prope
2412 2100 2749 2182 oppidum
2770 2118 2989 2181 ogna·

515 2212 749 2282 tense,
782 2206 856 2269 in
885 2223 1023 2285 quo
1052 2205 1342 2271 domum
1371 2208 1738 2288 egregiam
1770 2207 2079 2271 habebat
2106 2206 2429 2272 Societas
2457 2206 2503 2287 ²;
2533 2207 2659 2271 sed
2684 2224 2868 2272 uxor
2890 2209 2993 2272 vi-

522 2311 668 2375 dua
698 2312 1119 2391 fundatoriS,
1154 2312 1346 2411 Petri
1375 2312 1745 2378 Michaelis
1784 2313 1978 2378 Petri
2016 2315 2103 2378 de
2147 2313 2389 2377 Araoz
2430 2312 2477 2393 ³,
2524 2331 2683 2377 eam
2722 2314 2995 2377 habita-

524 2418 673 2481 bat.
707 2416 877 2497 Sed,
922 2428 1302 2499 postquam
1344 2420 1418 2485 P.
1452 2419 1730 2484 Natalis
1755 2420 1893 2485 hac
1919 2430 2191 2484 aestate
2214 2438 2299 2483 eo
2323 2430 2641 2499 venerat,
2670 2429 2993 2484 curatum

524 2533 662 2605 est,
695 2525 1058 2589 adnitente
1093 2526 1171 2591 P.
1218 2527 1565 2592 Michaele
1607 2526 1858 2591 Ochoa
1898 2526 1943 2608 ⁴,
1989 2538 2065 2591 ut
2111 2528 2430 2591 honestis
2474 2527 2995 2591 conditionibus

529 2631 747 2695 vidua
776 2633 1063 2696 domum
1090 2633 1520 2715 relinqueret
1552 2636 1817 2699 nostris
1850 2634 2152 2699 liberam
2180 2632 2224 2700 ³.

649 2738 792 2803 926.
879 2740 1070 2804 Inter
1097 2758 1220 2804 eos
1251 2750 1512 2819 autem,
1548 2741 1668 2822 qui
1707 2759 1873 2805 cum
1914 2757 2179 2820 magna
2220 2740 2614 2804 humilitate
2659 2751 2728 2803 et
2766 2740 2993 2803 chari-

539 2855 686 2910 tate
713 2847 787 2910 in
817 2864 900 2911 eo
930 2847 1318 2927 Collegiolo
1369 2848 1866 2927 versabantur,
1923 2849 2062 2912 duo
2100 2856 2305 2912 erant
2340 2846 2551 2911 valde
2590 2847 2863 2910 nobiles
2893 2845 2995 2926 J'u-

537 2970 794 3031 veneS‚
853 2955 1034 3017 alter
1089 2953 1180 3017 D.
1234 2955 1485 3018 Petrus
1547 2956 1633 3019 de
1690 2954 1974 3019 Lodosa
2018 2954 2073 3033 ⁶,
2122 2957 2300 3018 alter
2348 2954 2431 3017 N.
2471 2953 2558 3017 de
2607 2953 2992 3034 Sandoval‚

611 3196 630 3228 ¹
693 3195 826 3239 Vide
845 3206 1024 3250 supra,
1057 3202 1094 3239 t.
1135 3206 1184 3245 ιι,
1213 3208 1335 3251 pag.
1365 3196 1464 3249 300.
1495 3208 1544 3241 n.
1579 3196 1663 3240 272
1690 3204 1742 3241 et
1780 3207 1902 3251 pag.
1920 3195 2019 3245 304.
2046 3206 2095 3238 n.
2130 3195 2229 3247 278,
2263 3200 2316 3237 et
2354 3192 2699 3246 erumnae-3,
2742 3194 2875 3237 Vidn
2909 3196 2999 3239 del

521 3267 740 3320 grande
759 3267 870 3310 San
889 3267 1180 3313 stancisco
1199 3268 1267 3311 de
1283 3268 1470 3320 Βοήα,
1491 3270 1582 3313 lib.
1605 3280 1677 3323 xv,
1699 3279 1820 3323 cap.
1853 3278 1870 3311 1
1884 3302 1895 3321 ,
1914 3267 1945 3323 ξ
1964 3268 2006 3310 2.

613 3337 636 3369 ¹
693 3339 827 3383 Vide
847 3350 1025 3394 supra,
1047 3348 1085 3385 t.
1106 3352 1162 3395 ιι,
1185 3352 1304 3397 pag.
1323 3341 1422 3395 mo.
1443 3354 1494 3385 n.
1515 3342 1612 3395 272,
1635 3348 1687 3385 et
1708 3339 2049 3391 Cxenruaeos,
2070 3340 2105 3382 1.
2126 3349 2191 3391 c..
2212 3338 2301 3382 lib.
2318 3349 2393 3390 m,
2416 3349 2533 3393 cap.
2560 3348 2649 3387 ιιι.
2671 3338 2702 3393 g
2722 3339 2767 3383 2.

607 3410 632 3442 ³
685 3409 784 3463 Sic;
799 3418 880 3455 eet
899 3420 1075 3455 tamen
1096 3413 1386 3457 fundatoris
1409 3425 1592 3457 nomen
1610 3413 1796 3457 Petrus
1818 3410 2071 3466 Miguelez
2092 3410 2153 3454 de
2171 3410 2372 3453 Araoz.

612 3483 637 3515 ⁴
689 3480 759 3536 1⁸,
781 3482 926 3538 quus
942 3482 1052 3537 jam
1071 3484 1282 3538 saepius
1301 3484 1495 3528 mentio
1517 3484 1660 3528 facta
1681 3490 1778 3536 est,
1803 3482 1997 3527 Rector
2018 3488 2135 3526 erat
2152 3479 2423 3535 Collegioli
2446 3480 2776 3535 Ognatensis.

611 3552 635 3585 ⁸
689 3552 880 3607 Magna
898 3554 1176 3599 laborabat
1195 3566 1374 3599 rerum
1395 3556 1462 3600 ad
1499 3556 1692 3599 vietum
1713 3554 2086 3609 pertinentium
2107 3553 2327 3607 penuria
2358 3551 2653 3607 Collegium
2680 3550 2997 3606 Oguatense.

527 3635 626 3669 nec
645 3625 1008 3679 reperiebatur
1027 3628 1114 3681 qui
1135 3628 1181 3670 ei
1205 3628 1405 3671 reditus
1423 3628 1536 3671 sive
1557 3638 1620 3670 ex
1643 3626 2018 3671 ecclesiasticis
2040 3624 2303 3669 beneficiis
2322 3625 2437 3667 eive
2459 3624 2667 3668 aliunde
2688 3624 2896 3668 adnecti
2917 3636 3001 3668 cu-

531 3702 697 3741 raret.
731 3698 929 3751 “Segun
959 3698 1186 3742 Nueetro
1221 3698 1394 3742 Padre
1425 3710 1482 3742 es
1516 3698 1820 3753 informatio,
1851 3708 1953 3742 con
1984 3696 2234 3742 facilidad
2280 3706 2464 3753 mayor
2500 3706 2557 3739 ee
2596 3696 2805 3739 hallara
2843 3695 2995 3751 quien

527 3770 720 3825 quiera
738 3769 836 3814 dar
865 3769 1140 3814 beneficios
1163 3774 1194 3815 ό
1213 3774 1508 3825 prestamos
1528 3782 1660 3826 para
1689 3772 1805 3815 uuir
1826 3772 1882 3815 al
1911 3770 2121 3824 Colegio
2142 3769 2205 3811 de
2224 3769 2417 3812 Alcala
2447 3779 2545 3822 que
2577 3770 2610 3811 a
2639 3769 2691 3812 el
2719 3767 2783 3811 de
2812 3768 2996 3822 Onate,

525 3852 623 3885 con
644 3846 758 3885 esto
777 3851 874 3896 que
893 3843 1045 3896 aquel
1068 3841 1280 3897 Colegio
1299 3854 1488 3897 pat-ece
1512 3846 1543 3885 a
1563 3842 1788 3887 Nuestro
1809 3842 1982 3886 Padre
1999 3842 2061 3885 de
2086 3840 2432 3895 importancia
2451 3852 2486 3895 y
2508 3846 2656 3883 tauto
2672 3851 2783 3884 mas
2804 3841 2999 3883 necesi-

489 3940 500 3945 -
533 3911 639 3956 dad
661 3913 798 3956 tiene
821 3912 882 3956 de
898 3913 1072 3969 ayuda
1091 3920 1282 3957 euanto
1301 3925 1476 3957 menos
1495 3924 1553 3957 ee
1573 3914 1800 3958 inclinati
1821 3915 1901 3957 las
1924 3923 2175 3967 personas
2199 3914 2232 3955 a
2254 3913 2301 3955 le
2319 3912 2539 3967 ayudar,
2574 3920 2771 3965 porque
2800 3911 2879 3954 los
2898 3922 2995 3965 que

535 3984 740 4037 pueden
757 3994 852 4028 eon
873 3984 1072 4029 tirados
1091 3984 1154 4028 de
1175 3995 1265 4029 eus
1296 3986 1598 4030 affectiones
1618 3988 1651 4030 a
1669 3992 1816 4030 otras
1835 3992 2017 4040 partes
2036 3996 2069 4040 y
2090 3984 2169 4027 los
2188 3994 2287 4037 que
2308 3982 2523 4037 quieren
2554 3988 2909 4026 comunmente
2932 3992 2997 4025 no

535 4054 757 4099 tendi-an
780 4066 990 4100 manera
1012 4066 1144 4111 para
1170 4058 1372 4111 ayudar
1390 4068 1488 4101 con
1509 4062 1660 4101 tenta
1680 4067 1775 4111 por
1795 4068 1883 4100 aer
1916 4063 2010 4100 tau
2043 4055 2231 4111 pobres
2258 4055 2337 4098 loe
2358 4052 2635 4097 beneficioe
2665 4053 2729 4097 de
2763 4054 2998 4108 aqueuas

531 4127 730 4171 tierras
749 4126 984 4171 vecinas.
1008 4128 1076 4171 V.
1092 4128 1154 4171 R.
1186 4134 1345 4183 tenca
1377 4140 1474 4183 por
1511 4129 1895 4173 encomeudado
1924 4138 1991 4171 eu
2024 4129 2076 4171 la
2108 4126 2369 4181 particion
2400 4136 2497 4180 que
2536 4125 2645 4169 alia
2676 4135 2733 4169 se
2762 4124 2897 4169 hara
2934 4124 2997 4167 de

535 4198 772 4252 aquelloe
791 4198 882 4242 mil
901 4198 1194 4253 quinieutos
1222 4200 1286 4244 de
1319 4206 1470 4244 tenta
1499 4212 1534 4257 y
1567 4200 1694 4254 diga
1713 4201 1768 4244 al
1791 4200 1855 4243 P.
1879 4198 2201 4243 Villanueva
2221 4201 2251 4241 6
2272 4208 2329 4240 se
2350 4198 2399 4241 lo
2436 4196 2621 4241 mande
2656 4196 2879 4240 escribir
2897 4207 2997 4250 que

534 4268 767 4313 Nuectro
787 4268 956 4313 Padre
975 4270 1199 4325 hoigar-a
1217 4284 1314 4327 que
1335 4273 1384 4316 el
1403 4282 1494 4316 sea
1521 4270 1840 4326 procur-ador
1869 4271 1933 4314 de
1966 4270 2133 4314 Onate
2152 4282 2187 4325 y
2208 4280 2275 4313 no
2296 4280 2351 4312 se
2372 4272 2615 4312 contente
2633 4278 2730 4311 con
2751 4268 2800 4310 lo
2822 4267 2885 4310 de
2906 4268 2998 4311 Al-

523 4342 666 4394 eala,
687 4341 802 4386 eino
821 4352 918 4397 que
939 4343 1010 4386 ha
1028 4343 1092 4387 de
1113 4350 1262 4388 tener
1279 4350 1432 4399 parte
1449 4344 1678 4388 tambien
1696 4354 1759 4387 eu
1781 4346 1830 4387 lo
1854 4343 1919 4387 de
1938 4342 2124 4397 Onate,
2146 4354 2177 4396 y
2204 4344 2319 4385 maz
2337 4341 2387 4384 lo
2404 4351 2502 4394 que
2523 4341 2556 4383 a
2575 4338 2639 4381 V.
2663 4338 2725 4382 R.
2746 4340 2795 4383 le
2814 4350 2997 4393 pares-

547 4413 730 4467 ciere...
773 4413 1038 4469 Pannona,
1059 4424 1126 4459 ex
1147 4426 1296 4470 com„
1317 4416 1467 4460 Patri
1488 4414 1806 4471 Hieronymo
1826 4414 2013 4465 Nadal.
2031 4414 2085 4457 24
2115 4412 2389 4456 Februarii
2410 4409 2811 4465 1654.-Scripsit
2840 4410 3000 4455 etiam

526 4484 592 4529 de
611 4483 678 4529 iic
699 4485 882 4529 eadem
901 4485 984 4529 die
1005 4486 1153 4531 Patri
1174 4487 1402 4531 Antonio
1424 4488 1486 4531 de
1512 4488 1700 4531 Araoz.

602 4554 629 4588 ⁸
682 4556 825 4601 “Don
844 4555 1014 4602 Pedro
1032 4558 1096 4602 de
1115 4556 1322 4603 Lodosa
1335 4591 1348 4613 ,
1370 4558 1646 4603 Caballero
1667 4558 1929 4612 Navarro,
1951 4569 2047 4613 que
2078 4557 2243 4601 houro
2264 4566 2360 4599 con
2392 4564 2481 4598 sue
2500 4554 2737 4609 virtuales
2758 4554 2812 4596 la
2850 4552 2999 4596 Com·

523 4630 682 4681 panta
712 4642 747 4685 y
767 4640 828 4673 au
847 4631 1078 4683 patria„
1099 4627 1420 4674 Crzxrusscos
1435 4662 1447 4683 ,
1469 4630 1608 4679 ibid..
1631 4630 1718 4674 lib.
1743 4642 1814 4685 w,
1847 4640 1964 4684 cap.
1992 4640 2030 4673 u
2047 4662 2057 4681 ,
2080 4628 2111 4683 ἓ
2130 4626 2371 4671 4.-Vida
2404 4636 2579 4681 supra,
2602 4630 2641 4667 t.
2662 4633 2715 4677 11,
2746 4634 2873 4678 pag.
2898 4622 2999 4678 601,

523 4710 575 4741 n.
597 4698 696 4743 ⁴⁸ae-
