3742 5392
760 461 864 521 196
1674 460 1930 523 Cimon.
1972 460 2125 523 Soc.
2165 463 2305 537 με.

753 606 1139 671 adventum
1170 605 1245 671 Ρ.
1278 608 1592 691 Joannes
1620 608 1988 690 Philippus
2027 609 2368 674 Cassinus
2407 610 2478 675 in
2519 610 2828 674 ecclesia
2867 611 3036 674 novi
3073 610 3234 674 Mo-·

752 714 1045 778 nasterii
1075 713 1145 778 S.
1161 713 1203 757 ti
1232 713 1601 780 Michaelis
1630 716 2192 781 concionabatur
2227 714 2268 793 ¹;
2301 714 2486 796 Mgr.
2519 715 2940 781 Vincentius
2963 717 3219 781 Valen-

740 820 938 885 tinus
993 820 1065 884 in
1116 822 1255 885 alia
1314 821 1441 886 S.ti
1499 820 1932 902 Salvatoris;
1995 824 2067 887 in
2115 823 2376 905 oppido
2415 832 2652 887 autem
2689 822 2815 887 S.ti
2857 824 3220 889 Vincentii

748 928 986 992 vicino
1020 926 1095 991 Ρ.
1128 928 1436 993 Michael
1467 947 1508 992 a
1538 930 1954 994 Laetavalle
1982 928 2040 1009 ’;
2071 930 2145 994 in
2187 930 2412 994 variis
2459 931 2909 995 monasteriis
2953 948 3218 995 messa-

748 1035 1087 1099 nensibus
1143 1035 1220 1100 P.
1282 1035 1684 1117 Stephanus
1739 1036 2112 1101 Baroeuus
2167 1038 2377 1102 simul
2434 1038 3044 1103 concionabantur
3075 1055 3090 1118 ;
3143 1047 3221 1102 ut

748 1143 1070 1206 omittam
1113 1143 1189 1206 Ρ.
1242 1144 1757 1225 Hieronymum
1808 1144 2154 1224 Otellum,
2202 1144 2403 1226 cujus
2439 1146 2822 1210 conciones
2858 1145 3108 1226 perdiu
3147 1146 3220 1209 in

748 1250 1157 1314 Cathedrali
1187 1252 1490 1314 ecclesia
1519 1261 1683 1315 sunt
1722 1252 2041 1329 habitae,
2089 1252 2416 1332 quamvis
2461 1270 2640 1333 quas
2679 1252 2752 1315 in
2791 1253 3055 1333 templo
3099 1271 3218 1316 no-

746 1346 895 1420 stro
928 1355 999 1421 S.
1016 1356 1058 1400 tl
1086 1356 1363 1421 Nicolai
1396 1356 1769 1439 [habebat]
1799 1359 2064 1440 populo
2094 1360 2226 1422 toti
2247 1375 2462 1439 quam
2482 1360 2793 1423 maxime
2814 1360 3232 1441 placebant,

744 1464 935 1544 quod
966 1473 1035 1528 et
1063 1463 1459 1545 frequentia
1499 1475 1568 1529 et
1612 1466 1995 1530 commotio
2041 1467 2448 1531 auditorum
2497 1468 2914 1531 testabatur.
2961 1466 3218 1531 Primis

743 1572 957 1634 etiam
989 1572 1345 1663 mensibus
1374 1574 1543 1637 anui
1573 1590 1735 1637 cum
1770 1574 2082 1653 primum
2123 1570 2480 1637 Panormo
2519 1573 2832 1638 venisset
2874 1572 2952 1637 Ρ.
2997 1574 3216 1637 Anto-

740 1680 902 1742 nius
934 1678 1321 1758 VinchiuS,
1355 1680 1427 1743 in
1458 1679 1714 1761 oppido
1744 1679 1966 1744 Italae
1995 1697 2220 1762 usque
2250 1680 2342 1743 ad
2371 1680 2980 1761 Quadragesimae
3002 1680 3216 1744 finem

741 1786 1208 1849 concionatus
1237 1796 1364 1850 est.

860 1892 1003 1956 421.
1088 1892 1554 1973 Magistratus
1609 1893 2118 1972 MessanensiS,
2181 1912 2390 1975 quem
2449 1893 2786 1973 stratigo
2844 1892 2868 1924 ⁸
2923 1906 3206 1973 vocant,

742 1999 833 2063 D.
867 2000 1122 2064 Petrus
1155 2001 1243 2063 de
1280 2001 1509 2065 Urrea
1539 2010 1869 2080 vocatuS,
1919 2018 2081 2065 cum
2119 2002 2427 2081 primum
2469 2000 2878 2065 Messanam
2917 2003 3209 2083 appulit,

740 2105 1085 2171 Societati
1117 2107 1629 2171 amicissimum
1658 2124 1735 2171 se
1765 2106 2102 2187 ostendit,
2137 2118 2207 2171 et
2234 2107 2468 2171 eidem
2497 2125 2778 2171 omnem
2805 2126 3012 2173 suam
3053 2127 3212 2189 ope-

738 2231 893 2278 ram
924 2213 1195 2278 obtulit.

854 2321 995 2384 422.
1081 2322 1655 2400 Extramontani,
1690 2322 1810 2401 qui
1840 2322 1914 2385 in
1941 2320 2256 2386 Siciliam
2283 2322 2482 2386 missi
2507 2320 2832 2401 fuerunt,
2874 2324 3202 2403 germani

734 2428 1158 2508 praesertim
1190 2436 1259 2490 et
1287 2429 1488 2509 galli,
1521 2445 1664 2492 non
1692 2445 2034 2509 prospere
2073 2428 2456 2492 admodum
2495 2428 2568 2491 in
2614 2429 2734 2491 illo
2775 2437 2940 2493 aere
2981 2432 3205 2495 siculo

733 2536 1111 2611 valebant,
1146 2535 1365 2615 aliqui
1392 2536 1646 2599 saltem
1684 2551 1962 2615 eorum3
2010 2544 2078 2597 et
2120 2534 2222 2598 ita
2259 2535 2396 2598 hoc
2447 2552 2635 2599 anno
2689 2534 2764 2599 Ρ.
2820 2536 3198 2618 RobertuS,

733 2640 1016 2721 GalluS,
1049 2642 1275 2707 vitam
1306 2643 1771 2722 temporalem
1799 2658 1962 2705 cum
1993 2650 2285 2705 aeterna
2315 2644 2782 2707 commutavit
2811 2642 2856 2703 ⁴.
2895 2643 3207 2726 Scripse-

731 2759 845 2813 rat
873 2749 1158 2831 quidem
1185 2748 1261 2813 P.
1296 2750 1614 2829 Ignatius
1641 2759 1720 2812 ut
1748 2766 1910 2813 eum
1940 2749 2012 2813 in
2043 2748 2322 2812 Italiam
2350 2750 2822 2827 remitterent;
2855 2752 2982 2815 sed
3005 2768 3195 2831 ser0,

729 2874 891 2921 cum
936 2856 1087 2936 jam
1136 2858 1286 2937 ipse
1329 2874 1504 2937 prae
1553 2855 1912 2921 debilitate
1960 2856 2095 2920 iter
2146 2854 2495 2920 conficere
2547 2874 2690 2921 non
2736 2869 3010 2937 posset,
3065 2860 3202 2923 hoc

727 2965 1249 3045 praescriptum
1280 2962 1685 3027 Messanam
1721 2962 2069 3043 pervenit.
2116 2962 2259 3026 Alii
2297 2963 2470 3043 du0,
2515 2964 2818 3043 scilicet,
2872 2966 3196 3029 Andreas

727 3069 786 3133 F
789 3070 1000 3134 risius
1030 3068 1053 3101 ⁵
1083 3079 1151 3133 et
1180 3070 1479 3134 Michael
1502 3120 1516 3149 ,
1550 3070 1951 3135 Germanus
1978 3066 2042 3148 ⁶,
2076 3080 2455 3150 postquam
2483 3071 2690 3134 varia
2720 3074 2876 3135 loca
2910 3070 3194 3136 Siciliae

727 3177 995 3242 frustra
1025 3178 1470 3258 probassent,
1506 3178 1578 3242 in
1606 3177 1914 3253 Italiam,
1948 3177 2163 3241 immo
2194 3178 2268 3240 in
2293 3177 2755 3242 Germaniam
2784 3196 2908 3242 eos
2937 3181 3199 3244 remitti

727 3284 1061 3365 oportuit,
1096 3302 1265 3349 nam
1292 3284 1366 3348 in
1395 3285 1742 3362 morbum,
1775 3302 1988 3365 quem
2009 3284 2358 3348 caducum
2386 3294 2673 3365 vocant,
2701 3284 3005 3349 Michael
3028 3288 3198 3350 inci-

727 3393 951 3471 derat,
984 3401 1055 3456 et
1084 3408 1247 3455 cum
1276 3408 1367 3455 ex
1399 3390 1717 3471 Collegio
1746 3390 2188 3455 Messanensi
2211 3391 2410 3454 missi
2433 3401 2596 3455 sunt
2614 3440 2630 3472 ,
2664 3402 2732 3454 et
2754 3393 3072 3456 vestibus
3103 3395 3204 3457 ad-

725 3500 857 3564 iter
884 3499 1159 3563 idoneis
1185 3511 1255 3562 et
1283 3499 1549 3562 viatico
1578 3515 1803 3579 usque
1832 3498 1906 3561 in
1935 3495 2371 3561 Germanian
2399 3498 2726 3563 instructi
2759 3498 3064 3564 fuerunt.

800 3779 818 3811 ¹
875 3778 999 3823 “Del
1033 3788 1281 3833 ocuparse
1302 3776 1451 3821 Mtro.
1470 3775 1547 3829 Jo.
1571 3775 1806 3831 Philippo
1828 3775 2016 3820 Casino
2048 3786 2112 3819 en
2141 3776 2218 3819 ios
2240 3772 2581 3820 Monasterios
2611 3783 2728 3828 etc..
2752 3776 2818 3820 ad
2853 3784 3055 3833 tempus
3075 3782 3191 3822 esta

721 3850 862 3905 bien;
884 3860 1011 3906 pero
1031 3851 1230 3904 hagae
1250 3856 1439 3893 cuenta
1459 3849 1522 3892 de
1544 3848 1771 3902 quitarle
1791 3848 1852 3890 de
1874 3848 1967 3891 alli
1989 3857 2127 3901 quan
2147 3855 2324 3901 presto
2345 3858 2400 3891 se
2433 3848 2602 3902 pueda
2625 3849 2720 3892 dar
2740 3850 2932 3893 recado
2953 3852 2986 3893 a
3012 3851 3093 3894 las
3116 3861 3190 3893 re-

717 3921 958 3975 ligiosn.
979 3931 1175 3975 perque
1206 3929 1417 3965 nuestro
1436 3919 1683 3964 Instituto
1713 3930 1778 3961 no
1798 3918 1942 3962 suste
1971 3924 2090 3962 otta
2118 3929 2266 3972 cosa,
2288 3930 2324 3974 y
2342 3920 2640 3973 cumplenos
2675 3921 2859 3964 mncho
2889 3922 3188 3974 guaz-darie.

717 3994 859 4037 ultra
881 3993 945 4037 de
967 3994 1365 4037 desemoarazar
1400 3992 1453 4035 la
1486 4001 1711 4044 persona
1740 3990 1825 4033 del
1857 3988 2010 4034 Mtro.
2039 3989 2118 4043 Jo.
2152 3988 2437 4045 Philippo„
2471 3989 2743 4047 Polancus‚
2775 4003 2840 4037 ex
2871 4004 3022 4043 com..
3043 3992 3188 4036 Patri

718 4064 1039 4122 Hieronymo
1060 4064 1372 4115 Domenech,
1400 4064 1452 4107 16
1469 4062 1707 4116 januarii
1734 4062 1851 4107 1554.

796 4136 820 4168 ²
873 4135 1037 4181 Min-ae
1058 4137 1145 4180 vir
1164 4134 1467 4181 sanctitatis
1484 4168 1494 4187 ,
1516 4134 1665 4189 culus
1692 4134 2045 4188 amplissimae
2066 4144 2152 4177 res
2172 4138 2354 4189 gestae
2387 4144 2488 4178 non
2507 4135 2821 4179 mediocrem
2843 4136 2994 4191 hujiis
3025 4136 3184 4180 histo·

716 4208 827 4252 riae
847 4214 1053 4262 partem
1071 4208 1166 4252 sibi
1191 4207 1634 4258 vendicaverint...
1654 4205 1947 4257 Accitana,
1971 4205 2292 4249 Provinciae
2310 4204 2526 4250 Siculae
2546 4204 2659 4249 Soc.
2675 4205 2810 4261 Jesu
2834 4206 2996 4250 Ortus
3011 4210 3062 4250 et
3079 4206 3187 4249 Res

712 4281 919 4333 gestae,
942 4286 1093 4334 parte
1113 4280 1296 4334 prima,
1319 4290 1435 4333 cap.
1456 4288 1529 4332 iv,
1552 4288 1603 4321 n.
1625 4286 1793 4321 xxvn.

796 4350 817 4383 ⁵
871 4349 1007 4393 Vide
1028 4360 1205 4405 supra,
1226 4356 1262 4393 t.
1283 4358 1359 4404 m,
1377 4360 1499 4403 pag.
1524 4348 1617 4391 191.

727 4471 737 4477 ,
794 4422 817 4453 ⁴
870 4420 1013 4465 Nihil
1040 4421 1103 4465 de
1133 4422 1229 4466 hoc
1248 4454 1259 4475 ‚
1292 4422 1377 4476 qui
1408 4432 1441 4465 a
1472 4419 1701 4464 Roberto
1732 4418 2058 4473 Clayssonio,
2091 4421 2274 4475 belga.
2299 4420 2516 4466 Parisiis
2547 4423 2644 4467 hoc
2681 4431 2912 4477 tempore
2941 4423 3196 4477 degente..

712 4493 1104 4547 distinguendus
1124 4501 1203 4537 est
1218 4526 1229 4547 ,
1251 4492 1413 4537 habet
1434 4493 1711 4536 Aouinsaa
1732 4490 1784 4535 in
1804 4490 2053 4535 Historia
2076 4490 2232 4535 Ρνου.
2255 4492 2488 4545 Siculae,
2509 4493 2562 4537 S.
2583 4494 2638 4548 J.

791 4564 815 4598 ⁸
871 4564 1005 4609 Vide
1038 4576 1225 4620 supra,
1255 4571 1293 4609 t.
1329 4574 1406 4618 m,
1437 4574 1560 4619 pag.
1594 4564 1691 4619 231,
1713 4574 1760 4608 n.
1792 4562 1889 4614 510.
1924 4570 1978 4607 et
2011 4564 2257 4608 Litterae
2288 4564 2748 4619 QuadritnestreS,
2781 4573 2820 4610 t.
2859 4578 2894 4621 1,
2927 4576 3048 4621 pag.
3083 4566 3180 4619 546,

707 4637 1017 4754 atzathi-nc
1035 4719 1241 4765 semper
1258 4708 1579 4753 Michasslem
1604 4707 1957 4759 Germanum,
1983 4708 2254 4755 Michaea-
2275 4708 2502 4755 Tedesco
2523 4712 2846 4767 appellatum
2864 4712 3174 4757 invenimus-
