3742 5392
1597 473 1730 531 An.
1773 472 1915 533 1554
2876 480 2997 541 363

510 618 863 699 Hispania
894 619 1104 681 simul
1132 626 1412 682 tantum
1441 618 2028 685 contradictionis
2060 619 2487 685 Societatem
2516 638 2807 704 passam
2842 632 2989 690 που·

513 744 670 789 esse
700 734 1043 806 quantum
1075 726 1148 789 in
1179 743 1262 789 ea
1295 726 1449 788 sola
1477 726 1792 805 civitate;
1827 726 1954 789 sed
1982 743 2113 790 nec
2144 725 2326 791 forte
2350 736 2497 793 tam
2526 730 2785 794 multos
2817 733 2985 797 ami-

514 850 640 896 cos
667 834 812 896 ullo
842 832 980 896 alio
1021 834 1094 896 in
1123 833 1280 895 loco
1326 832 1652 911 habebat,
1697 832 1838 913 qui,
1874 833 2137 913 optime
2168 834 2255 897 de
2293 833 2649 901 Societate
2686 839 2985 903 sentien-

513 949 653 1020 teS,
707 956 1014 1019 magnae
1067 939 1438 1004 charitatis
1485 939 1744 1003 affectu
1794 952 1979 1005 eam'
2010 942 2645 1022 prosequebantur:
2704 946 2988 1025 plurimi

513 1048 730 1111 etiam
759 1065 850 1110 ex
879 1058 1286 1109 nostrorum
1318 1045 1802 1110 familiaritate
1823 1046 2300 1128 profecerant3
2330 1058 2399 1111 et
2418 1057 2679 1130 tamen,
2706 1062 3001 1131 praeter·

515 1164 1132 1218 sacramentorum
1163 1154 1630 1218 ministerium
1669 1171 1755 1217 ac
1797 1155 2149 1235 colloquia
2180 1156 2487 1235 privata,
2517 1159 2645 1221 vix
2676 1159 2815 1223 alio
2848 1170 2999 1224 ute-

513 1261 772 1324 bantur
795 1262 1050 1341 medi0,
1086 1262 1251 1341 quia
1277 1262 1855 1325 concionatorem
1878 1278 2021 1325 non
2048 1262 2475 1344 habuerant,
2500 1265 2713 1347 quiin
2736 1284 2820 1330 eo
2844 1285 2993 1332 mu·

513 1384 683 1431 nere
715 1379 1271 1448 perseverasset,
1306 1379 1378 1432 et
1409 1369 1748 1449 perpauci
1776 1368 2058 1432 fuerant
2088 1370 2517 1435 sacerdotes,

633 1474 776 1537 772.
865 1474 1004 1538 Sed
1031 1484 1110 1538 ut
1141 1473 1231 1537 ad
1263 1473 1550 1538 domum
1581 1485 1893 1556 emptam
1925 1476 2319 1555 redeamuS,
2352 1477 2700 1559 reliquum
2731 1488 2885 1543 erat
2913 1490 2991 1545 ut

513 1582 588 1645 in
617 1582 992 1661 designato
1035 1584 1296 1663 templo
1340 1582 1610 1662 primus
1651 1583 1834 1663 lapis
1878 1591 2279 1665 poneretur;
2324 1594 2393 1647 et
2434 1585 2721 1665 quidem
2749 1587 2999 1652 Cardi--

513 1691 698 1753 nalis
741 1689 1061 1769 Poggius
1080 1737 1095 1767 ,
1149 1688 1266 1769 qui
1328 1691 1586 1753 multos
1638 1690 1790 1753 dies
1842 1689 2462 1771 Caesaraugustae
2504 1692 2666 1771 suit,
2725 1711 2994 1775 ponere

515 1797 710 1860 illum
738 1798 1107 1876 potuisset,
1141 1798 1281 1859 nisi
1304 1797 1678 1876 repentina
1706 1795 1860 1877 ejus
1888 1797 2236 1877 profectio
2258 1806 2327 1861 et
2356 1816 2609 1879 parum
2630 1800 2833 1865 firma
2866 1818 2987 1865 va-

517 1905 754 1967 letudo
783 1904 1219 1984 impedisset:
1247 1902 1493 1967 eadem
1519 1902 1752 1967 effecit
1775 1920 1864 1967 ne
1889 1905 2221 1984 cuiquam
2246 1905 2366 1969 alii
2388 1906 2740 1987 Episcopo
2762 1908 2992 1986 (erant

519 2012 708 2075 enim
741 2011 957 2090 aliqui
988 2028 1081 2073 ex
1111 2011 1244 2088 his,
1280 2028 1460 2090 quos
1490 2012 1814 2073 titulares
1843 2012 1960 2073 vel
1988 2012 2373 2075 annulares
2402 2022 2687 2091 vocant,
2731 2015 2997 2079 Caesa—

521 2118 936 2197 raugustae)
972 2116 1066 2198 [id
1098 2118 1322 2197 ipsius
1347 2118 1632 2180 nomine
1660 2116 2062 2180 faciendum
2095 2118 2627 2203 committeret]‚
2661 2123 3003 2201 quamvls

522 2224 975 2289 Barchinona
1018 2224 1434 2288 facultatem
1477 2224 1569 2287 ad
1607 2222 1678 2287 id
1717 2241 1793 2287 se
1835 2224 2219 2287 missurum
2256 2226 2603 2305 promisit.
2646 2227 2723 2290 P.
2772 2227 3003 2309 Rojas

520 2348 652 2412 per
679 2330 1318 2412 Archiepiscopum
1353 2330 2105 2409 Caesaraugustanum
2132 2332 2249 2393 vel
2276 2348 2401 2411 per
2432 2332 2583 2413 ejus
2606 2336 2991 2400 auctorita-

516 2448 662 2501 tem
690 2437 758 2501 id
792 2438 945 2502 fieri
975 2436 1328 2517 cupiebat3
1355 2437 1482 2500 sed
1511 2447 1807 2517 rogatus
1837 2436 1955 2499 ille
1978 2437 2343 2518 respondit
2368 2455 2445 2501 se
2468 2447 2635 2504 tunc
2666 2458 2805 2504 non
2830 2460 2989 2523 pos·

517 2562 596 2609 se
626 2544 697 2607 id
727 2546 989 2622 facere,
1024 2554 1094 2608 et
1123 2562 1284 2609 cum
1318 2544 1389 2607 id
1416 2552 1680 2624 posset,
1721 2561 1798 2607 se
1835 2544 2453 2609 consideraturum
2491 2547 2658 2627 quid
2695 2550 2979 2628 expedi-

516 2662 649 2715 ret.
683 2652 777 2717 Ut
807 2662 1046 2715 autem
1077 2651 1339 2731 frigida
1363 2652 1538 2714 haec
1564 2651 1932 2730 responsio
1963 2651 2359 2731 videbatur,
2387 2653 2484 2715 ita
2508 2654 2843 2734 expedire
2864 2674 2993 2719 no-

532 2759 663 2822 stri
696 2758 1109 2841 judicabant
1146 2766 1221 2822 ut
1259 2758 1477 2837 aliqui
1530 2758 1668 2821 viri
1707 2758 2032 2837 primarii
2074 2769 2142 2821 et
2187 2757 2750 2840 Archiepiscopo
2799 2765 2999 2841 grati·

521 2883 683 2929 eum
715 2867 1268 2946 alloquerentur:
1302 2864 1566 2927 frustra
1599 2874 1836 2928 tamen
1869 2865 1939 2928 id
1970 2873 2316 2929 tentatum
2346 2874 2452 2929 est
2480 2865 2519 2930 ¹.

531 3004 544 3011 ·
646 2972 790 3035 773.
879 2972 1376 3037 Observabant
1425 2973 1891 3035 nihilominus
1936 2972 2165 3036 nostri
2216 2972 2405 3053 quod
2454 2991 2585 3037 nec
2635 2978 3003 3041 contradi--

518 3080 794 3142 ctiones
835 3080 1332 3158 religiosorum
1375 3097 1506 3141 nec
1548 3080 1760 3143 etiam
1807 3078 2361 3157 dissuassiones‚
2406 3082 2659 3161 quibus
2702 3084 2989 3147 uteban—

521 3195 638 3249 tur
667 3187 888 3266 aliqui
919 3184 1009 3247 ad
1041 3186 1479 3265 separandos
1508 3186 1830 3248 homines
1862 3202 1903 3247 a
1935 3184 2330 3265 frequentia
2352 3198 3001 3269 sacramentorum,

523 3292 801 3356 efficere
831 3292 1193 3373 potuerint
1224 3292 1386 3372 quin
1422 3292 1596 3358 satis
1651 3292 1868 3369 multi,
1921 3300 2130 3371 prout
2167 3304 2577 3373 coeperant,
2621 3295 2871 3358 crebro
2903 3298 2997 3361 ad

521 3416 610 3461 ea
640 3398 1088 3477 accederent,
1123 3410 1190 3462 et
1222 3400 1343 3462 alii
1374 3399 1444 3462 in
1474 3400 1624 3463 dies
1653 3398 2103 3479 accederent;
2130 3398 2250 3479 qui
2280 3407 2541 3463 octavo
2570 3417 2848 3481 quoque
2880 3402 2991 3467 die

520 3506 636 3569 vel
669 3506 950 3569 decimo
984 3506 1226 3586 quinto
1258 3505 1796 3585 confitebantur,
1842 3507 2002 3587 plus
2043 3522 2255 3585 quam
2298 3508 2677 3586 sexaginta
2714 3508 2786 3571 id
2826 3517 3005 3573 tem·-

519 3613 715 3691 poris
744 3612 944 3676 initio
977 3612 1146 3675 anni
1176 3621 1400 3691 erant3
1435 3612 1553 3693 qui
1585 3621 1822 3675 autem
1851 3612 2154 3692 singulis
2177 3612 2535 3676 mensibus
2564 3622 2633 3677 et
2662 3613 2863 3678 sestis
2885 3633 2991 3679 so-

518 3719 1003 3797 lemnioribus,
1040 3718 1322 3799 plurimi
1352 3726 1577 3797 erant,
1612 3728 1681 3782 et
1709 3738 1800 3782 ex
1829 3719 2261 3800 primoribus
2288 3718 2501 3783 totius
2524 3720 2742 3800 urbis;
2776 3730 2845 3785 et
2868 3722 2993 3786 ad-

519 3826 850 3890 miranda
904 3825 1256 3905 quaedam
1307 3825 1733 3905 operabatur
1772 3825 2124 3889 Dominus
2164 3826 2238 3890 in
2280 3825 2699 3889 reducendis
2750 3830 2991 3893 multis

517 3932 844 4013 perditae
874 3932 1068 3995 vitae
1098 3931 1500 3996 hominibus
1529 3932 1619 3995 ad
1649 3934 1760 3996 sui
1789 3932 2266 4012 cognitionem
2294 3941 2366 3995 et
2404 3934 2995 4015 emendationem;

519 4047 592 4103 et
618 4037 885 4103 frustra
917 4040 1156 4121 aliqui,
1191 4040 1517 4119 quamvis
1556 4039 1732 4103 satis
1772 4038 2216 4119 impudenter
2252 4048 2501 4102 contra
2544 4039 2989 4121 frequentem

520 4146 1097 4209 communionem
1126 4148 1600 4225 loquerentur,
1635 4154 1703 4209 et
1732 4162 1892 4210 eam
1922 4145 2356 4222 deriderent,
2400 4154 2469 4209 et
2500 4144 2755 4210 inferni
2794 4148 2991 4212 viam

519 4269 680 4315 esse
711 4252 1050 4330 dicerent,
1085 4252 1374 4331 frustra,
1409 4252 1720 4331 inquam,
1750 4253 1971 4316 verba
1992 4270 2123 4316 sua
2145 4249 2617 4331 effundebant,
2647 4254 2811 4318 licet
2836 4256 2999 4319 reli*

521 4568 578 4607 et
607 4568 784 4607 tamen
805 4572 933 4616 erga
955 4562 1274 4607 Societatem
1308 4563 1534 4607 animum
1556 4561 1716 4613 gessit
1749 4564 2053 4616 quandoque
2086 4563 2361 4607 adversum
2380 4595 2390 4615 ,
2413 4563 2521 4605 fere
2552 4572 2755 4616 semper
2790 4563 3004 4619 tepidis-

519 4634 709 4679 simum
725 4666 738 4680 .
759 4641 818 4678 ut
839 4634 948 4678 suis
971 4634 1160 4678 litteris
1183 4640 1412 4679 testatur
1433 4635 1490 4677 P.
1517 4635 1752 4678 Andreas
1773 4633 1834 4677 de
1857 4633 2071 4679 Oviedo.

605 4706 624 4737 ¹
682 4705 815 4750 Vide
840 4706 1002 4759 infra,
1026 4718 1072 4750 n.
1096 4704 1197 4749 787.
