3742 5392
775 502 881 561 172
1690 502 1947 562 Cunox.
1991 502 2142 561 See.
2184 502 2324 574 Jsss.

773 648 992 726 quod.
1027 648 1087 709 si
1119 666 1256 711 non
1288 648 1722 724 sufficerent,
1754 658 1922 711 tunc
1967 646 2633 722 excommunicatiO,
2667 657 2736 708 et
2767 646 3048 709 demum
3091 664 3243 709 sae—

776 757 1017 818 culare
1046 754 1415 819 brachium
1447 765 1908 836 sequuturum
1939 765 2113 819 erat.

892 860 1032 923 359.
1124 861 1389 925 Eodem
1454 862 1589 925 hoc
1648 874 1968 942 tempore
2020 862 2538 941 gubernatores
2599 860 3240 935 confraternitatiS,

776 985 959 1046 quae
1003 967 1468 1048 redemptioni
1522 968 1969 1048 captivorum
2029 969 2366 1045 vacabat,
2431 968 2611 1030 inter
2671 984 2852 1047 quos
2905 966 3245 1030 Vicarius

774 1074 1111 1154 Episcopi
1139 1084 1326 1152 erat,
1350 1073 1426 1137 P.
1463 1075 1736 1155 Ignatio
1760 1076 2197 1156 scripserunt
2218 1086 2632 1155 pergratum
2658 1074 2787 1136 sibi
2812 1074 3028 1137 fuisse
3051 1074 3236 1153 quod

776 1181 1251 1260 intelligerent
1281 1181 1367 1245 de
1406 1184 1642 1262 aliquo
1688 1182 2007 1262 Collegio
2048 1181 2659 1262 Constantinopoli
2705 1182 2817 1243 vel
2855 1180 3079 1243 Perae
3111 1182 3241 1255 (est

776 1297 1013 1350 autem
1046 1288 1225 1350 Pera
1261 1287 1277 1319 ¹
1304 1288 1643 1369 oppidum
1681 1288 2295 1368 Constantinopoli
2324 1290 2639 1352 vicinum
2670 1300 2738 1349 et
2784 1288 2984 1367 quasi
3026 1287 3239 1366 quod·

776 1394 939 1456 dam
972 1394 1123 1474 ejus
1156 1396 1574 1475 membrum)
1608 1396 2104 1459 constituendo
2129 1396 2280 1475 agi,
2307 1405 2377 1457 et
2395 1395 2490 1458 'ad
2515 1395 2584 1458 id
2608 1396 3052 1475 propositum
3085 1394 3243 1455 hor-

776 1500 1134 1564 tabantur.
1166 1499 1346 1565 Pera
1377 1504 1567 1565 enim
1598 1502 1742 1565 sere
1773 1513 1924 1566 tota
1959 1522 2002 1566 a
2031 1502 2440 1567 christianis
2471 1514 2538 1566 et
2568 1502 2853 1581 graecis
2882 1499 3247 1563 habitaba-

776 1618 921 1683 tur,
978 1619 1046 1670 et
1104 1610 1304 1671 multi
1355 1610 1613 1673 ibidem
1672 1612 2084 1674 sacerdotes
2145 1610 2386 1673 divino
2447 1611 2666 1673 cultui
2725 1622 2792 1671 et
2846 1606 3238 1671 ministerio

778 1726 1389 1779 sacramentorum
1414 1717 1804 1794 vacabant,
1836 1717 1958 1797 qui
1982 1718 2128 1779 suis
2151 1716 2799 1797 praedicationibus
2824 1729 2895 1778 et
2918 1714 3246 1777 exhorta-

779 1820 1089 1883 tionibus
1118 1822 1451 1885 haereses
1484 1824 1742 1887 multas
1771 1823 2028 1886 ibidem
2057 1824 2535 1901 seminabant;
2571 1832 2638 1886 et
2671 1822 2825 1885 ideo
2867 1822 3243 1898 collegium

777 1927 1146 1991 utilissime
1169 1929 1431 1993 ibidem
1449 1931 2022 1995 constituendum
2045 1930 2226 2007 fore,
2255 1941 2327 1992 ut
2353 1931 2424 1993 in
2448 1947 2654 1993 sacra
2679 1930 3004 1992 doctrina
3031 1944 3245 2007 popu-

778 2036 885 2096 los
914 2035 1071 2097 illos
1104 2035 1564 2110 instruerent,
1600 2048 1667 2100 et
1696 2038 1766 2099 in
1799 2038 2048 2101 eadem
2089 2045 2622 2101 conservarent.
2653 2034 2791 2100 Sed
2823 2034 2898 2097 P.
2935 2035 3251 2114 ignatius

778 2151 1030 2218 sponte
1062 2159 1191 2205 sua
1221 2144 1399 2206 satis
1430 2144 1521 2206 ad
1552 2144 1686 2207 hoc
1726 2145 2104 2223 collegium
2154 2142 2634 2207 inchoandum
2676 2154 2830 2205 erat
2881 2142 3244 2215 incitatus,

778 2258 847 2309 et
876 2246 1172 2311 effectus
1200 2248 1445 2313 suisset
1476 2263 1844 2331 sequutuS,
1880 2252 2014 2313 nisi
2047 2262 2195 2314 tota
2231 2252 2348 2313 illa
2381 2250 2931 2313 confraternitas
2971 2248 3095 2311 Sti.
3130 2246 3244 2310 Se-

780 2355 1092 2434 pulchri,
1127 2366 1404 2419 mortuo
1435 2356 1523 2420 D.
1553 2356 1781 2421 Pedro
1812 2359 1900 2420 de
1933 2358 2219 2435 Zarate,
2255 2360 2324 2420 et
2355 2356 2644 2421 Summo
2667 2354 3006 2419 Pontifice
3029 2355 3247 2417 etiam

779 2461 966 2543 Julio
998 2460 1089 2525 111
1136 2464 1266 2526 sub
1312 2464 1588 2527 initium
1628 2466 1984 2543 sequentis
2035 2465 2232 2536 anni,
2277 2464 2620 2544 dissipata
2651 2462 2929 2540 suisset,
2963 2470 3031 2524 et
3062 2478 3244 2541 quae

781 2568 869 2631 ad
902 2570 1094 2631 illam
1124 2572 1769 2649 praeparabantur,
1798 2571 1869 2633 in
1902 2572 2076 2633 alios
2106 2588 2275 2634 usus
2307 2572 2652 2634 translata
2685 2579 2921 2632 essent
2951 2568 2996 2631 ².

900 2675 1042 2738 360.
1130 2676 1371 2739 Mense
1420 2676 1808 2740 Februario
1859 2680 2144 2741 ineunte
2195 2678 2269 2741 P.
2341 2677 2764 2741 Laurentius
2824 2676 3246 2739 Cavalerius

784 2798 947 2845 cum
994 2782 1289 2863 Neapoli
1339 2782 1767 2847 Societatem
1819 2785 2098 2863 ingredi
2151 2786 2630 2859 decrevisset,
2689 2800 2851 2845 cum
2893 2798 3245 2845 consensu

779 2888 855 2951 P.
888 2890 1146 2969 Ignatii
1176 2888 1496 2966 Romam,
1526 2902 1597 2953 ut
1630 2892 1889 2954 ibidem
1920 2892 2363 2971 probaretur,
2401 2892 2616 2969 venit;
2651 2890 3007 2953 admissus
3036 2900 3143 2951 est
3179 2897 3251 2950 et

779 2995 1066 3075 quidam
1108 2995 1418 3074 juveniS,
1474 2995 1803 3061 Salvator
1855 2998 2170 3067 uomine;
2227 3008 2297 3060 et
2351 2998 2530 3061 alius
2580 2998 2899 3071 calaber,
2962 2996 3246 3058 nomine

776 3100 1092 3181 Joannes
1130 3102 1465 3167 Nicolaus
1497 3103 1541 3181 ⁵,
1576 3105 1693 3185 qui
1735 3106 2088 3184 superiori
2129 3122 2319 3168 anno
2362 3104 2789 3167 Societatem
2829 3102 3104 3183 ingredi
3138 3103 3252 3165 de-

778 3220 1138 3287 creverat,
1168 3210 1307 3273 hoc
1338 3212 1491 3290 ipso
1527 3229 1767 3274 mense
1802 3211 2100 3275 Romam
2138 3214 2356 3275 venit.

902 3316 1041 3379 361.
1132 3315 1241 3379 De
1271 3318 1531 3381 scholis
1560 3318 1729 3381 nihil
1782 3320 1956 3381 novi
1998 3320 2374 3382 dicendum
2425 3320 2732 3381 occurrit
2767 3318 3010 3397 primis
3041 3315 3250 3394 hujus

779 3458 896 3467 --—--

869 3523 879 3551 ¹
942 3521 1219 3567 “Galatam
1238 3524 1379 3575 (sive
1402 3522 1613 3576 Petam,
1644 3524 1753 3568 sive
1773 3558 1783 3573 .
1804 3532 1861 3568 ut
1896 3526 1986 3568 alii
2008 3529 2234 3574 malunt.
2264 3524 2543 3576 Peraeam)
2576 3525 2816 3578 oppidum
2857 3523 3014 3567 inisse
3047 3530 3250 3576 partem

783 3591 1273 3649 Constantinopolis,
1296 3595 1517 3638 ostendit
1538 3596 1751 3649 antiqua
1773 3596 2053 3650 descriptio
2074 3596 2376 3651 Regionum.
2399 3594 2595 3645 Novae.
2627 3596 2788 3649 inquit
2807 3628 2816 3647 ,
2837 3594 3031 3637 Romae
3054 3593 3251 3637 Tertia-

780 3662 981 3707 decima
1000 3662 1165 3719 Regio
1195 3672 1275 3709 est
1310 3665 1690 3723 Sycena;q11ae
1724 3668 1837 3709 sinu
1858 3668 2020 3711 maris
2055 3676 2277 3721 angusto
2307 3668 2500 3719 divisa,
2523 3666 2826 3711 societatem
2854 3667 2996 3709 urbis
3025 3663 3250 3717 navigiis

780 3734 1133 3788 frequentibus
1167 3744 1510 3791 promeretur;
1546 3744 1656 3781 tota
1692 3739 1845 3781 lateri
1885 3740 2077 3783 montis
2109 3738 2262 3782 affixa
2300 3745 2512 3793 praeter
2545 3740 2692 3782 unius
2731 3740 2939 3792 plateae
2980 3742 3252 3789 tractum...

780 3807 833 3850 P.
860 3806 1037 3861 Gvux,
1058 3807 1137 3851 De
1158 3808 1681 3863 Constantinopoteos
1708 3810 2098 3865 Topograpma,
2118 3811 2205 3854 lib.
2229 3822 2299 3857 ιν.
2317 3822 2432 3864 cap.
2453 3822 2501 3855 x.

862 3880 884 3909 ²
939 3878 1063 3922 Alia
1084 3880 1243 3924 etiam
1264 3880 1361 3924 fuit
1389 3881 1527 3925 ratio
1548 3893 1640 3925 cur
1658 3882 1753 3925 hoc
1776 3888 2008 3937 tempore
2031 3883 2260 3925 renuerit
2279 3882 2514 3935 ignatius
2537 3880 2819 3935 Collegium
2837 3881 2934 3924 hoc
2956 3878 3250 3923 Constanti·

780 3950 949 4001 nopoli
971 3961 1063 3993 seu
1084 3950 1247 3995 Perae
1268 3953 1487 4007 erigere.
1508 3951 1737 3997 Volebat
1760 3953 1896 3997 enim
1919 3944 2308 4008 Redemptionis
2333 3952 2678 4008 Neapolitana
2709 3950 3126 3995 confraternitas
3159 3950 3248 3993 So·

780 4020 977 4063 ciorum
991 4020 1493 4079 Constantinopolim
1505 4024 1779 4069 mlesorum
1796 4036 1957 4079 opera
1971 4026 2048 4068 uti
2065 4025 2132 4068 ad
2147 4025 2475 4078 captivorum
2490 4025 2914 4077 redemptionem.
2928 4020 3037 4065 Hoc
3057 4027 3250 4071 autem,

780 4094 901 4145 quia
917 4092 1090 4146 aliquo
1112 4094 1261 4138 modo
1276 4094 1711 4139 confraternitati
1734 4098 2010 4150 collegium
2031 4097 2298 4151 obligabat
2321 4103 2372 4140 et
2393 4096 2719 4151 subjiciebat,
2741 4094 3022 4138 societatis
3039 4092 3249 4136 Institu-

782 4172 834 4206 ιο
858 4166 1183 4217 repugnabat
1205 4172 1258 4209 et
1290 4166 1551 4221 displicuit
1570 4166 1793 4221 Ignatio.
1816 4168 1950 4211 Vide
1980 4168 2132 4222 thus
2148 4168 2358 4213 litteras
2377 4168 2444 4211 ad
2459 4166 2848 4211 Gubernatorea
2871 4164 3251 4219 Redemptionis

782 4234 937 4277 datas
958 4234 1013 4279 28
1030 4234 1265 4288 januarii
1284 4238 1337 4281 in
1364 4236 1555 4281 careas
1569 4239 1635 4282 de
1654 4238 1764 4282 San
1781 4237 2022 4293 Ignacio,
2038 4248 2075 4283 t.
2091 4250 2164 4293 xv,
2181 4251 2301 4295 pag.
2316 4240 2399 4282 418
2418 4246 2470 4283 et
2489 4239 2585 4290 419,
2600 4239 2656 4283 43
2679 4244 2731 4281 et
2759 4236 3027 4281 aue-Obiit
3047 4236 3252 4291 quidem

780 4304 947 4357 Julius
966 4305 1043 4350 111
1063 4309 1157 4351 sub
1178 4308 1379 4352 initium
1400 4310 1664 4363 sequentis
1686 4312 1831 4365 anni;
1852 4312 1943 4355 sed
1963 4310 2148 4355 Petrus
2171 4312 2230 4355 de
2253 4311 2444 4354 Zarate
2466 4310 2635 4355 adhuc
2657 4310 2874 4353 vivebat
2893 4309 2974 4353 die
2993 4308 3049 4351 26
3075 4306 3251 4351 Martii

784 4378 903 4427 1538.
928 4389 1032 4432 qua
1052 4380 1229 4422 datum
1250 4386 1330 4423 eet
1352 4380 1405 4423 in
1426 4382 1555 4425 villa
1578 4382 1639 4425 de
1662 4380 2340 4435 Hochstratemoipeoma,
2357 4392 2458 4434 quo
2471 4380 2726 4435 Philippo
2749 4378 2822 4431 ΙΙ,
2845 4378 3248 4433 Hispaniarum

784 4450 941 4502 Regi,
962 4451 1183 4503 eiusque
1198 4454 1599 4495 successoribus
1627 4464 1845 4496 summa
1877 4453 2288 4496 administratio
2325 4452 2548 4495 Ordinis
2583 4452 2936 4495 sanctissimi
2969 4448 3254 4505 Sepulchri

784 4522 847 4563 D.
870 4521 932 4563 N.
948 4520 1083 4577 jesu
1104 4522 1302 4567 Christi
1321 4524 1387 4567 ab
1406 4524 1695 4578 equitibus
1710 4524 2225 4578 Hierosolymitanis
2247 4524 2429 4569 delata
2452 4524 2698 4577 ese,quod
2718 4524 2883 4567 habes
2901 4522 2954 4566 in
2977 4520 3165 4565 cartas
3187 4522 3254 4563 de

785 4594 895 4636 San
920 4594 1157 4648 lgnacio,
1178 4601 1214 4638 t.
1234 4606 1305 4649 vt,
1327 4608 1447 4651 pag.
1468 4596 1673 4640 586-594.

864 4664 887 4693 ³
944 4665 1346 4721 Distinguendus
1377 4670 1421 4713 is
1443 4669 1648 4713 videtur
1670 4679 1703 4712 a
1723 4667 1920 4719 Joanne
1940 4668 2155 4713 Nicolao
2178 4667 2409 4713 Petrella
2424 4702 2435 4720 ,
2457 4669 2542 4723 qui
2571 4679 2670 4711 non
2691 4668 2906 4712 calaber
2923 4667 3014 4711 sed
3045 4678 3254 4721 campa-

788 4749 880 4781 nus
903 4747 1037 4781 erat.
1058 4738 1193 4783 Vide
1224 4752 1397 4796 supra,
1420 4748 1455 4785 t.
1476 4752 1553 4794 111,
1576 4752 1696 4795 pag.
1722 4738 2056 4783 169.-Eritne
2079 4740 2148 4795 is,
2171 4740 2232 4783 de
2254 4751 2353 4794 quo
2371 4740 2480 4795 Jam
2501 4740 2550 4783 in
2571 4740 2748 4784 eodem
2770 4747 2802 4782 t.
2829 4750 2905 4793 m,
2927 4750 3046 4793 pag.
3071 4738 3169 4782 189?
