3742 5392
705 466 823 524 3130
1635 464 1890 525 Canon.
1932 464 2083 525 Soc.
2126 466 2264 539 JEs.

713 612 1112 689 praelector
1145 609 1182 687 ¹,
1219 628 1380 674 cum
1410 611 1732 674 rediisset
1763 612 1854 674 ad
1884 628 2091 674 suum
2128 612 2405 692 insigne
2444 611 2838 691 Collegium
2878 610 2997 675 ΞΜ
3031 611 3177 676 Ste-

712 720 954 798 phani,
985 726 1365 800 postquam
1393 718 1814 797 quibusdam
1834 718 2429 798 disputationibus
2452 718 2907 796 interfuisset,
2942 720 3173 783 obstu-

710 828 952 906 puisse
979 844 1055 889 se
1084 826 1437 889 fatebatur
1469 844 1560 888 ex
1597 825 1746 903 his,
1780 843 1963 906 quae
2002 826 2073 887 in
2104 825 2420 905 Collegio
2458 835 2703 889 nostro
2750 825 3064 889 viderat:
3098 844 3175 889 se

709 934 1158 998 existimasse
1187 946 1593 997 nostrorum
1624 933 1854 996 studia
1896 951 2026 1014 pro
2065 934 2513 997 caeremonia
2553 934 2884 1011 tractari,
2918 934 3043 997 sed
3076 935 3173 996 vi-

713 1040 903 1103 disse
942 1058 1018 1103 se
1047 1040 1234 1121 quod
1277 1040 1367 1103 D.
1416 1040 1733 1103 Thomae
1769 1040 2169 1103 doctrinam
2209 1040 2435 1102 nostri
2470 1039 2878 1119 collegiales
2924 1042 3175 1104 melius

703 1164 926 1227 quam
955 1148 1178 1229 ipsius
1222 1148 1552 1210 monachi
1592 1148 1985 1226 intelligere
2024 1156 2095 1209 et
2133 1146 2387 1228 majori
2428 1164 2587 1209 cum
2627 1147 2973 1211 modestia
3019 1166 3177 1211 eam

712 1265 1048 1317 tractare:
1079 1266 1150 1318 et
1181 1255 1368 1317 idem
1406 1256 1524 1317 alii
1567 1254 2050 1332 affirmabant,
2098 1267 2168 1317 et
2196 1271 2459 1334 magna
2490 1272 2580 1317 ex
2621 1264 2822 1334 parte
2852 1255 3175 1317 homines

712 1361 1086 1425 veritatem
1127 1379 1364 1425 rerum
1392 1410 1405 1439 ,
1440 1380 1622 1442 quae
1654 1364 1726 1425 in
1758 1360 2116 1425 Societate
2146 1363 2492 1425 habentur
2515 1410 2529 1438 ,
2565 1363 3095 1440 cognoscebant
3124 1364 3171 1419 “··.

831 1468 971 1531 817.
1061 1468 1206 1531 Alii
1235 1478 1474 1531 tamen
1505 1470 1860 1532 mordicus
1905 1458 2181 1549 priores
2212 1485 2377 1531 suas
2420 1468 2810 1531 sententias
2841 1469 3175 1531 tenebant

704 1576 885 1639 satis
907 1576 1231 1639 diversas
1249 1594 1290 1637 a
1308 1576 1646 1640 Doctoris
1665 1576 1973 1639 Navarri
1989 1576 2531 1654 existimatione,
2555 1577 2697 1657 qui,
2717 1594 2879 1639 cum
2898 1576 3169 1641 Conim-

705 1684 906 1745 brica
936 1684 1066 1745 sub
1088 1682 1296 1759 huius
1329 1684 1495 1746 anni
1535 1683 1747 1746 finem
1778 1700 2029 1746 versus
2070 1681 2471 1746 Navarram
2512 1682 3081 1763 proficisceretur
3122 1683 3171 1759 ⁵,

710 1798 998 1852 nostros
1039 1790 1350 1853 invisere
1375 1791 1448 1853 in
1469 1789 2015 1853 Salmanticensi
2040 1789 2359 1868 Collegio
2390 1788 2413 1819 ⁴
2442 1800 2511 1853 et
2536 1790 2890 1853 consolari
2922 1792 3167 1865 voluit,

708 1906 778 1959 et
835 1897 1116 1961 dicebat
1167 1898 1410 1960 venire
1449 1915 1525 1961 se
1580 1899 1670 1961 ad
1710 1898 2182 1961 obedientiam
2226 1898 2729 1977 praestandam
2768 1897 2864 1960 illi
2905 1898 3168 1977 domui,

708 2014 918 2085 prout
945 2022 1106 2067 earn
1127 2002 1276 2083 jam
1306 2002 1646 2067 Societati
1677 2004 1972 2067 dederat
2002 2001 2047 2083 ⁸,
2082 2014 2149 2067 et
2182 2021 2343 2067 curn
2371 2004 2673 2082 genibus
2694 2003 2896 2067 flexis
2928 2022 3173 2068 omnes

705 2110 964 2173 fratres
1011 2110 1260 2173 fuisset
1300 2113 1783 2191 amplexatuS‚
1829 2111 2261 2191 significavit
2304 2110 2569 2173 nostris
2604 2110 2905 2191 Regium
2950 2110 3169 2175 Colle-

707 2218 904 2297 gium
929 2215 954 2247 ⁶
983 2216 1435 2281 Conimbriae
1465 2216 1804 2282 Societati
1846 2218 2089 2281 datum
2128 2234 2329 2297 esse,
2373 2226 2450 2280 ut
2487 2216 2739 2281 litteris
2779 2226 2938 2297 post
2966 2236 3170 2281 suum

705 2325 1097 2388 discessum
1128 2334 1535 2405 acceperat;
1583 2335 1651 2387 et
1683 2335 1921 2389 tamen
1964 2324 1985 2357 ⁷
2016 2342 2093 2389 se
2136 2326 2207 2388 id
2247 2324 2537 2387 credere
2574 2334 2951 2405 propterea
2980 2326 3165 2404 quod

705 2449 871 2495 cum
899 2431 1096 2509 Rege
1119 2441 1188 2495 et
1209 2431 1485 2495 Infante
1508 2432 1596 2495 D.
1632 2432 2000 2496 Ludovico
2024 2440 2490 2510 tractaverat,
2528 2441 2598 2493 et
2620 2448 2697 2495 se
2726 2448 3169 2512 summopere

708 2539 1024 2618 gaudere
1055 2556 1136 2601 ea
1168 2539 1254 2601 de
1283 2557 1360 2601 re
1393 2547 1680 2620 propter
1711 2541 2047 2603 eximium
2077 2538 2416 2618 fructum,
2452 2538 2572 2619 qui
2601 2557 2691 2601 ex
2720 2541 2988 2603 nostris
3016 2540 3165 2603 Col-

785 2792 802 2824 ¹
860 2790 934 2834 De
967 2790 1065 2833 hoc
1099 2790 1172 2832 ita
1195 2788 1245 2831 in
1267 2784 1558 2841 Biograsia
1581 2783 1919 2827 eclesiastica
1942 2782 2226 2836 completa,
2246 2790 2285 2826 t.
2308 2793 2473 2836 xxvix,
2496 2793 2613 2836 pag.
2641 2784 2739 2833 951,
2764 2783 3014 2835 Josnpmxs
3041 2785 3169 2830 Sax-

694 2874 824 2907 cuez
853 2862 1075 2906 Etenna:
1105 2860 1446 2914 “Sotomayor
1466 2856 1572 2907 (Fr.
1595 2856 1758 2899 Pedro
1781 2856 1879 2907 de),
1900 2855 2145 2908 religioso
2165 2854 2434 2908 dominico,
2456 2866 2619 2907 segun
2638 2856 2689 2898 la
2709 2855 2916 2908 opinion
2935 2856 2997 2900 de
3018 2856 3167 2902 Nico·

694 2937 777 2980 las
797 2934 1041 2979 Antonio.
1061 2946 1095 2991 y
1117 2932 1440 2975 catedratico
1461 2930 1523 2972 de
1548 2931 1597 2972 la
1621 2927 1971 2971 Universidad
1994 2928 2055 2970 de
2079 2926 2416 2979 Salamanczn
2442 2927 2661 2970 escribio
2688 2926 3086 2973 commentaria
3110 2944 3165 2973 m

698 3006 944 3049 Primam
963 3004 1242 3047 Secundae
1259 3003 1448 3045 Sancti
1473 3000 1700 3043 Thaenae
1722 2999 2180 3048 luculentissima,
2197 3010 2293 3052 que
2314 3009 2539 3051 nst-gnra
2560 3000 2607 3051 el
2630 2998 2809 3041 mismo
2830 3006 2984 3043 autor
3004 3000 3168 3044 haber

693 3078 833 3121 visto
854 3076 1073 3120 escritos
1094 3076 1154 3117 de
1177 3076 1312 3117 ietra
1333 3073 1394 3115 de
1418 3072 1505 3115 Fr.
1528 3072 1692 3115 Pedro
1717 3070 1928 3121 Seiano,
1952 3081 2014 3112 en
2036 3081 2101 3112 un
2124 3069 2297 3112 codice
2320 3070 2402 3112 del
2432 3068 2705 3121 Vaticano,
2728 3072 2864 3113 num.
2886 3070 3040 3123 4654...

776 3152 796 3181 ²
851 3148 1106 3199 Litterae,
1123 3159 1148 3189 e
1167 3148 1349 3201 quibus
1368 3146 1496 3189 haec
1513 3144 1818 3197 dtprompta
1838 3149 1973 3191 sunt.
1990 3142 2205 3185 edentur
2223 3141 2357 3184 aliae
2375 3142 2425 3184 in
2444 3140 2611 3183 Litter
2628 3153 2691 3184 ae
2707 3140 3172 3195 Quadn'mestres,

691 3229 732 3265 t.
751 3232 826 3273 11¹,
849 3221 984 3264 aliae
1007 3220 1058 3262 in
1081 3218 1228 3261 Nova
1256 3218 1406 3259 serie
1427 3217 1742 3258 litterarum
1765 3214 1957 3257 Sancti
1976 3213 2199 3265 Ignatii.

777 3294 800 3327 ³
856 3292 952 3336 Hic
987 3300 1078 3335 aut
1113 3288 1461 3333 emendandus
1484 3287 1768 3339 Polancus,
1796 3292 1885 3328 aut
1914 3285 2299 3328 recentissimus
2326 3284 2569 3328 Doctoris
2598 3284 2852 3337 Navarri,
2874 3284 3082 3330 Martini
3104 3287 3165 3329 de

695 3366 1001 3419 Azpucueta
1017 3396 1028 3413 .
1051 3360 1393 3416 biographus,
1418 3360 1515 3404 Da.
1543 3359 1602 3402 D.
1625 3358 1901 3402 Mamaxus
1920 3368 1986 3399 οε
2010 3358 2227 3399 Anien-A
2250 3368 2310 3399 ετ
2330 3356 2491 3405 Lasa.
2514 3357 2599 3410 qui
2624 3357 2723 3399 ait:
2740 3356 2887 3400 “Solo
2908 3368 3001 3411 por
3020 3369 3165 3401 accc-

689 3438 782 3480 der
802 3440 834 3481 a
855 3438 931 3479 los
951 3446 1138 3487 ruegos
1155 3433 1216 3477 de
1235 3434 1310 3475 los
1333 3442 1482 3487 reyes
1521 3429 1899 3484 Portugalliae)
1920 3429 2247 3482 permanecio
2265 3428 2573 3483 Azpilcueta
2594 3440 2655 3471 cn
2676 3427 2920 3471 Coimbra
2944 3429 3165 3482 despues

691 3510 754 3551 de
771 3509 1022 3563 jubilarse
1045 3507 1200 3549 hasta
1221 3505 1269 3547 el
1289 3506 1389 3548 ano
1413 3502 1531 3554 2555,
1557 3513 1619 3545 en
1641 3513 1737 3556 que
1754 3505 1873 3544 ceso
1898 3502 1958 3544 de
1981 3502 2213 3553 explicat·
2233 3512 2266 3555 y
2284 3511 2336 3542 se
2360 3500 2584 3543 resolvio
2607 3502 2637 3542 a
2660 3501 2846 3543 volvet
2862 3504 2894 3543 a
2910 3499 3165 3553 Espafia.-

691 3578 758 3623 El
783 3578 976 3623 Doctor
997 3578 1262 3627 Navarro,
1288 3576 1402 3619 Don
1425 3574 1631 3617 Marem
1653 3574 1720 3616 de
1741 3572 1987 3627 Azpilcm
2003 3576 2057 3614 ta
2074 3584 2111 3627 y
2134 3583 2229 3614 sus
2250 3572 2421 3614 obras.
2446 3572 2730 3625 Pamplona
2747 3604 2758 3624 ,
2782 3572 2910 3625 1895,
2934 3584 3047 3627 cap.
3070 3585 3161 3619 vu.

687 3652 718 3705 ᾗ·
741 3662 796 3703 n,
818 3662 935 3705 pag.
957 3650 1052 3693 201.
1077 3648 1141 3692 Et
1162 3659 1275 3702 cap.
1299 3660 1347 3699 x,
1371 3646 1396 3701 ξ
1418 3656 1450 3699 1,
1483 3658 1601 3701 pag.
1622 3646 1714 3689 274.
1746 3646 2083 3698 “Azpilcucta
2105 3645 2255 3697 quien
2274 3676 2284 3691 .
2322 3654 2465 3686 como
2486 3644 2680 3697 vimos,
2702 3655 2766 3685 no
2788 3645 2919 3687 salio
2939 3643 3001 3687 de
3036 3644 3160 3687 Por-

683 3724 837 3775 tugal
859 3733 990 3777 para
1019 3720 1228 3775 Espana
1260 3720 1416 3763 hasta
1435 3720 1480 3762 el
1512 3720 1612 3762 ailo
1637 3716 2037 3765 1555...—Verum
2070 3716 2207 3759 haud
2229 3714 2380 3758 facile
2411 3716 2525 3769 quis
2558 3716 2770 3759 Polanci
2806 3716 3161 3759 narrationem

684 3794 964 3837 emendare
985 3793 1222 3843 audebit,
1245 3802 1359 3834 cum
1381 3790 1424 3833 is
1444 3802 1532 3843 ea,
1554 3800 1685 3843 quae
1718 3790 1800 3832 bic
1819 3796 2001 3832 narrat
2017 3821 2028 3839 .
2049 3800 2113 3831 ex
2142 3787 2377 3840 epistolis
2408 3788 2640 3831 hauserit
2664 3786 3013 3831 Salmanticae
3036 3789 3163 3831 scri—

685 3866 805 3919 ptis,
827 3870 884 3909 ut
906 3864 1082 3907 videre
1105 3864 1204 3907 erit
1233 3864 1282 3906 in
1305 3862 1546 3905 Litterae
1566 3860 2029 3913 QuadrimestreS,
2048 3868 2083 3903 t.
2102 3870 2188 3913 m,
2212 3867 2261 3903 et
2284 3858 2333 3901 in
2356 3858 2503 3901 Nova
2524 3860 2667 3901 serie
2690 3860 3002 3902 litterarum
3026 3859 3159 3903 San-

679 3940 763 3980 cti
785 3936 1006 3991 Ignatii.

765 4006 790 4041 ⁴
847 4007 1021 4051 Habet
1054 4006 1140 4049 hic
1178 4005 1275 4049 De.
1311 4006 1535 4049 Aniena
1570 4006 1797 4059 aliquam
1837 4004 2040 4047 itineris
2055 4036 2067 4055 ,
2103 4002 2236 4058 quod
2273 4002 2601 4045 conimbrica
2640 4002 2937 4046 Navarram
2974 4014 3160 4047 versus·

691 4080 855 4124 tenuit
879 4080 1166 4125 Nax-afrus.
1188 4086 1415 4132 partem.
1437 4090 1592 4133 quam
1615 4078 1855 4131 ignorare
1888 4088 1941 4118 se
1966 4077 2179 4127 [stetur.
2202 4075 2321 4117 dum
2342 4074 2547 4117 scribit:
2573 4074 2676 4117 “No
2700 4077 2935 4117 sabemos
2956 4080 3053 4129 que
3074 4086 3161 4119 ca-

687 4153 822 4197 mino
844 4156 984 4197 tomo
1007 4151 1116 4194 Don
1139 4150 1328 4194 Martia
1359 4162 1490 4205 para
1525 4151 1686 4194 baeer
1708 4157 1818 4193 este
1841 4149 2006 4203 viaje:
2030 4150 2312 4192 solamente
2344 4148 2582 4190 sabemos
2613 4157 2709 4200 que
2732 4147 2909 4190 volvia
2931 4150 2963 4191 a
2984 4147 3157 4192 Nava-

679 4235 776 4267 rra
797 4223 951 4267 desde
975 4222 1227 4274 portugal
1248 4232 1343 4275 por
1364 4220 1691 4275 Valladolid,
1719 4221 1883 4265 donde
1905 4224 2149 4262 entonces
2168 4230 2221 4261 se
2244 4219 2563 4261 encontraba
2594 4219 2645 4260 la
2667 4216 2867 4271 Corte..,
2888 4218 3015 4274 Cap.
3042 4231 3157 4273 vm,

685 4296 715 4347 ,ξ’
737 4307 770 4346 1,
795 4307 915 4350 pag.
937 4294 1033 4337 208.

765 4368 789 4400 ὅ
842 4367 941 4413 Est
964 4367 1048 4410 hic
1070 4364 1156 4410 ubi
1187 4376 1334 4409 suam
1354 4374 1574 4408 exerant
1604 4365 1929 4419 diligentiam
1960 4363 2369 4417 historiographi
2407 4362 2661 4406 Habuitne
2684 4362 2735 4405 in
2770 4362 2939 4405 animo
2962 4362 3157 4407 Doctor

685 4440 959 4485 Navarrus
990 4439 1306 4483 Societatem
1341 4438 1575 4491 ingredi?
1615 4437 1866 4480 Emisitne
1904 4446 2083 4479 votum
2116 4448 2233 4479 eam
2267 4434 2617 4489 ingrediendi?
2650 4434 2871 4478 Deditne
2902 4434 3153 4479 Societati

681 4514 1032 4557 obedientiam
1062 4524 1122 4555 eo
1157 4513 1323 4563 modo,
1355 4524 1452 4566 quo
1485 4522 1633 4554 suam
1662 4510 1846 4553 dedere
1884 4509 2231 4565 Hieronymus
2252 4508 2414 4551 Vinea
2442 4507 2596 4559 (Vide
2628 4519 2810 4561 supra.
2834 4508 3070 4561 pag.181,
3092 4518 3149 4549 n.

677 4585 781 4632 382>
811 4586 1003 4639 aliique
1026 4596 1123 4627 non
1147 4584 1324 4627 multi?
1357 4584 1568 4626 Polanci
1593 4584 1751 4624 verba
1774 4582 1939 4625 simile
1962 4582 2080 4636 quid
2105 4588 2250 4625 certo
2272 4580 2603 4633 portendunt.

762 4656 786 4687 ὅ
845 4656 975 4700 vide
1001 4655 1242 4698 Litterae
1263 4654 1720 4706 Quadnmestres,
1743 4662 1774 4697 t.
1802 4665 1856 4700 n.
1882 4666 2002 4708 pag.
2023 4654 2119 4706 686,
2138 4660 2313 4697 annot.
2334 4654 2377 4695 2.

765 4727 783 4755 Ἰ
843 4728 952 4781 Sic:
975 4728 1064 4770 sed
1087 4726 1376 4769 redundare
1397 4726 1494 4769 hoc
1513 4728 1697 4768 tamen
1719 4726 1943 4769 videtur.
