3742 5392
691 445 768 502 24
1617 444 1869 506 Canon.
1916 445 2067 504 Soc.
2108 447 2251 519 Jss.

693 593 885 653 solus
915 600 1101 668 erat;
1134 599 1203 653 et
1231 603 1514 671 praeter
1544 591 1678 654 hos
1702 593 1989 672 quintus
2012 591 2274 654 Rector
2298 609 2453 654 esse
2480 592 2738 655 debere
2762 593 3159 656 videbatur.

691 697 1096 762 Laborabat
1129 708 1295 761 tunc
1325 698 1550 761 Roma
1581 698 2074 777 coadjutorum
2105 698 2431 777 penuria,
2468 715 2631 762 cum
2661 700 2751 762 ad
2784 701 2989 763 varia
3022 704 3159 762 col·

693 804 879 883 legia
909 805 1228 868 mittendi
1259 818 1531 883 essent,
1563 817 1631 868 et
1662 807 1758 868 ita
1789 805 1921 868 fuit
1951 804 2025 869 Ρ.
2070 806 2401 869 Andreae
2443 823 2530 869 ac
2573 805 2948 871 Desiderio
2995 808 3162 870 scri-

691 925 890 991 ptum
920 923 994 975 ut
1026 913 1332 992 aliquem
1363 913 1497 992 ipsi
1528 912 2015 993 coadjutorem
2036 912 2171 974 sibi
2195 921 2642 992 quaererent.
2672 912 3105 977 Antoninum
3144 913 3158 944 ¹

689 1035 865 1098 ergo
895 1019 995 1080 illi
1021 1019 1112 1081 ad
1141 1020 1636 1099 probationem
1674 1019 2142 1096 admiserunt;
2196 1016 2542 1097 ejusmodi
2582 1019 2771 1082 enim
2810 1020 3159 1099 probatio-

692 1143 819 1188 nes
849 1125 922 1188 in
949 1126 1308 1189 laboribus
1355 1127 1592 1189 multis
1622 1127 1813 1189 domi
1843 1144 1928 1188 ac
1958 1126 2135 1189 foris
2166 1138 2334 1189 tunc
2380 1137 2623 1204 erant;
2674 1128 3003 1207 quamvis
3040 1128 3160 1208 qui

692 1232 926 1296 indole
955 1233 1208 1313 majori
1239 1231 1539 1312 praediti
1560 1234 2009 1309 videbantur,
2044 1232 2310 1297 Romae
2333 1233 2808 1313 probarentur
2829 1233 2874 1292 ¹.

811 1339 912 1402 28.
997 1339 1138 1404 Sed
1167 1339 1254 1402 ad
1290 1339 1374 1402 D.
1417 1339 1879 1404 Laurentium
1912 1340 1999 1402 de
2022 1338 2333 1404 Castello
2366 1341 2761 1418 redeundo,
2810 1340 3160 1420 significa-

691 1448 798 1510 vit
834 1449 900 1510 ei
943 1445 1018 1510 P.
1073 1447 1404 1510 Andreas
1446 1445 1873 1510 Societatem
1927 1447 2335 1526 diligentius
2386 1446 2763 1527 providere
2814 1449 3156 1528 collegiiS,

689 1555 878 1634 quod
908 1555 1001 1617 ad
1029 1557 1332 1617 lectores
1361 1563 1430 1617 et
1475 1554 1884 1618 sacerdotes
1937 1554 2219 1634 attinet,
2275 1571 2437 1617 cum
2486 1572 2570 1617 ea
2601 1554 3040 1618 dotationem
3074 1573 3161 1618 ac

687 1661 1177 1724 fundationem
1207 1663 1584 1739 haberent;
1617 1679 1887 1742 paucos
1926 1662 2081 1724 illos
2126 1661 2412 1742 Tybure
2457 1662 2682 1725 teneri
2732 1663 2805 1725 in
2848 1663 3161 1740 gratiam

689 1767 780 1831 D.
813 1769 1159 1834 Ludovici
1189 1769 1277 1832 de
1307 1769 1650 1832 Mendoza
1674 1819 1688 1848 ,
1721 1770 1841 1850 qui
1869 1770 2106 1833 locum
2136 1770 2333 1832 illum
2364 1767 2435 1832 S.
2482 1769 2754 1832 Mariae
2785 1771 2899 1832 del
2936 1769 3156 1833 Passo

690 1875 1086 1939 donaverat
1114 1875 1160 1954 ᾖ
1194 1886 1284 1954 et,
1322 1877 1383 1939 si
1423 1877 1678 1957 aliquis
1717 1876 2054 1940 fundator
2094 1876 2464 1954 existeret,
2510 1877 2878 1956 operarios
2920 1879 3158 1957 plures

687 1983 879 2046 haud
910 1983 1117 2046 dubie
1148 1995 1216 2047 et
1241 1985 1472 2064 magis
1495 1984 1787 2047 idoneos
1816 1983 2202 2047 mittendos
2228 2001 2385 2046 esse
2410 1994 2693 2062 praeter
2717 2001 2839 2048 eos
2863 1986 3006 2065 qui,
3033 2003 3153 2047 va·

685 2089 1016 2154 letudinis
1037 2091 1293 2170 gratia,
1321 2108 1406 2154 eo
1421 2091 1891 2154 mitterentur.
1927 2089 2174 2170 Coepit
2202 2092 2417 2154 etiam
2448 2091 2533 2152 de
2569 2091 2870 2168 utilitate
2900 2089 3151 2155 funda-

685 2197 900 2260 tionis
937 2199 1398 2278 collegiorum
1429 2215 1677 2278 agere,
1711 2206 1781 2260 et
1811 2198 1981 2278 quid
2002 2195 2206 2277 juxta
2247 2198 2785 2261 constitutiones
2825 2197 3153 2262 Societas

683 2319 859 2384 erga
881 2304 1293 2368 fundatores
1321 2314 1752 2386 praestaret,
1779 2321 1964 2386 quae
1992 2305 2227 2366 omnia
2244 2304 2453 2367 valde
2476 2304 2562 2367 D.
2592 2304 3055 2368 Laurentium
3086 2315 3153 2368 et

683 2412 1054 2476 consolata
1091 2422 1255 2476 sunt
1299 2423 1368 2476 et
1419 2413 1853 2490 animarunt,
1907 2420 1983 2474 ut
2034 2411 2222 2492 quod
2272 2411 2653 2491 aliquando
2692 2429 2767 2475 se
2797 2411 3152 2476 facturum

681 2518 1248 2598 significaverat,
1283 2520 1372 2584 de
1401 2520 1611 2583 domo
1643 2521 1713 2582 in
1745 2536 1953 2583 usum
1992 2519 2275 2596 collegii
2314 2519 2613 2581 emenda
2655 2527 2725 2581 et
2770 2519 3005 2599 aliqua
3037 2519 3155 2583 do-

681 2625 950 2688 tatione
981 2625 1338 2705 addenda,
1369 2636 1858 2707 exequeretur.
1894 2624 2068 2689 Illud
2096 2625 2443 2704 imprimis
2473 2625 2685 2687 etiam
2712 2625 2847 2706 ipsi
2868 2636 3154 2705 gratum

675 2729 847 2810 fuit,
882 2733 1071 2813 quod
1099 2732 1176 2797 P.
1208 2732 1572 2796 Andream
1618 2733 1755 2796 hac
1787 2743 2060 2795 aestate
2101 2731 2344 2816 Tybur
2384 2731 2678 2794 missum
2709 2733 3153 2812 potissimum

679 2837 832 2919 ejus
860 2841 1098 2919 gratia
1127 2840 1490 2904 intellexit.
1524 2839 1773 2920 Coepit
1803 2847 2039 2902 autem
2068 2839 2254 2902 idem
2294 2837 2369 2901 P.
2419 2837 2749 2902 Andreas
2794 2841 3154 2904 consuetis

682 2943 1064 3010 Societatis
1105 2948 1434 3028 operibus
1475 2964 1770 3025 vacare,
1822 2957 1893 3010 et
1942 2947 2012 3008 in
2065 2945 2460 3009 cathedrali
2508 2946 2813 3008 ecclesia
2865 2944 2935 3009 S.
2970 2946 3149 3011 Lau·

679 3053 893 3116 rentii
920 3054 1165 3118 diebus
1215 3055 1588 3119 dominicis
1637 3073 1722 3116 ac
1772 3054 1973 3117 sestis
2025 3053 2465 3117 concionari.
2502 3051 2893 3131 Quemdam
2935 3054 3149 3118 etiam

680 3161 1128 3224 vulneratum
1160 3163 1343 3224 inter
1373 3162 1553 3225 alios
1583 3161 1861 3239 invisit,
1898 3159 2011 3224 cui
2036 3208 2049 3238 ,
2078 3161 2243 3241 quia
2266 3177 2459 3222 mors
2483 3159 2850 3222 imminere
2873 3159 3151 3224 diceba-

677 3275 818 3344 tur,
838 3277 1212 3348 postquam
1237 3269 1753 3332 consessionem
1777 3268 2073 3346 audivit,
2096 3267 2623 3330 sanctissimum
2647 3266 3142 3331 Eucharistiae

679 3385 1207 3440 sacramentum
1232 3387 1306 3440 ut
1330 3378 1671 3440 viaticum
1694 3375 2008 3457 impendi
2025 3375 2327 3452 curavit,
2356 3382 2426 3438 et
2452 3372 2747 3437 adduxit
2776 3383 2855 3437 ut
2876 3385 3149 3438 secrete

679 3497 766 3544 ac
797 3483 1076 3562 publice
1107 3485 1392 3548 veniam
1423 3484 1828 3546 vulneranti
1860 3482 2322 3545 condonaret.

800 3589 902 3652 29.
991 3589 1095 3654 Eo
1147 3601 1466 3671 tempore
1496 3601 1642 3655 tres
1672 3591 1962 3653 scholae
2013 3589 2397 3669 praecipue
2437 3587 2706 3668 Tyburi
2753 3599 2987 3664 erant;
3028 3607 3146 3652 no-

679 3704 864 3774 stra,
899 3697 1199 3775 scilicet,
1255 3708 1324 3761 et
1361 3698 1848 3778 praeceptoris
1890 3695 2291 3776 cujusdam,
2336 3713 2545 3776 quem
2566 3696 2822 3759 civitas
2854 3698 2999 3760 suis
3031 3716 3147 3759 ex-

677 3805 918 3883 pensis
947 3805 1343 3867 conducere
1375 3805 1678 3882 solebat;
1711 3805 1802 3866 ad
1831 3802 1902 3866 id
1932 3813 2085 3865 erat
2127 3803 2376 3865 tertius
2420 3803 2759 3881 magister
2802 3802 3147 3867 Cardina-

678 3910 765 3973 lis
793 3910 1272 3975 Ferrariensis
1301 3910 1346 3990 ⁴,
1382 3913 1532 3993 qui,
1587 3919 1871 3992 praeter
1900 3909 2478 3989 grammaticam,
2524 3908 2901 3974 facultates
2931 3911 3148 3974 etiam

765 4116 780 4147 ¹
843 4115 976 4160 Vide
999 4127 1174 4171 supra,
1195 4129 1317 4172 pag.
1338 4119 1406 4168 21.
1431 4129 1462 4160 n
1499 4119 1568 4172 25,
1592 4123 1769 4161 annot.
1790 4118 1832 4160 7.

759 4187 783 4220 2
839 4187 970 4232 Vide
993 4189 1184 4242 Ignatii
1206 4191 1414 4233 litteras
1435 4190 1500 4233 ad
1523 4189 1863 4232 Laurentium
1902 4187 2239 4239 dercastillo.
2262 4187 2317 4230 30
2335 4187 2471 4240 Junii
2497 4189 2616 4238 ¹55⁴.
2638 4188 2689 4232 in
2714 4188 2904 4232 Cartas
2936 4189 3003 4232 de
3036 4189 3148 4232 San

680 4260 916 4312 Ignacio,
937 4268 973 4304 t.
997 4271 1066 4314 xv,
1090 4272 1210 4316 pag.
1229 4261 1312 4304 463
1331 4269 1384 4304 et
1403 4261 1504 4308 207.
1533 4268 1585 4304 et
1617 4262 1826 4305 litteras
1855 4261 2037 4303 eadem
2067 4259 2149 4302 die
2180 4259 2333 4302 datas
2364 4260 2429 4303 ad
2461 4260 2675 4304 Patrem
2704 4259 3029 4304 Desiderium
3060 4260 3148 4304 Gi·

677 4332 873 4376 rardin.

761 4401 784 4432 θ
839 4403 973 4448 Vide
995 4417 1167 4460 supra,
1190 4412 1226 4449 t.
1247 4417 1284 4448 11
1305 4438 1314 4458 ,
1339 4408 1460 4459 pag.
1482 4405 1548 4457 17,
1572 4416 1619 4448 n.
1641 4405 1710 4448 81.

817 4475 973 4520 idest
995 4476 1248 4531 Magister
1281 4489 1312 4520 a
1344 4475 1620 4520 cardinale
1661 4475 2003 4520 Ferrariense
2034 4477 2337 4530 designatus
2368 4483 2421 4520 et
2455 4475 2754 4520 conductus.
2789 4473 3149 4520 Fert-ariensis

678 4555 854 4594 autem
877 4549 961 4593 hic
981 4549 1276 4593 cardinalis
1298 4554 1414 4593 erat
1437 4547 1748 4604 Hippolytus
1770 4548 1832 4591 de
1853 4547 2001 4601 Este,
2026 4547 2108 4592 cui
2130 4553 2379 4602 quantum
2400 4549 2623 4592 debeant
2644 4547 2935 4604 Tyburtina
2956 4548 3149 4593 civitas

675 4622 889 4677 ejusque
912 4622 1104 4666 vicinia
1120 4627 1297 4665 notum
1315 4627 1410 4664 est.
1429 4619 1562 4665 Vide
1584 4619 1783 4664 Usssnn
1801 4618 2078 4672 Fomenta,
2095 4620 2297 4674 patritii
2314 4620 2618 4674 Genuensis,
2644 4619 3000 4674 Tyburtinum
3015 4619 3149 4674 Hip-

663 4695 848 4749 polyti
867 4693 1016 4737 Estii
1027 4727 1042 4748 ,
1065 4693 1375 4737 cardinalis
1407 4691 1798 4736 FerrariensiS.
