3742 5392
1648 491 1775 550 ΑΝ.
1823 492 1959 549 1554
2931 491 3041 549 377

565 635 807 714 gnitas
837 646 944 698 est
985 636 1056 699 in
1098 636 1215 698 illa
1247 636 1546 700 ecclesia
1585 634 1624 715 ¹,
1658 635 1911 699 deinde
1942 635 2231 699 effectus
2254 637 2599 700 ecclesiae
2622 634 3032 711 Toletanae,

567 743 642 804 in
667 754 964 823 utroque
985 741 1144 821 jure
1169 743 1706 821 bachalaureuS,
1733 743 1875 823 qui,
1904 742 2239 823 quamdiu
2266 743 2465 821 vixit,
2494 759 2832 822 magnum
2859 760 3035 805 suae

571 850 854 913 virtutis
883 849 1171 913 odorem
1203 850 1458 931 ubique
1489 850 1773 931 sparsit.
1817 849 1964 913 Alii
1995 850 2209 913 etiam
2238 850 2310 913 in
2340 850 2699 929 theologia
2737 852 2853 912 vel
2876 847 3035 928 jure

567 956 662 1018 ad
706 955 976 1035 gradus
1019 958 1330 1036 promoti
1375 957 1638 1021 eisdem
1680 958 1946 1020 exculti
1979 956 2259 1020 fuerunt
2306 956 2695 1035 exercitiis,
2750 957 2867 1037 qui
2907 957 3033 1019 vix

570 1073 774 1125 extra
805 1061 1233 1125 Societatem
1265 1064 1364 1142 (ut
1393 1064 1528 1143 ipsi
1559 1062 1995 1142 asserebant)
2028 1064 2274 1127 vivere
2304 1072 2662 1144 poterant,
2695 1072 2763 1127 et
2794 1072 3034 1126 tamen

563 1180 858 1248 propter
909 1170 1411 1249 impedimenta
1461 1169 1834 1251 quaedam,
1883 1189 1925 1234 a
1970 1172 2222 1252 quibus
2267 1171 2602 1234 extricari
2652 1188 2796 1233 non
2840 1180 3032 1251 pote-

567 1284 754 1354 rant,
787 1274 1216 1340 Societatem
1244 1286 1414 1341 tunc
1446 1278 1752 1356 ingressi
1781 1295 1923 1341 non
1956 1287 2142 1340 sunt.

685 1381 828 1445 808.
915 1383 1257 1446 Effectum
1285 1394 1392 1447 est
1421 1385 1634 1447 etiam
1665 1385 1800 1447 hoc
1831 1401 2018 1447 anno
2058 1383 2248 1465 quod
2286 1391 2355 1447 et
2400 1383 2915 1463 superioribuS,
2951 1395 3027 1447 ut

563 1507 709 1552 non
737 1490 970 1570 pauci,
999 1492 1116 1569 qui
1139 1489 1462 1554 diversas
1485 1491 1573 1553 ob
1597 1508 1855 1554 causas
1879 1490 2350 1554 tenacissimis
2381 1491 2562 1554 odiis
2585 1492 2769 1554 inter
2798 1510 2873 1554 se
2894 1491 3030 1554 dis-

561 1800 836 1845 desiderio:
857 1802 1138 1845 facultates
1159 1802 1294 1845 enim
1317 1802 1631 1856 pauperibus
1652 1802 1846 1855 partim
1867 1802 1987 1845 dum
2009 1803 2214 1847 viveret
2236 1803 2517 1854 distribuit,
2534 1803 2727 1857 partim
2751 1810 3030 1847 testamen·

567 1880 620 1915 to
655 1874 852 1926 legavit
888 1873 1223 1925 conditusque
1259 1875 1305 1915 in
1330 1873 1456 1915 aede
1481 1873 1537 1915 Β.
1564 1873 1794 1925 Virginis
1829 1873 2023 1915 maiore
2056 1874 2121 1917 ad
2162 1876 2433 1928 praesepia
2472 1872 2701 1927 Domini,
2723 1875 2809 1919 ubi
2846 1876 3029 1919 titulus

567 1944 848 2001 inscriptus
869 1946 1076 1999 legitur.

1347 2088 1667 2131 Hermu-diuo
1701 2088 1981 2131 >andos-aii
2007 2088 2251 2143 Hispano.

1100 2160 1382 2203 Toletanae
1417 2160 1685 2202 Ecclesiae
1718 2160 2005 2211 Canonico,
2038 2168 2085 2203 ct
2117 2162 2457 2210 scholastico.

1423 2231 1739 2275 Academiae
1771 2232 2002 2275 eiusdem
2031 2233 2172 2277 urbis

1042 2306 1084 2348 Α
1117 2304 1352 2347 maiorib.
1383 2304 1489 2346 suis
1521 2304 1820 2349 institutae.
1849 2314 2169 2359 ornataeque
2202 2303 2555 2353 CanceiiariO.

1525 2374 1742 2418 Generis
1772 2376 2062 2428 nobilitate,

1144 2449 1320 2491 Divini
1357 2455 1514 2502 atque
1557 2450 1766 2492 humani
1813 2450 1939 2492 iuris
1981 2450 2234 2503 singulari
2277 2450 2469 2503 peritia

1188 2522 1350 2571 Quam
1379 2520 1525 2563 libris
1555 2520 1707 2563 editis
1737 2522 2048 2576 scriptisque
2078 2528 2303 2564 testatus
2336 2528 2413 2563 est

1709 2593 1892 2637 Claro:

1464 2664 1541 2709 cb
1571 2676 1786 2719 eamque
1817 2667 2106 2711 doctiinam

1197 2752 1208 2761 ·
1291 2739 1359 2781 Et
1389 2738 1704 2791 singularem
1737 2740 1880 2781 vitae
1910 2740 2307 2783 sanctimoniam

1109 2808 1237 2852 Cum
1266 2820 1463 2852 summa
1497 2809 1822 2853 humanitate
1855 2822 2153 2865 morumque
2182 2811 2447 2853 suavitate

1629 2880 1969 2926 coniunctam

1537 2956 1627 2999 Pio
1659 2954 1716 2996 V.
1751 2955 1899 2997 Pont.
1932 2954 2061 2997 Max.

1367 3027 1582 3069 Exteris
1613 3034 1662 3071 et
1693 3027 1860 3069 minus
1891 3028 2047 3069 ctiam
2078 3026 2214 3069 notis

1677 3100 1924 3151 Amabili,

1533 3169 1790 3225 Georgius
1821 3170 2057 3214 Fonseca

1317 3240 1493 3285 Fratri
1536 3243 1691 3286 caris.
1721 3254 2076 3297 praepropera
2116 3251 2281 3286 morte

1443 3312 1612 3358 Rebus
1643 3315 1879 3358 humanis
1910 3322 2151 3368 exempto

1519 3386 1693 3429 Multis
1724 3398 1838 3429 cum
1873 3388 1998 3430 laer.
2030 3398 2079 3441 p.

1287 3458 1423 3501 Obiit
1453 3469 1606 3501 anno.
1639 3457 1929 3501 LXXXIX.
1968 3457 2014 3499 V
2045 3470 2159 3501 non.
2194 3457 2311 3500 Maii

1431 3531 1584 3574 Anno
1613 3530 1815 3587 Danini
1851 3529 2165 3573 MDLxxn.

648 3676 709 3719 Α.
732 3673 784 3717 S.
806 3675 1074 3726 (Attonitas
1103 3672 1410 3725 Senorrus).
1435 3674 1784 3727 Peneoiuws,
1809 3674 2117 3727 Hispaniae
2140 3674 2491 3725 Be'olc'otheca,
2514 3684 2606 3715 seu
2630 3672 2694 3715 de
2720 3672 3032 3717 Academit's

562 3759 628 3791 ac
649 3746 1017 3797 Biblz'otheciS‚
1039 3754 1074 3789 t.
1095 3756 1177 3799 111,
1201 3758 1319 3801 pag.
1339 3746 1437 3789 511.

650 3818 668 3851 ²
725 3818 838 3862 Non
859 3819 908 3861 in
927 3817 1148 3861 ecclesia
1170 3824 1371 3861 tantum
1393 3816 1662 3871 Toletana,
1683 3820 1774 3862 sed
1797 3820 1846 3862 in
1869 3820 2102 3863 omnibus
2124 3819 2231 3861 sere
2254 3817 2641 3861 cathedralibus
2664 3814 2914 3869 ecclesiis,
2938 3826 3030 3857 an-

561 3890 852 3945 tiquissima
872 3898 952 3933 est
975 3888 1306 3941 scholastici,
1327 3901 1416 3933 seu
1439 3889 1697 3943 Magistri
1725 3891 1937 3934 scholae
1960 3890 2443 3943 (Mac-strescuela),
2472 3889 2699 3941 dignitas
2719 3920 2730 3941 ,
2754 3888 2900 3942 cujus
2922 3898 3034 3941 pro-

566 3964 734 4017 prium
775 3972 956 4005 munus
1002 3968 1118 4003 erat
1153 3960 1384 4007 scholas.
1420 3961 1712 4006 cathedrali
1761 3964 2015 4006 eeclesiae
2058 3973 2313 4011 annexas,
2348 3962 2657 4011 gubernare,
2692 3968 2745 4002 et
2784 3959 3033 4012 temporis

561 4035 784 4079 decursu
804 4044 902 4076 non
923 4030 1112 4086 exigua
1128 4032 1504 4087 iurisdictionis
1524 4042 1759 4088 potestas
1780 4036 1824 4077 ei
1847 4036 2043 4077 collata
2063 4040 2141 4077 est
2176 4034 2224 4075 in
2250 4032 2692 4076 Universitatibus
2722 4031 3031 4085 praecipuis,

563 4108 687 4151 licet
707 4105 804 4149 hae
826 4107 964 4149 nullo
990 4106 1135 4148 modo
1156 4104 1446 4149 cathedrali
1470 4108 1720 4149 ecclesiae
1739 4115 1911 4149 essent
1929 4118 2179 4150 annexae.
2200 4104 2288 4148 “El
2314 4108 2419 4160 Rey
2436 4104 2499 4147 D.
2519 4105 2711 4147 Alonso
2729 4105 2776 4146 el
2792 4102 2947 4146 Sabio
2971 4113 3031 4144 en

563 4181 645 4223 las
665 4178 999 4229 ordenamus,
1023 4188 1118 4231 que
1143 4178 1257 4219 hizo
1277 4188 1407 4231 para
1430 4180 1476 4221 ei
1502 4178 1713 4221 'Es-tudio
1748 4181 1843 4229 (sic
1882 4178 2289 4221 Una-ersitatem
2315 4174 2693 4219 Salmantmam
2714 4174 2965 4229 appellat)
2985 4176 3033 4215 el

563 4254 665 4295 aiio
686 4250 748 4294 de
773 4250 892 4296 12511.
907 4248 1094 4291 manda
1116 4260 1212 4303 que
1229 4250 1277 4291 ei
1292 4247 1481 4303 Obispo
1501 4262 1533 4305 y
1549 4249 1953 4293 Maestreseuela
1974 4250 2035 4292 de
2054 4248 2365 4292 salamanca
2388 4248 2561 4299 hagan
2584 4246 2803 4300 prender
2825 4258 2857 4299 y
2874 4245 3033 4289 echar

564 4334 630 4366 en
659 4322 831 4365 carcel
853 4325 882 4363 a
914 4323 989 4364 los
1009 4321 1331 4365 estudiantes
1362 4323 1664 4375 peieadores
1686 4354 1710 4375 ,,
1803 4324 1889 4364 *οη
1920 4333 1982 4365 un
2016 4320 2291 4373 privilegio
2323 4320 2456 4363 dado
2490 4330 2585 4372 por
2614 4317 2843 4371 Eurique
2875 4315 2948 4361 111
2970 4327 3031 4359 en

565 4394 864 4438 Valladolid
887 4396 918 4435 a
938 4394 990 4435 ‘20
1010 4394 1072 4435 de
1095 4395 1296 4447 Agosto
1317 4394 1379 4436 de
1406 4394 1502 4436 l39l
1529 4396 1717 4438 manda
1741 4396 2229 4438 terminantemente
2252 4404 2349 4445 que
2373 4393 2423 4434 ia
2448 4391 2783 4445 jurisdiccion
2808 4390 3029 4433 escolas-

564 4467 673 4510 tica
693 4478 749 4511 se
772 4466 940 4517 eierza
969 4468 1254 4509 solamente
1277 4478 1371 4519 por
1393 4469 1438 4509 el
1462 4466 1895 4509 Maestrescuclas
1914 4479 1947 4523 y
1970 4477 2033 4508 no
2055 4473 2169 4508 otro
2195 4464 2311 4519 juez
2330 4467 2543 4517 aiguno.
2566 4476 2599 4519 y
2622 4475 2716 4517 que
2746 4464 3032 4506 solamente

563 4542 610 4583 el
631 4549 853 4583 conozca
874 4538 935 4581 de
957 4538 1038 4581 las
1057 4548 1242 4582 causas
1263 4538 1324 4581 de
1357 4541 1432 4581 ios
1454 4542 1778 4583 estuiiantes
1811 4552 1844 4596 y
1866 4540 2151 4582 familiares
2183 4538 2244 4579 de
2277 4538 2327 4580 ia
2348 4536 2721 4587 Universidad,
2744 4534 3033 4577 anadiendo

565 4614 681 4665 alii,
704 4620 850 4655 como
871 4611 932 4653 de
953 4620 1097 4663 paso,
1115 4622 1212 4664 que
1233 4622 1301 4666 ya
1323 4622 1381 4653 su
1404 4612 1587 4654 abuelo
1613 4612 1674 4654 D.
1699 4611 1923 4665 Eurique
1946 4610 1993 4655 11
2018 4624 2045 4663 y
2068 4612 2113 4653 el
2138 4620 2231 4665 rey
2254 4608 2314 4653 D.
2342 4610 2533 4651 Alonso
2556 4606 2643 4658 XI,
2666 4618 2725 4649 su
2746 4606 3031 4655 bisabueIo.

566 4684 760 4728 habian
779 4682 1056 4727 concedido
1077 4685 1110 4726 a.
1133 4685 1182 4727 ia
1201 4682 1548 4727 Universidad
1570 4691 1679 4727 estc
1702 4696 1881 4728 mismo
1902 4684 2221 4737 privilegio...
2240 4683 2319 4725 LA
2340 4681 2572 4731 Fuavra,
2598 4678 2840 4721 Historia
2862 4678 2927 4720 de
2948 4678 3035 4721 Ias

577 4754 1056 4799 UniversidadeS...
1080 4768 1144 4798 en
1169 4754 1413 4808 Espmla,
1435 4764 1454 4798 t
1497 4766 1529 4807 1,
1553 4768 1668 4810 cap.
1693 4768 1878 4800 xxxiii.
