3742 5392
769 498 881 557 ‘236
1692 497 1945 559 Canon.
1991 496 2142 558 Soc.
2183 499 2323 573 με.

774 643 1056 723 linguas
1103 642 1577 723 profiteretur.
1624 642 1803 706 Cum
1873 641 2142 722 Regem
2192 643 2470 708 Galliae
2525 643 2992 708 Franciscurn
3041 645 3240 723 (nam

778 748 1071 813 Parisiis
1100 750 1423 831 publicus
1456 768 1540 813 ac
1578 750 1821 829 regius
1849 759 2006 813 erat
2036 750 2445 831 professor),
2480 768 2894 815 recessurus
2923 742 3236 830 adiisset,

778 855 899 938 [et]
932 857 1151 920 libere
1190 856 1276 920 de
1322 856 1742 937 quibusdam
1778 856 2109 920 humanis
2143 856 2293 937 ejus
2335 857 2724 923 defectibus
2755 858 3240 938 reprehendis-

776 972 922 1041 set,
971 964 1160 1027 nulla
1210 963 1695 1043 indignatione
1744 962 1900 1027 Rex
1945 974 2338 1027 commotus
2382 976 2518 1040 est,
2573 964 2698 1027 sed
2740 983 2823 1027 eo
2867 964 3240 1028 recedente

776 1071 1174 1134 astantibus
1205 1070 1405 1134 dixit:
1440 1070 1683 1133 “Hunc
1707 1086 1843 1149 ego
1875 1071 2230 1134 hominem
2257 1071 2610 1135 eruditum
2634 1072 3236 1143 existimaveram,

774 1177 900 1240 sed
942 1187 1011 1240 et
1050 1178 1557 1257 sapientiorem
1601 1176 2004 1240 arbitrabar
2051 1194 2206 1240 esse
2251 1194 2467 1259 quam
2519 1180 2612 1241 sit
2655 1176 2735 1257 ¹.„
2784 1178 2962 1243 Cum
3005 1189 3238 1242 autern

772 1284 1063 1365 quidam
1092 1282 1181 1346 D.
1216 1284 1590 1347 Lucretius
1620 1281 1643 1313 ²
1674 1283 1762 1346 de
1793 1283 2034 1363 lingua
2066 1284 2357 1365 syriaca
2397 1285 2639 1347 nescio
2671 1285 2839 1365 quid
2879 1285 3240 1349 commini-

774 1401 1115 1470 sceretur,
1137 1400 1206 1454 et
1222 1390 1297 1453 in
1321 1407 1405 1453 ea
1430 1390 1646 1453 scribi
1669 1390 2020 1470 quaedam
2045 1392 2279 1468 vellet,
2307 1389 2690 1455 Postellum
2714 1390 3022 1471 hospitio
3041 1409 3240 1454 exce·

773 1498 899 1577 pit;
932 1508 1002 1561 et
1034 1498 1316 1562 demum
1348 1498 1420 1559 in
1452 1497 1808 1577 publicum
1839 1502 2178 1561 lectorem
2213 1497 2326 1562 ille
2355 1507 2722 1577 promotus
2746 1507 2874 1575 est;
2902 1510 2972 1561 et
3003 1516 3240 1579 quam-

778 1604 887 1667 vis
937 1604 1023 1667 de
1072 1606 1376 1668 lectione
1424 1605 1711 1680 linguae
1762 1603 2098 1667 arabicae
2149 1614 2510 1683 ageretur,
2568 1606 2638 1667 in
2688 1621 2953 1684 graeca
3005 1615 3241 1669 tamen

779 1713 995 1775 libros
1025 1710 1430 1775 Aristotelis
1461 1710 1547 1773 de
1576 1711 2042 1790 generatione
2075 1710 2530 1791 interpretari
2568 1713 2802 1793 coepit
2829 1710 2872 1774 ⁵.
2910 1712 3050 1799 Sed
3080 1728 3240 1774 cum

858 1953 873 1985 ¹
932 1953 1072 2005 Quae
1092 1954 1175 1997 hic
1198 1952 1259 1996 de
1284 1952 1507 1996 Posteilo
1532 1962 1715 1997 narrat
1738 1952 2007 2003 Poiancus.
2024 1965 2122 1997 non
2143 1952 2210 1997 ad
2231 1964 2422 1998 annum
2445 1954 2550 1999 1553
2568 1953 2846 2009 pertinent,
2865 1967 2964 2009 quo
2985 1954 3242 1998 Posteiius

780 2025 994 2069 Parisiis
1022 2026 1238 2068 recessit
1260 2032 1317 2067 ut
1340 2023 1737 2077 Vesuntionem‚
1761 2024 2013 2069 venetias
2035 2034 2086 2067 et
2109 2024 2293 2069 deinde
2315 2024 2572 2069 Viennam
2608 2032 2838 2080 peteret;
2864 2038 2924 2069 eo
2945 2027 3082 2071 enim
3116 2036 3244 2069 tem·

773 2108 898 2150 pore
920 2108 1019 2139 non
1040 2096 1351 2140 Franciscus
1371 2097 1460 2139 sed
1480 2096 1735 2141 Henricus
1754 2096 1863 2139 Rex
1885 2096 2088 2141 Galliae
2108 2103 2239 2139 erat.
2259 2097 2529 2141 Pertinent
2547 2104 2722 2141 autem
2740 2098 2805 2142 ad
2827 2096 2977 2141 finem
2997 2099 3116 2142 anni
3139 2098 3243 2140 1543

774 2176 863 2211 aut
883 2168 1085 2212 initium
1105 2168 1383 2222 sequentis,
1407 2179 1523 2211 cum
1542 2167 1759 2213 Parisiis
1780 2168 1997 2211 recessit
2019 2178 2070 2211 et
2094 2168 2310 2212 Romam
2331 2169 2472 2211 venit
2492 2201 2502 2220 ,
2524 2168 2610 2213 ubi
2642 2166 2956 2213 Societatem
2977 2170 3242 2223 ingressus

773 2240 1007 2283 est.—Ea
1029 2246 1201 2283 tamen
1228 2240 1383 2294 paulo
1404 2240 1561 2283 aliter
1582 2251 1735 2294 quam
1764 2239 2018 2283 Polancus
2033 2273 2045 2293 ,
2069 2252 2132 2283 ex
2153 2240 2314 2295 ipsius
2336 2240 2550 2285 Postelli
2585 2240 2794 2295 scriptis
2816 2240 2940 2285 (Les
2961 2240 3241 2285 Retracto—

774 2312 916 2355 tions
936 2312 1002 2354 de
1025 2312 1332 2354 Guillaume
1352 2310 1547 2362 Postel,
1567 2310 1738 2354 Fonds
1761 2311 2005 2363 francais,
2027 2312 2150 2363 573⁴.
2175 2312 2260 2355 fol.
2287 2310 2364 2355 122
2385 2318 2437 2355 et
2462 2310 2558 2362 130)
2577 2319 2761 2356 narrat
2786 2312 2845 2355 G.
2870 2312 3074 2355 WmLL:
3097 2310 3243 2355 “Cre-

771 2383 931 2426 debat
950 2394 1077 2425 vero
1098 2380 1284 2426 Noster
1303 2382 1597 2435 (Postellus)
1618 2394 1671 2425 se
1694 2394 1725 2425 a
1750 2382 1857 2426 Deo
1881 2384 1990 2438 ipso
2013 2385 2116 2426 tale
2141 2394 2323 2427 munus
2345 2386 2624 2438 accepisse:
2649 2395 2825 2437 quare.
2851 2392 2906 2427 ut
2929 2385 3038 2437 ipse
3058 2391 3242 2438 postca

776 2454 1031 2505 narravit,
1055 2452 1388 2497 Franciscum
1409 2465 1587 2507 regem
1604 2453 1733 2497 adiit
1750 2454 1830 2497 cui
1852 2455 1961 2498 sine
1981 2460 2118 2499 metu
2139 2456 2379 2509 exposuit
2401 2466 2534 2508 quae
2554 2466 2711 2509 agere
2734 2456 2944 2498 deceret
2967 2456 3031 2499 ad
3055 2466 3239 2509 paran-

776 2526 896 2569 dam
926 2526 1190 2579 religionis
1210 2526 1483 2569 victoriam
1506 2531 1556 2569 et
1575 2526 1800 2569 omnium
1820 2526 2052 2580 gentium
2073 2528 2166 2569 sub
2185 2526 2378 2581 gallico
2401 2533 2608 2581 sceptro
2630 2528 3060 2571 conciliationem.
3083 2526 3244 2571 Fran·

775 2596 942 2640 ciscus
964 2597 1180 2651 quidem,
1202 2597 1245 2640 si
1267 2597 1495 2640 Posteilo
1518 2596 1664 2649 fides,
1689 2598 1764 2640 ita
1785 2604 2066 2641 commotus
2100 2602 2178 2640 est
2211 2604 2266 2641 ut
2297 2598 2544 2642 lacrimas
2563 2597 2850 2641 effunderet
2869 2632 2881 2649 ,
2907 2598 3242 2655 promisitque

777 2679 832 2711 se
862 2668 955 2711 illa
988 2679 1117 2723 quae
1148 2680 1180 2711 a
1214 2668 1323 2712 Deo
1358 2678 1654 2712 moneretur
1684 2669 1967 2721 factumi-m
1991 2670 2246 2723 quaedam
2281 2676 2456 2713 autem
2487 2681 2550 2712 ex
2588 2671 2708 2713 auia
2743 2670 2931 2713 mulier
2963 2670 3243 2721 (videlicet

778 2740 1099 2794 Stampensis
1120 2740 1339 2792 ducissa)
1369 2752 1485 2783 eum
1505 2752 1537 2783 a
1557 2741 1747 2783 talibus
1781 2740 2050 2783 sententiis
2085 2738 2309 2791 avertit,
2331 2740 2711 2795 Postellumque
2734 2742 2953 2785 stultum
2981 2754 3094 2787 esse
3127 2754 3244 2785 con·

778 2812 1052 2861 firmavit...
1072 2810 1141 2855 Et
1162 2812 1213 2855 in
1237 2820 1413 2855 annot.
1432 2812 1461 2853 3
1480 2812 1544 2854 ad
1574 2813 1708 2854 hunc
1732 2812 1924 2855 iocum:
1957 2811 2146 2855 “Addit
2179 2811 2492 2855 Borbonium
2523 2812 2592 2863 (id
2630 2820 2725 2860 est.
2749 2810 3022 2857 Vendomii
3043 2814 3246 2865 ducem)

776 2888 959 2925 contra
974 2883 1258 2926 asseruisse
1274 2894 1451 2926 omnes
1467 2894 1661 2931 errare.
1677 2882 1761 2931 qui
1777 2882 2058 2926 Postelium
2073 2884 2309 2927 insanum
2325 2884 2600 2926 crederent
2617 2882 2876 2935 (foi.i30)...
2895 2882 2976 2928 De
2990 2884 3246 2929 Gulielmt'

778 2953 1001 2997 Postelti
1020 2955 1135 2996 vita
1157 2958 1207 2997 et
1230 2955 1425 3006 indole,
1446 2966 1559 3009 cap.
1584 2965 1615 3007 ι,
1646 2966 1768 3009 pag.
1788 2954 2206 2997 :lh—Fatendum
2227 2964 2396 2999 tamen
2431 2962 2511 2998 est
2535 2954 2589 2997 P.
2617 2954 2754 2998 Pan
2777 2957 2908 2999 haec
2940 2958 3111 3000 omnia
3143 2968 3242 2999 non

780 3026 845 3067 :td
873 3032 1109 3080 tempora
1138 3024 1405 3069 Francisci
1440 3026 1477 3069 Ι.
1501 3026 1793 3069 Galliarum
1813 3026 1999 3080 Regis,
2020 3026 2111 3069 sed
2143 3025 2411 3070 Francisci
2432 3026 2508 3077 11.
2529 3027 2728 3071 referre
2763 3028 2946 3071 videri.
2968 3029 3060 3071 Ait
3091 3029 3240 3071 enim:

776 3096 847 3141 -11
880 3098 1069 3152 profita
1098 3098 1160 3140 de
1196 3109 1255 3141 sa
1274 3098 1459 3141 liberte
1494 3102 1575 3147 (ex
1596 3098 1950 3151 Inquisitionis
1979 3110 2225 3141 romanae
2261 3099 2560 3143 carceribus
2593 3108 2710 3153 post
2734 3099 2880 3142 Pauli
2919 3098 2986 3141 1v
3007 3106 3242 3152 mortem,

777 3180 909 3213 anno
928 3170 1128 3213 scilicet
1153 3170 1281 3221 1559)
1302 3180 1429 3224 pour
1463 3170 1672 3213 rex-enit
1693 3181 1757 3212 en
1780 3168 2008 3221 France,
2033 3178 2084 3213 et
2108 3172 2350 3224 rappeier
2373 3182 2439 3214 au
2461 3172 2536 3227 roi
2561 3170 2810 3222 Francois
2847 3170 2892 3213 11
2921 3182 3006 3215 ses
3027 3171 3192 3215 droits
3213 3175 3244 3215 a

776 3244 829 3285 ia
847 3241 1147 3285 monarchie
1176 3242 1541 3291 universale...
1562 3240 1843 3283 Μαὶάοηαε
1864 3244 1916 3284 et
1949 3241 2306 3285 tvmversne
2325 3241 2391 3284 de
2413 3242 2576 3284 Parrs
2605 3254 2676 3285 au
2699 3242 2848 3286 XVI·
2873 3243 3053 3295 siecle,
3073 3244 3244 3297 pieces
3295 3282 3304 3289 .

770 3312 1248 3368 justificaiives,v1,
1267 3323 1386 3367 pag.
1409 3314 1503 3356 516.
1522 3312 1583 3357 Ni
1607 3314 1825 3356 velimus
1848 3314 2020 3356 dicere
2042 3313 2351 3367 Postelium,
2377 3315 2462 3367 qui
2494 3313 2645 3366 hujus
2667 3314 2980 3357 universalis
3001 3314 3242 3358 concilia-

776 3386 929 3429 tionis
956 3396 987 3428 a
1020 3396 1071 3429 se
1108 3386 1441 3439 excogitatae
1479 3386 1839 3428 tenacissimus
1875 3384 1996 3432 fuit.
2033 3386 2164 3439 quod
2195 3388 2316 3428 olim
2349 3384 2686 3429 Franciscum
2717 3384 2740 3427 Ι
2774 3395 3078 3435 monuerat.
3113 3386 3246 3429 idem

778 3456 1115 3501 Franciscum
1136 3456 1183 3499 11
1202 3463 1319 3510 post
1340 3468 1499 3499 annos
1521 3457 1780 3499 sexdecim
1814 3458 2090 3500 monuisse.

856 3528 881 3559 ²
935 3528 1107 3571 Primo
1127 3535 1269 3571 certe
1290 3530 1539 3581 scriptum
1575 3536 1689 3571 erat
1712 3529 1759 3571 in
1793 3540 1886 3571 ms.
1909 3526 2219 3581 Lucretius,·
2241 3528 2330 3572 sed
2362 3528 2688 3571 emendatum
2713 3535 2790 3571 est
2825 3540 2916 3571 nec
2950 3531 3044 3572 sub
3077 3528 3248 3573 lituris

778 3600 918 3643 cerni
939 3608 1108 3654 potest
1132 3600 1248 3654 quid
1269 3601 1475 3643 tandem
1497 3601 1767 3654 legendum
1787 3602 1871 3649 sit.
1895 3599 2178 3643 Lucretius
2199 3612 2265 3643 an
2283 3612 2410 3643 vero
2427 3600 2708 3643 Lunetius.
2729 3600 2830 3642 Vix
2849 3608 3024 3643 tamen
3042 3600 3248 3643 dubium

778 3683 891 3714 csse
912 3678 1081 3725 potest
1103 3672 1221 3726 quin
1252 3672 1521 3725 legendum
1544 3672 1609 3714 sit
1632 3670 1919 3715 Lucretius
1952 3680 2002 3715 et
2025 3672 2418 3726 intelligendum
2452 3682 2740 3715 sermonem
2763 3684 2876 3715 esse
2896 3672 2956 3714 de
2981 3670 3246 3715 &Vidman-

778 3743 967 3796 stadi0,
989 3744 1069 3785 cui
1110 3743 1206 3785 hoc
1240 3744 1401 3785 etiam
1436 3754 1617 3785 nomen
1652 3742 1937 3786 Lucretius
1967 3744 2311 3787 tribuebatur.
2347 3742 2780 3785 “Widmanstadii
2817 3752 2992 3785 autem
3029 3742 3248 3787 vidimus

778 3825 911 3868 quae
933 3815 1089 3858 suerit
1110 3826 1225 3857 cum
1250 3814 1473 3857 Postelio
1495 3815 1753 3867 amicitia;
1780 3826 1912 3869 quae
1933 3826 2060 3857 vero
2091 3816 2270 3869 paucis
2302 3814 2558 3857 mensibus
2579 3820 2855 3868 postquam
2877 3814 3068 3857 Noster
3089 3812 3246 3857 Vien-

782 3897 900 3929 nam
920 3886 1203 3939 reliquerat
1220 3918 1231 3939 ,
1253 3886 1502 3939 cessavit;
1525 3887 1707 3941 quibus
1730 3886 1791 3929 de
1813 3887 2008 3935 causis.
2034 3886 2302 3929 incertum.
2325 3884 2383 3927 In
2404 3886 2628 3940 epistola
2659 3887 2792 3928 enim
2809 3886 2938 3938 junii
2963 3884 3161 3929 MDLV
3183 3886 3246 3927 ad

782 3956 999 3999 Masium
1012 3955 1247 4009 queritur
1257 3955 1729 4000 XVidmanstadium
1746 3964 1836 4000 aut
1854 3956 2155 4001 Lucretium
2175 3956 2328 4009 (quod
2351 3956 2460 4009 ejus
2483 3967 2765 4009 cognomen
2786 3956 2901 4006 i'uit)
2920 3957 3056 3999 velle
3077 3958 3247 4000 omnia

778 4038 911 4081 quae
932 4026 1165 4071 Viennae
1187 4028 1253 4072 ad
1274 4027 1477 4071 Novum
1497 4028 1887 4071 Testamentum
1905 4028 2154 4071 edendum
2177 4035 2428 4081 parentur
2446 4038 2498 4069 in
2518 4028 2784 4081 propriam
2801 4027 2994 4071 famam
3015 4029 3248 4080 trahere,

780 4109 843 4142 ac
864 4099 1013 4142 timet
1034 4112 1095 4142 ne
1126 4100 1260 4143 idem
1282 4098 1555 4143 Lucretius
1576 4100 1795 4153 epistola
1823 4100 2032 4143 Postelii
2063 4100 2354 4153 intercepta
2381 4099 2454 4142 uti
2479 4098 2606 4142 velit
2637 4106 2693 4141 ut
2725 4100 2943 4153 pristino
2965 4100 3131 4143 amico
3161 4112 3250 4143 no-

780 4177 942 4225 ceat.„
964 4170 1025 4214 G.
1048 4170 1253 4220 xvi-titt,
1278 4172 1308 4213 1.
1332 4182 1395 4217 c..
1419 4182 1536 4225 pag.
1566 4172 1635 4213 50.

859 4240 882 4273 ³
941 4241 1098 4293 Juvat
1120 4242 1202 4285 hic
1225 4242 1488 4285 Canisium
1520 4243 1722 4285 audire:
1746 4242 1817 4285 “E
1840 4250 2032 4285 venuto
2053 4252 2156 4295 qua
2189 4239 2222 4283 ii
2247 4240 2298 4283 S.
2333 4240 2558 4283 Postello
2589 4248 2642 4283 et
2673 4240 2742 4283 ha
2765 4240 2944 4283 offerto
2967 4241 3000 4283 il
3022 4252 3113 4283 suo
3143 4251 3250 4284 scr-

781 4314 907 4357 uitio
937 4315 1043 4357 alla
1074 4326 1166 4357 sua
1188 4314 1407 4358 Maiesta
1440 4326 1531 4368 per
1552 4323 1787 4367 stampar
1818 4324 1866 4356 et
1904 4316 2047 4367 leger
2079 4313 2460 4366 publicamente
2491 4312 2544 4355 la
2580 4305 3034 4365 lingua'Arabica,
3058 4312 3250 4355 sicome

782 4396 945 4429 vsano
974 4386 1008 4429 li
1031 4385 1221 4429 Turchi
1246 4396 1297 4429 et
1330 4388 1398 4429 lui
1431 4395 1582 4429 troua
1616 4387 1783 4429 alcuni
1808 4386 1999 4429 fautori
2023 4396 2054 4427 a
2075 4393 2256 4437 questa
2293 4384 2564 4437 imprezza.
2587 4382 2664 4426 La
2701 4395 2793 4426 sua
2827 4382 3046 4427 Maiesta
3065 4394 3096 4426 a
3119 4383 3254 4427 dom-

780 4457 1025 4500 mandato
1046 4457 1113 4499 da
1142 4468 1245 4508 me,
1270 4468 1323 4499 se
1354 4456 1579 4499 Posteilo
1602 4456 1738 4499 fusse
1770 4466 1911 4499 stato
1933 4456 2054 4499 delli
2085 4454 2249 4498 nostri
2269 4486 2278 4505 .
2302 4459 2353 4496 et
2375 4464 2430 4497 se
2466 4455 2545 4497 sia
2579 4462 2827 4508 apostata
2848 4464 2954 4497 etc.
2977 4455 3022 4498 si
3051 4466 3194 4498 come
3221 4454 3252 4497 ii

780 4539 875 4572 cra
895 4528 1043 4573 ditto.
1063 4528 1117 4571 Io
1138 4528 1335 4581 resposi
1366 4530 1461 4571 che
1483 4539 1579 4571 non
1602 4538 1793 4582 quanto
1816 4530 1924 4571 alla
1944 4528 2208 4581 apostasia
2228 4558 2237 4579 ,
2255 4537 2340 4569 ma
2361 4526 2456 4568 che
2493 4537 2586 4580 per
2606 4528 2653 4568 le
2675 4537 2763 4569 sue
2799 4534 2940 4569 certe
2976 4526 3251 4579 phantasie

782 4602 921 4643 fusse
942 4601 1271 4643 abondauato
1292 4608 1343 4643 et
1366 4602 1560 4643 lassato
1584 4600 1731 4643 fuora
1752 4600 1890 4643 delia
1913 4598 2250 4653 Compagnia,
2268 4605 2320 4640 et
2342 4597 2438 4641 che
2461 4597 2623 4640 anche
2647 4596 2792 4641 molti
2815 4610 2869 4640 sc
2901 4609 2999 4640 non
3022 4596 3254 4641 edificas-

784 4680 907 4715 seno
929 4672 995 4714 da
1016 4672 1112 4725 lui,
1130 4672 1361 4715 vedendo
1382 4680 1523 4715 certe
1544 4672 1767 4725 opinioni
1792 4680 1842 4714 et
1861 4670 2185 4725 persuasioni
2206 4680 2306 4711 non
2327 4670 2491 4713 buone
2518 4668 2579 4711 de
2602 4675 2782 4721 questo
2803 4668 3047 4721 Postello,
3063 4672 3252 4713 sicome

786 4744 951 4787 anche
981 4750 1178 4789 mostra
1198 4744 1318 4787 nelli
1344 4744 1452 4787 suoi
1484 4744 1670 4787 scritti.
1697 4742 1760 4787 Et
1790 4750 1966 4787 tamen
1987 4750 2170 4796 questo
2191 4742 2325 4784 buon
2349 4741 2535 4784 huomo
2555 4752 2715 4794 pensa
2747 4741 2909 4782 bauer
2930 4741 3141 4795 adgiuto
3161 4752 3256 4794 per
