3742 5392
1660 508 1786 566 Ax.
1832 508 1973 565 155⁴
2988 509 3061 569 37

586 651 1017 714 auctoritate
1069 651 1270 715 Sedis
1316 652 1774 733 Apostolicae
1820 664 2219 732 uterentur,
2272 656 2495 716 multa
2547 654 2922 718 salubriter
2970 655 3061 719 ad

581 775 966 822 commune
993 759 1278 837 bonum,
1313 760 1442 822 sub
1474 760 1748 822 initium
1781 761 1951 823 anni
1974 758 2181 840 hujus
2210 760 2385 840 1554,
2421 761 2958 840 constitue1·unt;
2992 773 3063 826 et

589 865 775 928 inter
815 875 1100 929 caetera
1144 865 1488 945 edictum,
1533 869 1684 930 sine
1727 869 2060 947 expensis
2100 868 2521 932 clericorum
2561 885 2689 948 per
2730 869 3062 933 Vicarios

589 972 1105 1052 Episcoporum
1139 974 1210 1036 in
1244 975 1570 1038 omnibus
1597 974 1958 1054 parochiis
1999 974 2631 1054 promulgandum,
2665 975 3058 1052 ediderunt,

581 1077 794 1159 cujus
837 1080 1071 1160 capita
1104 1081 1488 1161 praecipua
1519 1083 1696 1144 haec
1726 1092 1923 1145 sunt:
1976 1082 2094 1144 “In
2138 1082 2385 1161 primis
2414 1099 2502 1144 ne
2534 1081 2691 1162 quis
2720 1100 2882 1146 curn
2914 1100 3059 1146 mu-

583 1187 878 1250 neribus
919 1187 1010 1250 ad
1049 1188 1244 1267 ipsos
1275 1187 1679 1266 accederet,
1713 1189 1976 1269 alioqui
2006 1189 2324 1268 graviter
2366 1188 2457 1251 ad
2498 1189 2799 1252 aliorum
2829 1207 3059 1252 exem·

586 1295 786 1373 *plum
840 1294 1280 1373 puniendus:
1345 1312 1432 1358 ne
1500 1296 1657 1375 quis
1717 1295 1929 1359 etiam
1986 1295 2362 1375 religiosus
2420 1296 2876 1384 praedicare,
2937 1306 3060 1359 aut

591 1400 870 1479 publice
900 1402 1017 1463 vel
1045 1402 1382 1481 privatim
1410 1401 1866 1482 interpretari
1898 1403 2289 1482 scripturas
2322 1399 2636 1483 [posset],
2670 1391 2812 1465 nisi
2840 1403 2930 1466 ab
2960 1404 3057 1483 ip-

581 1507 692 1570 sis
717 1507 1174 1588 approbatus;
1203 1509 1638 1588 irrepserant
1662 1509 1849 1572 enim
1880 1510 2026 1589 lupi
2056 1510 2185 1572 sub
2216 1509 2641 1573 vestimento
2673 1510 2912 1573 ovium
2937 1511 3058 1591 qui

587 1615 928 1694 populum
967 1616 1038 1677 in
1079 1632 1360 1678 errores
1389 1616 1844 1679 inducebant:
1896 1627 1967 1679 ut
2012 1617 2354 1679 haeretici
2384 1617 2982 1680 denunciarentur
3013 1635 3055 1679 a

582 1739 1068 1802 quocumque,
1102 1723 1223 1802 qui
1261 1723 1583 1785 notitiam
1615 1741 1858 1786 eorum
1890 1725 2212 1787 haberet:
2246 1733 2322 1786 ut
2351 1724 2539 1788 intra
2568 1723 2879 1787 triduum
2908 1734 3055 1787 tam

581 1829 1055 1892 ecclesiastici
1095 1839 1165 1892 et
1203 1830 1516 1908 religiosi
1545 1849 1757 1911 quam
1788 1832 1951 1894 laici
1981 1831 2415 1894 concubinas
2444 1832 2952 1911 relinquerent,
2986 1841 3056 1895 et

591 1936 713 2016 qui
762 1937 940 2000 duas
989 1953 1251 2000 uxores
1302 1947 1420 2000 aut
1477 1938 1653 2000 duos
1711 1939 2005 2002 maritos
2054 1938 2261 2000 simul
2310 1939 2636 2001 viventes
2684 1938 3050 2013 haberent,

581 2061 754 2107 cum
789 2045 1028 2124 priore
1056 2045 1441 2123 manendO,
1491 2044 1879 2108 secundum
1906 2045 2388 2124 repudiarent:
2434 2045 2555 2126 qui
2596 2045 2669 2107 in
2712 2045 3053 2124 gradibus

591 2151 968 2231 prohibitis
997 2151 1446 2214 matrimonia
1480 2162 2022 2228 contraxerant,
2072 2152 2257 2215 intra
2302 2151 2605 2215 triduum
2646 2153 2905 2215 lectum
2948 2170 3050 2215 se·

589 2267 968 2339 pararent,
1023 2257 1492 2337 significando
1545 2258 1733 2338 quod
1782 2259 1901 2338 qui
1953 2259 2476 2322 contraxissent
2519 2260 2590 2321 in
2630 2269 2907 2339 quart0,
2963 2261 3054 2323 ab

587 2365 764 2445 ipsis
792 2364 1190 2445 dispensari
1220 2373 1572 2444 poterant:
1606 2375 1681 2428 ut
1711 2365 1957 2428 omnes
1988 2367 2280 2446 parochi
2310 2368 2425 2428 vel
2453 2365 2876 2444 residerent,
2911 2367 3049 2446 vel,

585 2471 654 2534 si
699 2471 834 2551 ipsi
876 2471 1098 2550 inepti
1139 2482 1376 2535 essent
1421 2472 1510 2534 ad
1551 2489 1798 2534 curam
1827 2473 2225 2535 animarum
2263 2491 2387 2553 per
2432 2491 2509 2536 se
2552 2473 3048 2552 exercendam,

591 2595 722 2640 suo
779 2579 938 2640 loco
995 2579 1442 2657 capellanum
1507 2578 1992 2658 coadjutorem
2050 2580 2589 2643 constituerent:
2648 2588 2725 2642 ut
2780 2580 3053 2644 dirutas

583 2686 936 2748 ecclesias
964 2693 1418 2764 repararent:
1465 2696 1542 2748 ut
1584 2686 1888 2748 usurarii
1933 2686 2193 2766 publici
2238 2687 2423 2749 intra
2469 2686 2779 2750 triduum
2811 2704 3053 2750 usura-

591 2793 738 2855 rios
788 2802 1200 2856 contractus
1248 2791 1734 2855 rescinderent
1785 2803 1853 2855 et
1904 2794 2421 2858 restitutionem
2469 2794 2917 2857 inchoarent:
2980 2803 3055 2857 ut

590 2909 962 2980 apostatae
1007 2918 1048 2962 a
1097 2900 1352 2980 quavis
1379 2900 1723 2978 religione
1751 2900 1937 2963 intra
1969 2901 2280 2964 triduum
2323 2901 2416 2963 ad
2458 2917 2585 2964 sua
2624 2901 3057 2964 monasteria

591 3007 940 3071 redirent:
977 3007 1097 3088 qui
1128 3007 1200 3070 in
1222 3008 1566 3088 paschate
1590 3006 1899 3070 confessi
1922 3026 2066 3071 non
2088 3008 2385 3071 fuissent
2409 3017 2477 3070 et
2504 3006 2519 3038 ¹
2547 3009 3057 3072 communicas-

585 3123 774 3190 sent,
807 3113 993 3176 intra
1025 3123 1186 3176 octo
1217 3114 1368 3177 dies
1399 3113 1467 3176 id
1497 3112 1846 3192 facerent,
1882 3132 2057 3194 pace
2088 3133 2251 3178 cum
2282 3114 2585 3178 inimicis
2614 3114 2804 3178 sacta
2834 3116 2894 3178 si
2922 3115 3058 3178 dis-

593 3219 936 3283 siderent:
991 3229 1067 3282 ut
1118 3221 1452 3283 monachi
1501 3221 1674 3300 vagi
1723 3221 1875 3284 sine
1926 3222 2323 3285 obedientia
2370 3223 2558 3286 intra
2610 3222 2919 3285 triduum
2969 3223 3061 3287 ad

587 3326 1072 3390 obedientiam
1115 3328 1461 3390 redirent:
1507 3338 1586 3390 ut
1630 3330 1863 3392 nullus
1902 3329 2295 3392 sacerdotis
2339 3339 2461 3392 aut
2502 3329 2835 3392 monachi
2878 3328 3061 3393 filius

591 3433 686 3496 ad
726 3434 950 3496 altare
993 3434 1366 3497 accederet
1413 3435 1582 3497 dum
1626 3435 2154 3498 celebrarentur
2185 3436 2425 3498 divina
2472 3435 2731 3514 officia,
2784 3453 2915 3499 nec
2958 3455 3060 3500 re·

589 3540 948 3620 spondere
991 3539 1229 3603 Missis
1270 3541 1342 3603 in
1387 3542 1690 3605 ecclesia
1719 3552 2043 3622 possent:
2076 3553 2155 3606 ut
2185 3560 2429 3606 omnes
2458 3543 2869 3607 sacerdotes
2903 3543 3065 3606 Mis·

589 3664 751 3710 sam
786 3645 994 3726 Juxta
1036 3648 1560 3727 praescriptum
1597 3649 1919 3712 ordinem
1957 3649 2301 3712 ecclesiae
2342 3648 2686 3727 dicerent,
2734 3649 2905 3713 nihil
2949 3651 3064 3714 ad-

592 3753 830 3816 dendo
879 3755 996 3816 vel
1047 3755 1517 3818 immutando:
1561 3773 1648 3818 ne
1696 3754 1990 3818 Missam
2041 3757 2411 3837 quisquam
2462 3757 2728 3820 vendat
2780 3768 2899 3819 aut
2949 3775 3066 3820 res

595 3877 845 3923 sacras
897 3870 1020 3923 aut
1070 3860 1410 3925 beneficia
1455 3863 1979 3926 ecclesiastica:
2032 3880 2121 3926 ne
2172 3865 2575 3943 sepulturae
2618 3864 3067 3927 traderentur

589 3985 844 4031 eorum
884 3985 1217 4048 corpora,
1263 3969 1385 4048 qui
1431 3970 1606 4032 ritus
1647 3971 2023 4048 gentilicos
2066 3971 2543 4033 observabant
2579 3971 2648 4033 in
2694 3970 2969 4050 capillis
2998 3981 3067 4035 et

597 4075 804 4154 genis
849 4075 1228 4138 laniandis:
1286 4085 1364 4138 ut
1413 4075 1956 4140 sanctissimum
2009 4076 2548 4141 Sacramentum
2594 4078 2664 4140 in
2715 4079 3067 4142 honorato

601 4181 1062 4246 tabernaculo
1114 4183 1186 4245 in
1226 4184 1486 4263 quavis
1544 4185 1846 4248 ecclesia
1894 4183 2491 4266 [asservaretur]:
2546 4204 2637 4248 ne
2677 4186 2834 4265 quis
2887 4187 3069 4249 blas-

597 4289 903 4369 phemiis
933 4299 1056 4352 aut
1078 4290 1681 4354 incantationibus
1707 4301 2022 4354 uteretur
2053 4291 2139 4370 ’.η

717 4396 820 4458 54.
908 4396 1255 4475 Quamvis
1283 4397 1524 4477 itaque
1558 4399 1795 4461 omnia
1819 4398 2021 4462 bellis
2053 4408 2288 4462 essent
2317 4401 2729 4479 perturbata
2759 4410 2829 4464 et
2860 4399 3066 4465 Corsi

883 4541 1020 4548 -.————·

681 4601 698 4633 ¹
759 4601 972 4645 Rectius
995 4614 1105 4647 nec.

681 4673 706 4705 θ
759 4673 1026 4728 Integrnm
1056 4674 1152 4718 hoc
1183 4675 1408 4719 edietum
1438 4687 1540 4719 una
1571 4687 1687 4720 cum
1719 4677 1836 4720 aliis
1868 4679 2213 4722 monumentis
2245 4679 2311 4722 ad
2347 4679 2403 4721 P.
2436 4679 2747 4722 Silvestrum
2778 4678 3069 4723 Landinum

603 4747 979 4799 ammantibus,
1002 4747 1136 4790 inira
1155 4747 1220 4790 ad
1243 4748 1396 4802 hujus
1415 4748 1692 4791 voluminis
1712 4750 1911 4792 calcem
1933 4749 1981 4792 in
2004 4750 2303 4803 Appendice
2334 4750 2707 4794 exhibebimus.
