3742 5392
681 462 796 525 m
1606 470 1862 533 Canon.
1906 470 2060 530 Soc.
2098 470 2240 545 Jns.

699 610 1143 677 stitutionum
1191 616 1760 696 promulgatione
1807 616 2102 679 animati
2158 626 2227 681 et
2279 616 2347 679 in
2390 616 2643 696 spiritu
2672 616 2977 697 promoti
3012 616 3195 680 ine-³·

692 728 879 782 runt.

807 822 950 889 879.
1037 824 1318 893 Nullum
1346 829 1484 893 hoc
1513 846 1704 893 anno
1735 831 2313 895 concionatorem
2336 830 2581 893 habuit
2602 828 2923 893 Societas
2950 828 3172 893 Com--

693 932 893 1013 piuti,
939 935 1062 1014 qui
1118 935 1462 1001 resideret
1505 946 1628 1000 aut
1683 936 1758 1000 in
1793 936 1933 1001 hoc
1980 936 2373 1001 ministerio
2414 936 2535 1000 diu
2572 945 3065 1016 perseveraret
3108 934 3151 1009 ’ς

697 1039 1155 1107 nihilominus
1181 1041 1259 1107 P.
1292 1042 1711 1107 Emmanuel
1751 1043 2219 1109 christianam
2245 1045 2641 1109 doctrinam
2670 1043 3073 1124 explicabat
3102 1041 3149 1119 ³,

689 1152 762 1213 et
786 1157 936 1213 tam
963 1150 1167 1213 multi
1189 1151 1284 1214 ad
1311 1169 1471 1215 eam
1499 1150 1927 1216 audiendam
1956 1151 2427 1227 confluebant,
2458 1160 2537 1214 ut
2567 1151 2769 1214 multi
2792 1129 3174 1213 auditores.

697 1256 894 1321 viam
943 1257 1157 1322 etiam
1205 1258 1560 1338 publicam
1611 1268 1776 1323 ante
1827 1257 2071 1339 templi
2117 1266 2399 1339 portam
2435 1258 2623 1321 bona
2662 1274 2753 1321 ex
2793 1264 2998 1337 parte
3046 1272 3149 1319 re·

695 1364 994 1442 plerent.

813 1469 956 1535 880.
1043 1472 1362 1537 Venerat
1409 1482 1481 1536 et
1533 1472 1613 1535 P.
1665 1472 2052 1537 Vinanova
2102 1472 2311 1537 simul
2360 1490 2520 1536 cum
2571 1468 2647 1535 P.
2700 1470 2958 1547 Natali,
3011 1486 3151 1549 quo

695 1580 1011 1659 absente,
1045 1578 1121 1643 P.
1157 1579 1575 1644 Emmanuel
1603 1589 1873 1661 septem
1912 1580 2381 1643 scholasticos
2408 1598 2499 1643 ex
2536 1578 2821 1660 optimis
2848 1576 3173 1657 ingeniis.

694 1683 852 1765 eJus
899 1684 1403 1750 Universitatis
1447 1685 1833 1749 admiserat
1884 1685 2081 1750 hisce
2127 1686 2415 1751 diebus:
2464 1695 2669 1749 erant
2718 1696 2957 1748 autem
3006 1694 3151 1747 tam

696 1793 920 1871 multi,
953 1793 1074 1873 qui
1100 1810 1178 1856 se
1205 1791 1487 1856 admitti
1514 1793 1868 1874 petebant,
1902 1801 1977 1856 ut
2006 1794 2319 1857 delectus
2358 1793 2666 1857 maxime
2703 1802 3031 1872 aptorum
3060 1790 3151 1853 ad

707 1908 1026 1963 nostrum
1058 1900 1477 1977 institutum,
1510 1900 1670 1963 aliis
1696 1900 1985 1975 relictiS,
2018 1900 2383 1964 habendus
2412 1908 2627 1977 esset;
2658 1908 2729 1962 et
2758 1898 2857 1961 ita
2884 1897 3005 1978 qui
3034 1896 3151 1960 ad·

703 2006 1164 2070 mittebantur
1192 2024 1282 2070 ex
1311 2006 1792 2071 selectissimis
1822 2005 1976 2087 ejus
2003 2007 2509 2071 Universitatis
2535 2014 2741 2069 erant
2768 2002 2815 2069 ⁸.

812 2110 957 2177 881.
1045 2112 1210 2177 Post
1240 2130 1600 2177 recessum
1631 2110 1707 2176 P.
1734 2112 2033 2191 NataliS‚
2060 2115 2178 2195 qui
2201 2131 2515 2177 mensem
2539 2130 2759 2176 unum
2776 2111 2926 2175 fere
2948 2110 3169 2175 Com·-

705 2218 878 2298 pluti
931 2218 1192 2299 exegit,
1245 2228 1314 2283 et
1361 2220 1590 2301 prima
1640 2219 1881 2285 Martii
1932 2218 2422 2284 Vallisoletum
2472 2219 2601 2284 ivit
2648 2216 2693 2299 ⁴,
2740 2219 2955 2283 etiam
3000 2218 3152 2297 ipse

706 2325 785 2389 P.
818 2324 1204 2389 Villanova
1237 2325 1634 2405 Concham,
1668 2344 1807 2407 qua
1845 2328 1919 2391 in
1959 2327 2249 2391 civitate
2284 2326 2415 2391 Dr.
2461 2326 2795 2405 Vergara
2836 2322 2859 2355 ³
2896 2324 3153 2389 reside·

703 2432 846 2509 bat,
881 2432 972 2495 ad
1001 2448 1160 2495 eum
1191 2432 1636 2497 invisendum
1667 2450 1745 2496 se
1773 2434 2093 2497 contulit.
2125 2432 2249 2497 Ille
2274 2443 2511 2497 autem
2552 2434 2764 2515 paulo
2792 2439 2959 2495 ante
2986 2430 3175 2495 scri—-

621 2583 634 2597 .
701 2548 944 2618 pserat
971 2536 1049 2601 P.
1076 2539 1376 2619 IgnatiO,
1409 2538 1596 2620 quod
1617 2540 2069 2604 vocationem
2099 2539 2234 2605 Dei
2254 2540 2707 2605 existimabat
2734 2550 2810 2602 ut
2838 2548 3159 2603 maneret

697 2644 1052 2727 Compluti
1082 2645 1160 2710 P.
1191 2646 1611 2725 Villanova,
1645 2654 1752 2725 ut,
1788 2665 1926 2727 quo
1970 2656 2263 2711 auctore
2302 2646 2680 2727 collegium
2718 2646 2888 2709 illud
2922 2645 3156 2709 fuerat

701 2753 1120 2833 institutum,
1153 2763 1508 2817 cresceret
1535 2764 1608 2817 et
1629 2754 1911 2817 radices
1940 2763 2210 2833 ageret;
2234 2762 2304 2817 et
2330 2771 2475 2817 non
2496 2754 2729 2817 minus
2758 2752 3155 2817 habendam

701 2876 857 2923 esse
885 2869 1209 2924 veterum
1239 2859 1694 2925 fundatorum
1734 2860 2083 2925 rationem
2123 2861 2486 2940 censebat,
2530 2878 2743 2941 quam
2778 2875 3174 2935 novorum,.

697 2967 789 3031 ad
817 2985 996 3049 quos
1024 2968 1398 3048 Compluto
1430 2967 1543 3031 ille
1574 2968 2011 3032 evocabatur
2038 2964 2083 3032 ⁸.

784 3138 800 3169 ¹
868 3136 1003 3189 “Que
1021 3138 1156 3181 seria
1177 3138 1501 3193 provechoso
1521 3148 1588 3181 un
1607 3138 1914 3193 predicador
1936 3149 1997 3182 en
2020 3138 2209 3183 Alesia
2228 3149 2283 3182 ee
2304 3140 2443 3182 tiene
2471 3148 2567 3192 por
2598 3138 2762 3181 eierto
2782 3150 2817 3193 y
2837 3135 3065 3181 tambien
3094 3146 3157 3179 en

712 3214 859 3253 otras
875 3216 1069 3262 penes:
1089 3220 1212 3263 pero
1234 3214 1435 3253 cortone
1458 3210 1540 3254 dei
1572 3212 1724 3264 peno.
1759 3221 1855 3264 que
1891 3210 2015 3267 hay.
2043 3211 2093 3254 io
2122 3210 2287 3265 mejor
2307 3221 2405 3264 que
2426 3220 2481 3253 ee
2500 3209 2761 3264 patuere...
2788 3208 3058 3261 Polaticus,
3092 3218 3159 3251 ex

708 3291 860 3332 com„
889 3280 1036 3325 Patri
1057 3280 1374 3338 Hieronymo
1393 3280 1560 3326 Nadai
1581 3281 1636 3325 23
1652 3280 1774 3335 Juiii
1797 3282 1915 3327 155⁴.

769 3352 794 3383 ί
861 3350 995 3395 Vide
1016 3361 1192 3406 supra.
1214 3359 1252 3397 t.
1274 3362 1351 3402 m.
1371 3364 1493 3407 pag.
1511 3352 1609 3405 827.
1629 3364 1678 3397 n.
1694 3352 1793 3396 730.

771 3422 797 3453 ⁸
859 3420 1148 3477 sequentes
1179 3434 1289 3476 εει,
1312 3422 1570 3479 Compluti
1591 3424 1844 3469 admissos
1865 3425 1963 3468 hoc
1984 3435 2119 3469 anno
2140 3426 2261 3475 1554.
2281 3430 2551 3469 enumerat
2585 3422 2640 3467 P.
2666 3423 2865 3467 Cesrno
2882 3456 2893 3477 ,
2915 3423 3161 3467 Historia

708 3495 796 3539 del
817 3494 1022 3546 eolesio
1042 3496 1109 3539 de
1133 3495 1338 3546 Alcald.
1361 3496 1447 3539 lib.
1469 3508 1522 3547 v,
1544 3506 1658 3549 cap.
1677 3497 1704 3540 9
1729 3503 1781 3540 et
1805 3496 1873 3539 10.

783 3567 845 3610 Ρ.
869 3566 1188 3611 Ludovicum
1210 3564 1523 3611 Santander.
1543 3566 1727 3611 Eritne
1753 3568 1838 3611 hic
1869 3568 2001 3611 *lius
2022 3578 2053 3611 a
2073 3567 2133 3611 P.
2160 3567 2427 3611 Ludovico
2448 3566 2755 3615 Sautander.
2783 3578 2933 3621 quem
2965 3568 3161 3612 concio-

705 3644 911 3685 nantem
930 3638 1041 3694 jam
1060 3649 1080 3677 x
1098 3638 1282 3683 idimus
1305 3637 1538 3683 Gandiae
1559 3646 1609 3683 et
1631 3638 1686 3683 Se
1697 3639 1963 3695 gobricae,
1984 3651 2159 3694 supra.
2180 3652 2227 3685 u.
2249 3640 2332 3683 730
2349 3648 2402 3683 et
2416 3640 2519 3683 793?

782 3710 871 3755 Fr.
893 3710 1143 3763 joannem
1165 3709 1420 3761 Mariana,
1439 3712 1501 3755 de
1517 3723 1616 3765 quo
1637 3712 1755 3755 vide
1773 3723 1951 3767 supra,
1972 3723 2093 3766 pag.
2113 3712 2211 3763 407,
2245 3724 2294 3757 n.
2314 3711 2411 3763 877.
2430 3718 2604 3756 annot.
2622 3712 2667 3755 ⁸.

786 3782 882 3827 Fr.
903 3782 1189 3827 Antonium
1225 3780 1477 3833 Sunt-hez.
1508 3782 1788 3827 Ductorem
1822 3790 1875 3827 et
1905 3784 2248 3836 sacen-doum.
2282 3790 2463 3827 natum
2489 3784 2539 3826 in
2559 3782 2814 3838 Villarejo
2834 3783 2897 3825 de
2918 3782 3163 3835 Fuemee.

707 3864 959 3897 annorum
981 3852 1201 3906 triginta
1224 3852 1398 3897 trium.
1419 3852 1552 3897 Vide
1572 3853 1726 3898 inira.
1740 3865 1790 3898 n.
1807 3854 1906 3898 886.

781 3924 868 3968 Fr.
892 3924 1212 3980 Alphonsum
1235 3924 1296 3969 de
1318 3924 1602 3979 Sanaos-al,
1622 3937 1873 3971 annorum
1900 3926 2285 3981 septemdecim.

784 3996 874 4041 Fr.
900 3997 1158 4041 Alvarum
1182 3997 1244 4042 de
1275 3997 1712 4052 Orive‚annorum
1737 3998 1912 4042 decem
1936 4005 1988 4042 et
2004 4006 2139 4043 octo.

773 4068 874 4113 Fr.¹
925 4068 1178 4113 Didacum
1211 4068 1432 4121 Xuarez.
1459 4070 1650 4114 artium
1687 4070 1995 4123 magistrum
2014 4102 2025 4122 .
2060 4070 2121 4113 de
2163 4081 2262 4126 quo
2304 4071 2413 4127 jam
2440 4081 2601 4124 supra
2616 4103 2628 4121 .
2672 4082 2793 4126 pag.
2828 4070 2931 4123 ⁴07.
2976 4082 3027 4117 n.
3061 4072 3158 4125 877,

691 4147 868 4186 annot.
895 4140 946 4187 ³.

791 4210 879 4263 Hi.
899 4211 1089 4267 aliique
1109 4213 1302 4267 plures,
1321 4212 1460 4257 intre
1482 4218 1646 4257 totum
1666 4214 1800 4257 hune
1821 4224 2011 4257 annum
2031 4212 2241 4257 admissi
2262 4222 2398 4257 eunt.
2419 4211 2517 4257 Sed
2539 4212 3055 4257 animadvertendum
3080 4224 3159 4258 eet

705 4296 742 4329 ι
761 4284 822 4329 Ρ(
835 4294 1000 4329 unco
1021 4285 1267 4337 distingui
1289 4295 1379 4329 eos
1397 4286 1501 4339 qui,
1519 4286 1735 4330 absente
1751 4284 1808 4329 P.
1829 4284 2134 4337 villanova,
2153 4286 2251 4329 hoc
2270 4292 2351 4329 est
2371 4296 2403 4329 a
2421 4296 2593 4329 mense
2620 4284 2830 4329 Octobri
2853 4284 2958 4329 1553
2976 4285 3043 4330 ad
3069 4285 3163 4329 ini·

704 4362 727 4400 t
747 4357 848 4400 ium
871 4354 1144 4401 Februarii
1171 4356 1290 4399 1554.
1307 4356 1374 4399 ab
1394 4355 1486 4405 eie.
1507 4355 1594 4409 qui
1623 4356 1959 4411 sequentibus
1992 4356 2145 4410 nujus
2173 4354 2293 4400 anni
2324 4354 2584 4399 mensibus
2609 4355 2825 4400 admissi
2841 4364 2981 4407 sunt.
2998 4354 3161 4409 deque

697 4427 820 4471 iilis
839 4438 924 4481 agn
949 4427 1046 4471 boc
1067 4438 1116 4471 n.
1136 4426 1234 4481 880,
1255 4426 1317 4470 de
1339 4426 1423 4470 hie
1441 4436 1570 4470 vero
1591 4426 1744 4480 infra.
1763 4438 1814 4471 n.
1831 4427 1929 4471 88⁶.

787 4500 814 4533 ⁴
868 4500 1002 4544 Vide
1026 4499 1177 4550 infre.
1199 4510 1246 4543 u.
1263 4498 1360 4543 905.

781 4571 805 4605 ⁸
859 4572 1162 4625 Alpheum:
1181 4570 1423 4615 Ramirez
1445 4571 1509 4614 de
1531 4568 1793 4624 vergara.
1809 4570 1873 4613 de
1896 4581 1994 4625 quo
2013 4571 2222 4624 saepius
2234 4570 2343 4625 jam
2364 4571 2557 4614 mentio
2576 4569 2719 4613 sacta
2738 4576 2819 4614 eet
2840 4576 2893 4613 et
2913 4568 3019 4614 liet.

778 4642 805 4677 ⁸
859 4643 1106 4689 Doctorie
1137 4640 1381 4697 vergere
1411 4642 1480 4687 ed
1513 4640 1774 4697 Igu-tium
1811 4642 2023 4686 litterae
2050 4641 2210 4686 datae
2245 4648 2365 4685 eunt
2397 4640 2467 4685 1·
2498 4640 2675 4686 Martii
2702 4641 2857 4696 hujus
2885 4642 3008 4685 anni
3038 4640 3157 4683 1554.

713 4714 908 4769 ignatii
927 4724 1229 4769 responsum
1249 4713 1413 4758 habes
1435 4713 1486 4755 in
1509 4712 1699 4757 Carens
1713 4714 1780 4756 dc·
1799 4712 1909 4756 San
1925 4712 2160 4767 Ignacio,
2180 4718 2215 4757 t.
2234 4724 2308 4766 xv,
2330 4722 2450 4767 pez.
2470 4712 2561 4757 19⁴:
2580 4713 2671 4757 sed
2689 4712 3051 4757 animadverte
3066 4722 3166 4765 per
